identifier,produitEan13,capacite,marque,libelle,conditionnement,prix,unitPrice,volume,typeProduit_uniteByCode,unit_value,pictogrammes_0,pictogrammes_libelleCategorie,images_0,images_1,images_2,images_3,avantages_dateFin,avantages_categorie,nro_paginas,page
399,8712566365135,30.0,Lipton,20 saquetas infusão de cidreira e mel,Embalagem de 30g,2.09,69.67,0,kg,€/Kg,,,https://driveimg1.intermarche.com/pt/Content/images/boitmal/produit/zoom/03D11659F543198FA8E5E1FD052E5149.jpg,,,,2024-11-20T23:59:59.999999999Z,PROSPECTUS,10,1
438,8722700140139,20.0,Lipton,20 saquetas infusão de cidreira,Embalagem de 20g,1.49,74.5,0,kg,€/Kg,,,https://driveimg1.intermarche.com/pt/Content/images/boitmal/produit/zoom/5BD4BD05824B7246D1659F44FE1CD00E.jpg,,,,2024-11-20T23:59:59.999999999Z,PROSPECTUS,10,1
483,3033710046645,400.0,Nestlé,Fruta para bebé maçã manga +6 meses,Embalagem de 4 x 100 g,2.44,6.1,0,kg,€/Kg,,,https://driveimg1.intermarche.com/pt/Content/images/boitmal/produit/zoom/8AD438F18F11DF979185478037DDFD24.jpg,,,,2024-11-20T23:59:59.999999999Z,PROSPECTUS,10,1
486,3036810207589,210.0,Maille,Mostarda ancienne,Embalagem de 210g,3.19,15.19,0,kg,€/Kg,,,https://driveimg1.intermarche.com/pt/Content/images/boitmal/produit/zoom/3F5A694D469A59658267DB07BC3AF0F4.jpg,https://driveimg1.intermarche.com/pt/Content/images/boitmal/produit/zoom/284EA0283DB9A2BF80F56C4DF343C743.jpg,https://driveimg1.intermarche.com/pt/Content/images/boitmal/produit/zoom/284EA0283DB9A2BF80F56C4DF343C743.jpg,,2024-11-20T23:59:59.999999999Z,PROSPECTUS,10,1
511,3046920028363,100.0,Lindt,"Tablete de chocolate excellence, 85% cacau",Embalagem de 100g,2.45,24.5,0,kg,€/Kg,,,https://driveimg1.intermarche.com/pt/Content/images/boitmal/produit/zoom/05B4E950A6290D86B9B96B210C726A38.jpg,,,,2024-11-20T23:59:59.999999999Z,PROSPECTUS,10,1
543,3228881083241,30.0,Lipton,20 saquetas chá digestão fácil,Embalagem de 30g,2.09,69.67,0,kg,€/Kg,,,https://driveimg1.intermarche.com/pt/Content/images/boitmal/produit/zoom/28A1713A439B692F2535F37C60AAED17.jpg,,,,2024-11-20T23:59:59.999999999Z,PROSPECTUS,10,1
544,3228881083326,30.0,Lipton,20 saquetas chá noite tranquila,Embalagem de 30g,2.09,69.67,0,kg,€/Kg,,,https://driveimg1.intermarche.com/pt/Content/images/boitmal/produit/zoom/4B6373E8CCC5E41A695E3EDADC8DBB53.jpg,,,,2024-11-20T23:59:59.999999999Z,PROSPECTUS,10,1
766,4005500030263,400.0,Yogolino,Nestle iogolino prep iog alperce 100g,Embalagem de 400g,2.24,5.6,0,kg,€/Kg,,,https://driveimg1.intermarche.com/pt/Content/images/boitmal/produit/zoom/6D6E12ECE7BCBC227655E00D22A8E5B5.jpg,,,,2024-11-20T23:59:59.999999999Z,PROSPECTUS,10,1
767,4005500030287,400.0,Yogolino,Nestle iogolino prep iog banana 100g,Embalagem de 400g,2.24,5.6,0,kg,€/Kg,,,https://driveimg1.intermarche.com/pt/Content/images/boitmal/produit/zoom/3D8E32B0B25B565E3618BD3D531AD8AC.jpg,,,,2024-11-20T23:59:59.999999999Z,PROSPECTUS,10,1
768,4005500030300,400.0,Yogolino,Nestle iogolino prep iog morango 100g,Embalagem de 400g,2.24,5.6,0,kg,€/Kg,,,https://driveimg1.intermarche.com/pt/Content/images/boitmal/produit/zoom/74338F0422E4872B709E9AAF722C255D.jpg,,,,2024-11-20T23:59:59.999999999Z,PROSPECTUS,10,1
828,5000157073006,150.0,Heinz,Molho de soja,Garrafa de 150 ml,2.64,17.6,150,L,€/L,,,https://driveimg1.intermarche.com/pt/Content/images/boitmal/produit/zoom/07CA95A6056AF3D3F6F02C6C71A8DC3C.jpg,,,,2024-11-20T23:59:59.999999999Z,PROSPECTUS,10,1
848,5000189974579,200.0,Kit Kat,Chocolate mini,Embalagem de 200g,3.09,15.45,0,kg,€/Kg,,,https://driveimg1.intermarche.com/pt/Content/images/boitmal/produit/zoom/33F684DC544CDCED4E93A337A33052D5.jpg,,,,2024-11-20T23:59:59.999999999Z,PROSPECTUS,10,1
858,5010394984669,200.0,Whiskas,Leite para gatos,Garrafa de 200 ml,1.94,9.7,200,L,€/L,,,https://driveimg1.intermarche.com/pt/Content/images/boitmal/produit/zoom/75BBA2783EC432AF7D44E46BF1F3211F.jpg,,,,2024-11-20T23:59:59.999999999Z,PROSPECTUS,10,1
929,5601001187803,630.0,Nestlé,Cereais chocapic,Embalagem de 630g,3.49,5.54,0,kg,€/Kg,,,https://driveimg1.intermarche.com/pt/Content/images/boitmal/produit/zoom/24F5DB132F7E18A7786689AD5CB8DB19.jpg,,,,2024-11-20T23:59:59.999999999Z,PROSPECTUS,10,1
944,5601001339301,200.0,Nestlé,Mistura solúvel mokambo,Embalagem de 200g,3.99,19.95,0,kg,€/Kg,,,https://driveimg1.intermarche.com/pt/Content/images/boitmal/produit/zoom/A8F3A8EB08BBF4181F15A95334F151A2.jpg,,,,2024-11-20T23:59:59.999999999Z,PROSPECTUS,10,1
947,5601001355905,200.0,Nestlé,Mistura solúvel brasa,Embalagem de 200g,2.44,12.2,0,kg,€/Kg,,,https://driveimg1.intermarche.com/pt/Content/images/boitmal/produit/zoom/6981E67BBCF9FFC80CE2C5DE99454533.jpg,,,,2024-11-20T23:59:59.999999999Z,PROSPECTUS,10,1
951,5601010131217,120.0,Ramirez,Atum posta em óleo,Embalagem de 120g,1.16,9.67,0,kg,€/Kg,,,https://driveimg1.intermarche.com/pt/Content/images/boitmal/produit/zoom/5BE3B05F210FF0425C989109F8B84C66.jpg,,,,2024-11-20T23:59:59.999999999Z,PROSPECTUS,10,1
980,5601024134488,750.0,Oliveira da Serra,Azeite virgem extra clássico,Embalagem de 750 ml,8.19,10.92,750,L,€/L,,,https://driveimg1.intermarche.com/pt/Content/images/boitmal/produit/zoom/01EF39EFE8396CC9ACA95DC25E9D3412.jpg,,,,2024-11-20T23:59:59.999999999Z,PROSPECTUS,10,1
986,5601029001273,120.0,Pitéu,Lulas recheadas,Embalagem de 120g,2.16,18.0,0,kg,€/Kg,,,https://driveimg1.intermarche.com/pt/Content/images/boitmal/produit/zoom/ABAC76CDC184DED7BCD596F8B9057231.jpg,,,,2024-11-20T23:59:59.999999999Z,PROSPECTUS,10,1
1011,5601043111019,1000.0,Branca de neve,Farinha para bolos fina,Embalagem de 1 kg,1.49,1.49,0,kg,€/Kg,,,https://driveimg1.intermarche.com/pt/Content/images/boitmal/produit/zoom/1DCCFF4DF3445A90940BB809AEC25931.jpg,,,,2024-11-20T23:59:59.999999999Z,PROSPECTUS,10,1
1012,5601043111026,1000.0,Branca de neve,Farinha para bolos super fina,Embalagem de 1 kg,1.79,1.79,0,kg,€/Kg,,,https://driveimg1.intermarche.com/pt/Content/images/boitmal/produit/zoom/69E1C041AAF495A8CA3A356AFD6DE7DA.jpg,,,,2024-11-20T23:59:59.999999999Z,PROSPECTUS,10,1
1020,5601043114003,440.0,Branca de neve,Preparado para pão de ló,Embalagem de 440g,2.89,6.57,0,kg,€/Kg,,,https://driveimg1.intermarche.com/pt/Content/images/boitmal/produit/zoom/4EEB7C8E98E395C517BB530F45DBA348.jpg,,,,2024-11-20T23:59:59.999999999Z,PROSPECTUS,10,1
1021,5601043114010,450.0,Branca de neve,Preparo para bolo de chocolate,Embalagem de 450g,2.89,6.42,0,kg,€/Kg,,,https://driveimg1.intermarche.com/pt/Content/images/boitmal/produit/zoom/066A1978D0BED65BBA1EAB003F6EB1F1.jpg,,,,2024-11-20T23:59:59.999999999Z,PROSPECTUS,10,1
1023,5601043114041,380.0,Branca de neve,Preparado para crepes,Embalagem de 380g,2.89,7.61,0,kg,€/Kg,,,https://driveimg1.intermarche.com/pt/Content/images/boitmal/produit/zoom/53F69B62EDD104E03F0AF77F6085AF00.jpg,,,,2024-11-20T23:59:59.999999999Z,PROSPECTUS,10,1
1135,5601082022758,250.0,Delta,Café torrado lote chávena máquina,Embalagem de 250g,2.79,11.16,0,kg,€/Kg,,,https://driveimg1.intermarche.com/pt/Content/images/boitmal/produit/zoom/CD7C2612036EC6C8F8AE6969B5FDE5AD.jpg,,,,2024-11-20T23:59:59.999999999Z,PROSPECTUS,10,1
1136,5601082022765,250.0,Delta,Café torrado lote chávena saco,Embalagem de 250g,2.79,11.16,0,kg,€/Kg,,,https://driveimg1.intermarche.com/pt/Content/images/boitmal/produit/zoom/0AEF7D0EDAE9B582F5CDCC0D6F5BEB93.jpg,,,,2024-11-20T23:59:59.999999999Z,PROSPECTUS,10,1
1138,5601082022796,250.0,Delta,Café em grão,Embalagem de 250g,2.79,11.16,0,kg,€/Kg,,,https://driveimg1.intermarche.com/pt/Content/images/boitmal/produit/zoom/BA324D27E9E0B51C555781B151251CD4.jpg,,,,2024-11-20T23:59:59.999999999Z,PROSPECTUS,10,1
1140,5601082026909,55.0,Delta Q,Cápsulas de café delta qualidus,Embalagem de 60g,3.29,59.82,0,kg,€/Kg,,,https://driveimg1.intermarche.com/pt/Content/images/boitmal/produit/zoom/D06BDFE4DBAC1FD7F10265262677632F.jpg,,,,2024-11-20T23:59:59.999999999Z,PROSPECTUS,10,1
1141,5601082026930,55.0,Delta Q,Cápsulas de café qharacter,Embalagem de 60g,3.29,59.82,0,kg,€/Kg,,,https://driveimg1.intermarche.com/pt/Content/images/boitmal/produit/zoom/1A71F3C4A9EBBD2C86D1F4FAB26D9C96.jpg,,,,2024-11-20T23:59:59.999999999Z,PROSPECTUS,10,1
1142,5601082026954,55.0,Delta Q,Café em cápsulas  qonvictus,Embalagem de 55 g,3.29,59.82,0,kg,€/Kg,,,https://driveimg1.intermarche.com/pt/Content/images/boitmal/produit/zoom/DC835763E85C4F5B5CFBDA00ACD67E20.jpg,,,,2024-11-20T23:59:59.999999999Z,PROSPECTUS,10,1
1144,5601082026978,55.0,Delta Q,Café em cápsulas aqtivus,Embalagem de 55 g,3.29,59.82,0,kg,€/Kg,,,https://driveimg1.intermarche.com/pt/Content/images/boitmal/produit/zoom/2F6FF35AEBEA3372C65F75DED3D7D4E2.jpg,,,,2024-11-20T23:59:59.999999999Z,PROSPECTUS,10,1
1146,5601082027029,55.0,Delta Q,Café em cápsulas deqafeitatus,Embalagem de 55 g,3.29,59.82,0,kg,€/Kg,,,https://driveimg1.intermarche.com/pt/Content/images/boitmal/produit/zoom/28C52B3A2B5D6D42C3DE921BCC460F79.jpg,,,,2024-11-20T23:59:59.999999999Z,PROSPECTUS,10,1
1149,5601082035024,112.0,Delta,Pastilhas de Café Platinum,Embalagem de 110g,3.29,29.38,0,kg,€/Kg,,,https://driveimg1.intermarche.com/pt/Content/images/boitmal/produit/zoom/A417A3AA61BED026F458D112C5859552.jpg,,,,2024-11-20T23:59:59.999999999Z,PROSPECTUS,10,1
1150,5601082035062,112.0,Delta,Pastilhas café lote chávena,Embalagem de 110g,2.99,26.7,0,kg,€/Kg,,,https://driveimg1.intermarche.com/pt/Content/images/boitmal/produit/zoom/CCE7CD8C1D78756835CBA095C82F61D1.jpg,,,,2024-11-20T23:59:59.999999999Z,PROSPECTUS,10,1
1195,5601119230224,650.0,Nobre,Salsichas extra suculentas,Frasco de 650 g,2.09,3.22,0,kg,€/Kg,,,https://driveimg1.intermarche.com/pt/Content/images/boitmal/produit/zoom/8D9323C0AA785F7D26E063775F0C6C13.jpg,,,,2024-11-20T23:59:59.999999999Z,PROSPECTUS,10,1
1211,5601119945876,250.0,Nobre,"Salsichas wiennerwurt em frasco, 6 un",Embalagem de 250g,2.39,9.56,0,kg,€/Kg,,,https://driveimg1.intermarche.com/pt/Content/images/boitmal/produit/zoom/6D47BEF0FECAD24149F14A228B4BDCD0.jpg,,,,2024-11-20T23:59:59.999999999Z,PROSPECTUS,10,1
1212,5601119950481,420.0,Nobre,Refeição caseira almôndegas,Embalagem de 420g,2.89,6.88,0,kg,€/Kg,,,https://driveimg1.intermarche.com/pt/Content/images/boitmal/produit/zoom/47CB38BAA4CE4E3A9784CEF63DE5F6DC.jpg,,,,2024-11-20T23:59:59.999999999Z,PROSPECTUS,10,1
1213,5601119950498,420.0,Nobre,"Receita caseira de jardineira, 420g",,2.89,6.88,0,kg,€/Kg,,,https://driveimg1.intermarche.com/pt/Content/images/boitmal/produit/zoom/C5B47D9CF40508C723D8F1B6EC7EB44A.jpg,,,,2024-11-20T23:59:59.999999999Z,PROSPECTUS,10,1
1214,5601119950504,420.0,Nobre,"Receita caseira de bolonhesa, 420g",,2.89,6.88,0,kg,€/Kg,,,https://driveimg1.intermarche.com/pt/Content/images/boitmal/produit/zoom/8CC4A829E458CB73CE8F705F388FCA87.jpg,,,,2024-11-20T23:59:59.999999999Z,PROSPECTUS,10,1
1218,5601126039148,1000.0,Sical,Café 5 estrelas grão,Embalagem de 1 kg,10.99,10.99,0,kg,€/Kg,,,https://driveimg1.intermarche.com/pt/Content/images/boitmal/produit/zoom/6A2BA41BEBC17E5544346A0E014389C4.jpg,https://driveimg1.intermarche.com/pt/Content/images/boitmal/produit/zoom/352FFCFAE868D5178905BD9725C43B6E.jpg,,,2024-11-20T23:59:59.999999999Z,PROSPECTUS,10,1
1270,5601151023150,500.0,Compal,Polpa de tomate com cebola e alho,Embalagem de 500g,1.39,2.78,0,kg,€/Kg,,,https://driveimg1.intermarche.com/pt/Content/images/boitmal/produit/zoom/D455823659AE027A7D3A2F64537EA4D9.jpg,,,,2024-11-20T23:59:59.999999999Z,PROSPECTUS,10,1
1272,5601151060254,500.0,Compal,Tomate triturado,Embalagem de 500g,1.39,2.78,0,kg,€/Kg,,,https://driveimg1.intermarche.com/pt/Content/images/boitmal/produit/zoom/8578E2260B46D071F7AECDA37452145B.jpg,,,,2024-11-20T23:59:59.999999999Z,PROSPECTUS,10,1
1293,5601151398104,630.0,Compal,Pack de 3 embalagens de polpa de tomate,Embalagem de 630g,1.49,2.37,0,kg,€/Kg,,,https://driveimg1.intermarche.com/pt/Content/images/boitmal/produit/zoom/2F7BD591A6A78BA4615EC03A19AC4973.jpg,,,,2024-11-20T23:59:59.999999999Z,PROSPECTUS,10,1
1305,5601151862155,500.0,Compal,Polpa de tomate em garrafa,Embalagem de 500g,1.24,2.48,0,kg,€/Kg,,,https://driveimg1.intermarche.com/pt/Content/images/boitmal/produit/zoom/AAB3292CC676B25102611CA57B6FA818.jpg,,,,2024-11-20T23:59:59.999999999Z,PROSPECTUS,10,1
1307,5601151962152,1000.0,Compal,Polpa de tomate em garrafa,Embalagem de 1 kg,2.09,2.09,0,kg,€/Kg,,,https://driveimg1.intermarche.com/pt/Content/images/boitmal/produit/zoom/188D8B739A75F9183E13BB6E462F65B0.jpg,,,,2024-11-20T23:59:59.999999999Z,PROSPECTUS,10,1
1310,5601151979969,140.0,Compal,Compal da horta concentrado tomate,Embalagem de 140g,0.99,7.07,0,kg,€/Kg,,,https://driveimg1.intermarche.com/pt/Content/images/boitmal/produit/zoom/9A5812864404A787E39139B51FC70102.jpg,,,,2024-11-20T23:59:59.999999999Z,PROSPECTUS,10,1
1328,5601165005760,20.0,Lipton,10 saquetas infusão de cidreira,Embalagem de 20g,0.74,37.0,0,kg,€/Kg,,,https://driveimg1.intermarche.com/pt/Content/images/boitmal/produit/zoom/CD0E912EDCBC0F88CCB88A275A3DBF8A.jpg,,,,2024-11-20T23:59:59.999999999Z,PROSPECTUS,10,1
1331,5601165006255,260.0,Calvé,Molho de alho,Embalagem de 260g,1.94,7.46,0,kg,€/Kg,,,https://driveimg1.intermarche.com/pt/Content/images/boitmal/produit/zoom/089B1CAB7287353404366CB7226AD30F.jpg,https://driveimg1.intermarche.com/pt/Content/images/boitmal/produit/zoom/5F13F0DF96776682A865C5AC21E8DB42.jpg,https://driveimg1.intermarche.com/pt/Content/images/boitmal/produit/zoom/5F13F0DF96776682A865C5AC21E8DB42.jpg,https://driveimg1.intermarche.com/pt/Content/images/boitmal/produit/zoom/5F13F0DF96776682A865C5AC21E8DB42.jpg,2024-11-20T23:59:59.999999999Z,PROSPECTUS,10,1
1332,5601165006279,250.0,Calvé,Molho de whisky cocktail,Garrafa de 250 ml,1.94,7.76,250,L,€/L,,,https://driveimg1.intermarche.com/pt/Content/images/boitmal/produit/zoom/5C7EAAE13BB0E5B1A973BA1CE41F5495.jpg,https://driveimg1.intermarche.com/pt/Content/images/boitmal/produit/zoom/6A3EC69CF4C27CD9078CE26776992F21.jpg,https://driveimg1.intermarche.com/pt/Content/images/boitmal/produit/zoom/6A3EC69CF4C27CD9078CE26776992F21.jpg,,2024-11-20T23:59:59.999999999Z,PROSPECTUS,10,1
1452,5601286205780,500.0,Milaneza,Massa talharim,Embalagem de 500g,1.38,2.76,0,kg,€/Kg,,,https://driveimg1.intermarche.com/pt/Content/images/boitmal/produit/zoom/31F09B87E10DDA3B38922FB84E4949A1.jpg,,,,2024-11-20T23:59:59.999999999Z,PROSPECTUS,10,1
1453,5601286207579,500.0,Milaneza,Massa para lasanha com ovo,Embalagem de 500g,1.93,3.86,0,kg,€/Kg,,,https://driveimg1.intermarche.com/pt/Content/images/boitmal/produit/zoom/C99977C7BDC0B6A99195DC697FD6F8DE.jpg,,,,2024-11-20T23:59:59.999999999Z,PROSPECTUS,10,1
1454,5601286210104,500.0,Milaneza,Massa meada fina,Embalagem de 500g,1.25,2.5,0,kg,€/Kg,,,https://driveimg1.intermarche.com/pt/Content/images/boitmal/produit/zoom/D8E1FC17145BED293486A44189F81BB0.jpg,,,,2024-11-20T23:59:59.999999999Z,PROSPECTUS,10,1
1455,5601286214782,500.0,Milaneza,Aletria,Embalagem de 500g,1.25,2.5,0,kg,€/Kg,,,https://driveimg1.intermarche.com/pt/Content/images/boitmal/produit/zoom/0C88DF23B70E89E63079C07076C9E33B.jpg,,,,2024-11-20T23:59:59.999999999Z,PROSPECTUS,10,1
1456,5601286217639,500.0,Milaneza,Massa farfalle tricolor,Embalagem de 500g,1.26,2.52,0,kg,€/Kg,,,https://driveimg1.intermarche.com/pt/Content/images/boitmal/produit/zoom/2CB58ADA26EF1E83B0978C82005EFCEE.jpg,,,,2024-11-20T23:59:59.999999999Z,PROSPECTUS,10,1
1457,5601286218575,500.0,Milaneza,Massa spaghetti tricolore,Embalagem de 500 g,1.26,2.52,0,kg,€/Kg,,,https://driveimg1.intermarche.com/pt/Content/images/boitmal/produit/zoom/283AE101F1B6673BD5B31AF661477173.jpg,,,,2024-11-20T23:59:59.999999999Z,PROSPECTUS,10,1
1458,5601286220783,500.0,Milaneza,Massa de cotovelos grossos,Embalagem de 500g,1.55,3.1,0,kg,€/Kg,,,https://driveimg1.intermarche.com/pt/Content/images/boitmal/produit/zoom/3227F59B4850D93351548A67BD46CA40.jpg,,,,2024-11-20T23:59:59.999999999Z,PROSPECTUS,10,1
1459,5601286221780,500.0,Milaneza,Massa de cotovelos finos,Embalagem de 500g,1.57,3.14,0,kg,€/Kg,,,https://driveimg1.intermarche.com/pt/Content/images/boitmal/produit/zoom/F0E616DEBADF297ADBE1E18BFBDC454E.jpg,,,,2024-11-20T23:59:59.999999999Z,PROSPECTUS,10,1
1460,5601286222787,500.0,Milaneza,Massa de cotovelinhos,Embalagem de 500g,1.04,2.08,0,kg,€/Kg,,,https://driveimg1.intermarche.com/pt/Content/images/boitmal/produit/zoom/F76BC192D8D45CCBC8881AA2D2BAAD83.jpg,,,,2024-11-20T23:59:59.999999999Z,PROSPECTUS,10,1
1461,5601286223784,500.0,Milaneza,Massa de cotovelos grandes riscados,Embalagem de 500g,1.19,2.38,0,kg,€/Kg,,,https://driveimg1.intermarche.com/pt/Content/images/boitmal/produit/zoom/BE1B03BCD6BCED25C712B88921B09E09.jpg,,,,2024-11-20T23:59:59.999999999Z,PROSPECTUS,10,1
1462,5601286231772,250.0,Milaneza,"Massa, estrelinhas",Embalagem de 250g,0.63,2.52,0,kg,€/Kg,,,https://driveimg1.intermarche.com/pt/Content/images/boitmal/produit/zoom/E2F1A211F7D24F0BF020FA7DF88C2F67.jpg,,,,2024-11-20T23:59:59.999999999Z,PROSPECTUS,10,1
1463,5601286232779,250.0,Milaneza,Massa pevide,Embalagem de 250g,0.63,2.52,0,kg,€/Kg,,,https://driveimg1.intermarche.com/pt/Content/images/boitmal/produit/zoom/EBAFF1FEDF33318543096DA417AD4777.jpg,,,,2024-11-20T23:59:59.999999999Z,PROSPECTUS,10,1
1464,5601286233776,250.0,Milaneza,Massa de bagos,Embalagem de 250g,0.63,2.52,0,kg,€/Kg,,,https://driveimg1.intermarche.com/pt/Content/images/boitmal/produit/zoom/94A5C2AC0EA7E97B0F5832D0BD95AE7F.jpg,,,,2024-11-20T23:59:59.999999999Z,PROSPECTUS,10,1
1465,5601286234773,250.0,Milaneza,Massa de letras,Embalagem de 250g,0.63,2.52,0,kg,€/Kg,,,https://driveimg1.intermarche.com/pt/Content/images/boitmal/produit/zoom/B041072B3650057DB6CDC9523E22E29B.jpg,,,,2024-11-20T23:59:59.999999999Z,PROSPECTUS,10,1
1466,5601286235770,250.0,Milaneza,Massa cuscus,Embalagem de 250g,0.63,2.52,0,kg,€/Kg,,,https://driveimg1.intermarche.com/pt/Content/images/boitmal/produit/zoom/C88D2492C00ABAD0495ACF6CE8960CC4.jpg,,,,2024-11-20T23:59:59.999999999Z,PROSPECTUS,10,1
1467,5601286236784,500.0,Milaneza,Massa de espirais,Embalagem de 500g,1.04,2.08,0,kg,€/Kg,,,https://driveimg1.intermarche.com/pt/Content/images/boitmal/produit/zoom/75C555C38AA58E95CAD2174BF2E349D1.jpg,,,,2024-11-20T23:59:59.999999999Z,PROSPECTUS,10,1
1468,5601286250780,500.0,Milaneza,Massa macarronete riscado,Embalagem de 500g,1.04,2.08,0,kg,€/Kg,,,https://driveimg1.intermarche.com/pt/Content/images/boitmal/produit/zoom/E29625DD7DC1FE05A5F96FD16E9391E8.jpg,,,,2024-11-20T23:59:59.999999999Z,PROSPECTUS,10,1
1469,5601286251787,500.0,Milaneza,Massa de macarrão,Embalagem de 500g,1.55,3.1,0,kg,€/Kg,,,https://driveimg1.intermarche.com/pt/Content/images/boitmal/produit/zoom/23F94F5EC15597A4AB9A1FC4C5526842.jpg,,,,2024-11-20T23:59:59.999999999Z,PROSPECTUS,10,1
1470,5601286253781,500.0,Milaneza,Massa de macarrão grande estriado,Embalagem de 500g,1.19,2.38,0,kg,€/Kg,,,https://driveimg1.intermarche.com/pt/Content/images/boitmal/produit/zoom/2A5BFFD877EADD2E4A51B78A90E2D632.jpg,,,,2024-11-20T23:59:59.999999999Z,PROSPECTUS,10,1
1471,5601286254788,500.0,Milaneza,Massa macarronete grande,Embalagem de 500g,1.19,2.38,0,kg,€/Kg,,,https://driveimg1.intermarche.com/pt/Content/images/boitmal/produit/zoom/ECCE0C4A0B77E8669302DA27C5B102B0.jpg,,,,2024-11-20T23:59:59.999999999Z,PROSPECTUS,10,1
1472,5601286256782,500.0,Milaneza,Massa de ondas,Embalagem de 500g,1.57,3.14,0,kg,€/Kg,,,https://driveimg1.intermarche.com/pt/Content/images/boitmal/produit/zoom/EBEC60CF3C8D752CF3C2E06EF4538599.jpg,,,,2024-11-20T23:59:59.999999999Z,PROSPECTUS,10,1
1473,5601286260017,500.0,Milaneza,Massa linguini com tinta de choco,Embalagem de 500g,1.99,3.98,0,kg,€/Kg,,,https://driveimg1.intermarche.com/pt/Content/images/boitmal/produit/zoom/2FF896A1FCB8A0BD8BAE1F8DBD62F5E8.jpg,,,,2024-11-20T23:59:59.999999999Z,PROSPECTUS,10,1
1474,5601286270788,500.0,Milaneza,Massa fettucine,Embalagem de 500g,1.25,2.5,0,kg,€/Kg,,,https://driveimg1.intermarche.com/pt/Content/images/boitmal/produit/zoom/5076EE490D6698AF4B192BDFA11A22D0.jpg,,,,2024-11-20T23:59:59.999999999Z,PROSPECTUS,10,1
1475,5601286273789,500.0,Milaneza,Massa fusilli tricolor,Embalagem de 500g,1.26,2.52,0,kg,€/Kg,,,https://driveimg1.intermarche.com/pt/Content/images/boitmal/produit/zoom/A32BE3BEA03451FFDDD551AFD3876300.jpg,,,,2024-11-20T23:59:59.999999999Z,PROSPECTUS,10,1
1476,5601286290786,500.0,Milaneza,Massa de laços,Embalagem de 500g,1.25,2.5,0,kg,€/Kg,,,https://driveimg1.intermarche.com/pt/Content/images/boitmal/produit/zoom/D687B9FD61EA56CF807EB6EB67FC5ABA.jpg,,,,2024-11-20T23:59:59.999999999Z,PROSPECTUS,10,1
1484,5601326000122,1000.0,Pato real,Arroz carolino malandrinho,Embalagem de 1 kg,1.69,1.69,0,kg,€/Kg,,,https://driveimg1.intermarche.com/pt/Content/images/boitmal/produit/zoom/894170BBEE1DCE01EC4648E1F8CDBAFD.jpg,,,,2024-11-20T23:59:59.999999999Z,PROSPECTUS,10,1
1536,5601489018200,200.0,Du Bois de la Roche,Boudoirs,Embalagem de 200 g,2.24,11.2,0,kg,€/Kg,,,https://driveimg1.intermarche.com/pt/Content/images/boitmal/produit/zoom/8E2E621B6E985564F540A84113C2AEB3.jpg,,,,2024-11-20T23:59:59.999999999Z,PROSPECTUS,10,1
1538,5601489134153,500.0,Du Bois de la Roche,Bolachas crackers s/ sal,Embalagem de 500g,2.99,5.98,0,kg,€/Kg,,,https://driveimg1.intermarche.com/pt/Content/images/boitmal/produit/zoom/73329C1C7148B60B4FEE5767CC439BEF.jpg,,,,2024-11-20T23:59:59.999999999Z,PROSPECTUS,10,1
1539,5601489135150,500.0,Du Bois de la Roche,Bolachas crackers c/ sal,Embalagem de 500g,2.99,5.98,0,kg,€/Kg,,,https://driveimg1.intermarche.com/pt/Content/images/boitmal/produit/zoom/EA5CED0C201EB6AEEFBF2C0179F0BB3D.jpg,,,,2024-11-20T23:59:59.999999999Z,PROSPECTUS,10,1
1540,5601489136157,500.0,Du Bois de la Roche,Bolachas crackers integral,Embalagem de 500g,2.99,5.98,0,kg,€/Kg,,,https://driveimg1.intermarche.com/pt/Content/images/boitmal/produit/zoom/4CA4AF2CD82F932BF057A3D74E80A75C.jpg,,,,2024-11-20T23:59:59.999999999Z,PROSPECTUS,10,1
1542,5601489300152,150.0,Du Bois de la Roche,Palmiers,Embalagem de 150g,1.39,9.27,0,kg,€/Kg,,,https://driveimg1.intermarche.com/pt/Content/images/boitmal/produit/zoom/B99A0A3D0733F211C9C1ECC63259BCA8.jpg,,,,2024-11-20T23:59:59.999999999Z,PROSPECTUS,10,1
1544,5601489771358,140.0,Du Bois de la Roche,Biscoitos allumettes,Embalagem de 135 g,1.49,10.64,0,kg,€/Kg,,,https://driveimg1.intermarche.com/pt/Content/images/boitmal/produit/zoom/F6DF790E68E66978F30BA1745F272168.jpg,,,,2024-11-20T23:59:59.999999999Z,PROSPECTUS,10,1
1709,5604055111060,6000.0,Fastio,"Água mineral sem gás, garrafão de 6L",,1.69,0.28,6000,L,€/L,,,https://driveimg1.intermarche.com/pt/Content/images/boitmal/produit/zoom/6DC4524795A66E05CC84F206F41E7F8C.jpg,,,,2024-11-20T23:59:59.999999999Z,PROSPECTUS,10,1
1711,5604055118410,6000.0,Fastio,"Água mineral sem gás, pack 4 x 1,5L",,2.19,0.37,6000,L,€/L,,,https://driveimg1.intermarche.com/pt/Content/images/boitmal/produit/zoom/D02DF978D621E943487B52391D308C37.jpg,,,,2024-11-20T23:59:59.999999999Z,PROSPECTUS,10,1
2415,5609060006608,100.0,Delta,Café solúvel c/ cafeína,Embalagem de 100g,2.99,29.9,0,kg,€/Kg,,,https://driveimg1.intermarche.com/pt/Content/images/boitmal/produit/zoom/4E36A2E9AF2A6A6888AB89D7619B5CC5.jpg,,,,2024-11-20T23:59:59.999999999Z,PROSPECTUS,10,1
2444,5998749108598,60.0,Whiskas,Snack para gato anti-hairball,Embalagem de 60g,1.94,32.33,0,kg,€/Kg,,,https://driveimg1.intermarche.com/pt/Content/images/boitmal/produit/zoom/78A3F0C7B7306ADCBA4F1255D1A847AE.jpg,,,,2024-11-20T23:59:59.999999999Z,PROSPECTUS,10,1
2456,7613030924302,400.0,Yogolino,Nestle iogolino prep iogurte pêra 100g,Embalagem de 400g,2.24,5.6,0,kg,€/Kg,,,https://driveimg1.intermarche.com/pt/Content/images/boitmal/produit/zoom/0257EFADCBBD666D5EC06A8661BCB1CB.jpg,,,,2024-11-20T23:59:59.999999999Z,PROSPECTUS,10,1
2459,7613031497096,400.0,Nestlé,Fruta para bebé maçã pera +4 meses,Embalagem de 4 x 100 g,2.44,6.1,0,kg,€/Kg,,,https://driveimg1.intermarche.com/pt/Content/images/boitmal/produit/zoom/3650148F0B7099306F07D0EF8CBAB903.jpg,,,,2024-11-20T23:59:59.999999999Z,PROSPECTUS,10,1
2460,7613031501649,400.0,Nestlé,Fruta para bebé maçã banana +4 meses,Embalagem de 4 x 100 g,2.44,6.1,0,kg,€/Kg,,,https://driveimg1.intermarche.com/pt/Content/images/boitmal/produit/zoom/2ED31B0C460E18911C0B603016079F2F.jpg,,,,2024-11-20T23:59:59.999999999Z,PROSPECTUS,10,1
2504,7613033162183,260.0,Nescafé,Café em cápsulas dolce gusto nesquik,Embalagem de 16 cápsulas,5.49,21.12,0,kg,€/Kg,,,https://driveimg1.intermarche.com/pt/Content/images/boitmal/produit/zoom/CDA6759992BA6086390C60FAAE55ABA4.jpg,,,,2024-11-20T23:59:59.999999999Z,PROSPECTUS,10,1
2516,7613033772627,3000.0,Friskies,Ração para cão adulto vitafit light com frango,Embalagem de 3 kg,9.74,3.25,0,kg,€/Kg,,,https://driveimg1.intermarche.com/pt/Content/images/boitmal/produit/zoom/9EE43B0F82E9233FE77D7BCFB604829F.jpg,,,,2024-11-20T23:59:59.999999999Z,PROSPECTUS,10,1
2518,7613033814693,400.0,Nestlé,Fruta para bebé 7 frutos +6 meses,Embalagem de 4 x 100 g,2.44,6.1,0,kg,€/Kg,,,https://driveimg1.intermarche.com/pt/Content/images/boitmal/produit/zoom/5C71B6B9B51E8496D30C8FC7F83397E6.jpg,,,,2024-11-20T23:59:59.999999999Z,PROSPECTUS,10,1
2589,7622300281182,150.0,Oreo,"Bolachas, tubo",Embalagem de 150g,1.39,9.27,0,kg,€/Kg,,,https://driveimg1.intermarche.com/pt/Content/images/boitmal/produit/zoom/A967EF8D7DC66A4DE384AFCA6E356DB8.jpg,,,,2024-11-20T23:59:59.999999999Z,PROSPECTUS,10,1
2601,7622300491161,246.0,Oreo,"Bolachas, cobertura com chocolate branco",Embalagem de 250g,2.39,9.72,0,kg,€/Kg,,,https://driveimg1.intermarche.com/pt/Content/images/boitmal/produit/zoom/708F9567DDBC40A43E69B2096C95ABE7.jpg,,,,2024-11-20T23:59:59.999999999Z,PROSPECTUS,10,1
2602,7622300491215,246.0,Oreo,Bolachas com cobertura de chocolate de leite,Embalagem de 250g,2.39,9.72,0,kg,€/Kg,,,https://driveimg1.intermarche.com/pt/Content/images/boitmal/produit/zoom/77DF0BC3BE90DFF05D169F9B065129BE.jpg,,,,2024-11-20T23:59:59.999999999Z,PROSPECTUS,10,1
2667,8008698002599,240.0,Schar,Pão caseiro sem glúten,Embalagem de 240g,3.76,15.67,0,kg,€/Kg,,,https://driveimg1.intermarche.com/pt/Content/images/boitmal/produit/zoom/76F0CB96A301FA6D68DD9BE80561F61A.jpg,,,,2024-11-20T23:59:59.999999999Z,PROSPECTUS,10,1
2740,8410063016627,400.0,Pescanova,4 filetes de pescada panados c/ limão,Embalagem de 400g,4.65,11.63,0,kg,€/Kg,,Tipo de stockagem,https://driveimg1.intermarche.com/pt/Content/images/boitmal/produit/zoom/3032EB7CA68A0B391F99FAEA119599B8.jpg,,,,2024-11-20T23:59:59.999999999Z,PROSPECTUS,10,1
2749,8410063046532,350.0,Pescanova,Miolo de camarão 80/100,Embalagem de 350g,6.99,19.97,0,kg,€/Kg,,Tipo de stockagem,https://driveimg1.intermarche.com/pt/Content/images/boitmal/produit/zoom/B1D2AEF816246B4D1E4F3A2363606A04.jpg,,,,2024-11-20T23:59:59.999999999Z,PROSPECTUS,10,1
2753,8410066113484,400.0,Heinz,Maionese de cebola e alho,Garrafa de 400 ml,2.89,7.23,400,L,€/L,,,https://driveimg1.intermarche.com/pt/Content/images/boitmal/produit/zoom/68C65A058BDDFE62B63D709DD1CEF540.jpg,,,,2024-11-20T23:59:59.999999999Z,PROSPECTUS,10,1
2777,8410168399823,3000.0,Friskies,Ração para cão júnior vitafit com frango e leite,Embalagem de 3 kg,9.74,3.25,0,kg,€/Kg,,,https://driveimg1.intermarche.com/pt/Content/images/boitmal/produit/zoom/0DFCA8E5439FA8FC7457AA59F9A611A6.jpg,,,,2024-11-20T23:59:59.999999999Z,PROSPECTUS,10,1
2784,8410199021137,160.0,Ruffles,Batata Frita c/ Sal,Embalagem de 160 g,1.39,8.69,0,kg,€/Kg,,,https://driveimg1.intermarche.com/pt/Content/images/boitmal/produit/zoom/AE5CA9EE473687F8C0AB4A374C973B74.jpg,,,,2024-11-20T23:59:59.999999999Z,PROSPECTUS,10,1
2785,5601363013222,150.0,Ruffles,Batata frita presunto,Embalagem de 150 g,1.39,9.27,0,kg,€/Kg,,,https://driveimg1.intermarche.com/pt/Content/images/boitmal/produit/zoom/465DFCD60327C277E0479C4D2D7F7E72.jpg,,,,2024-11-20T23:59:59.999999999Z,PROSPECTUS,10,2
2786,8410199150905,100.0,Cheetos,Aperitivos rolitos,Embalagem de 100g,1.49,14.9,0,kg,€/Kg,,,https://driveimg1.intermarche.com/pt/Content/images/boitmal/produit/zoom/C45683EA649508FF7E821044A85DB8C2.jpg,,,,2024-11-20T23:59:59.999999999Z,PROSPECTUS,10,2
2802,8410376009392,170.0,Gullón,Bolacha diet nature,Embalagem de 170g,2.04,12.0,0,kg,€/Kg,,,https://driveimg1.intermarche.com/pt/Content/images/boitmal/produit/zoom/B060321C8E6F1C498C7F318EBB827BE7.jpg,,,,2024-11-20T23:59:59.999999999Z,PROSPECTUS,10,2
2803,8410376009408,330.0,Gullón,Bolacha dourada dietnature,Embalagem de 330g,2.19,6.64,0,kg,€/Kg,,,https://driveimg1.intermarche.com/pt/Content/images/boitmal/produit/zoom/70E7F15392B371D305D7FF9AF14F78A2.jpg,,,,2024-11-20T23:59:59.999999999Z,PROSPECTUS,10,2
2804,8410376009415,130.0,Gullón,Chip choco diet nature,Embalagem de 130g,2.04,15.69,0,kg,€/Kg,,,https://driveimg1.intermarche.com/pt/Content/images/boitmal/produit/zoom/F3F840893ECB146311BEE127AA4369A9.jpg,,,,2024-11-20T23:59:59.999999999Z,PROSPECTUS,10,2
2805,8410376010701,400.0,Gullón,Maria diet nature,Embalagem de 400 g,2.04,5.1,0,kg,€/Kg,,,https://driveimg1.intermarche.com/pt/Content/images/boitmal/produit/zoom/C9688DE4A0BED7DDDF5557B81AD847F9.jpg,,,,2024-11-20T23:59:59.999999999Z,PROSPECTUS,10,2
2808,8410376023831,400.0,Gullón,Bolacha diet nature sem açúcar,Embalagem de 400g,2.09,5.23,0,kg,€/Kg,,,https://driveimg1.intermarche.com/pt/Content/images/boitmal/produit/zoom/4804E8C221D18E72B8171D3E1B05355C.jpg,,,,2024-11-20T23:59:59.999999999Z,PROSPECTUS,10,2
2809,8410376024326,270.0,Gullón,Bolacha chocodiet nature,Embalagem de 270g,2.84,10.52,0,kg,€/Kg,,,https://driveimg1.intermarche.com/pt/Content/images/boitmal/produit/zoom/746D2FC550A8FF9DD8FD5657EC352998.jpg,,,,2024-11-20T23:59:59.999999999Z,PROSPECTUS,10,2
2813,8410376037784,250.0,Gullón,Diet nature recheado de chocolate,Embalagem de 250g,1.84,7.36,0,kg,€/Kg,,,https://driveimg1.intermarche.com/pt/Content/images/boitmal/produit/zoom/18C3DECAED40C5C9A92E9689E38AED59.jpg,,,,2024-11-20T23:59:59.999999999Z,PROSPECTUS,10,2
2852,0074299018060,,Hot Wheels,Pack 5 veículos sortidos,1 embalagem,9.99,9.99,0,,€/Unidade,,,https://driveimg1.intermarche.com/pt/Content/images/boitmal/produit/zoom/E66A785086F405D44E86ECEC556B312F.jpg,,,,2024-12-24T23:59:59.999999999Z,PROSPECTUS,10,2
3493,0000056003703,80.0,Pitéu,Filete de anchovas em azeite,Embalagem de 80 g,2.88,36.0,0,kg,€/Kg,,,https://driveimg1.intermarche.com/pt/Content/images/boitmal/produit/zoom/BE573B29E6CEB71A0582FD9364F1002E.jpg,,,,2024-11-20T23:59:59.999999999Z,PROSPECTUS,10,2
3526,2894034000000,150.0,Nobre,Fiambre da Perna Extra,1 un = 150 gr (aprox.),2.25,14.99,0,,€/Kg,,,https://driveimg1.intermarche.com/pt/Content/images/boitmal/produit/zoom/557B46964D51EA0529BF496E616F76D8.jpg,,,,2024-11-20T23:59:59.999999999Z,PROSPECTUS,10,2
4236,3600521519479,400.0,Elvive,Champô color-vive,Embalagem de 400 ml,3.99,9.98,400,L,€/L,,,https://driveimg1.intermarche.com/pt/Content/images/boitmal/produit/zoom/9488D59592F5790FC0E9B4078309C960.jpg,,,,2024-11-20T23:59:59.999999999Z,PROSPECTUS,10,2
4244,3600521704424,250.0,Elvive,Champô total repair,Embalagem de 250 ml,3.19,12.76,250,L,€/L,,,https://driveimg1.intermarche.com/pt/Content/images/boitmal/produit/zoom/C894587A54352702DB9584A8470B2E64.jpg,,,,2024-11-20T23:59:59.999999999Z,PROSPECTUS,10,2
4247,3600521708514,300.0,Elvive,Máscara color vive,Embalagem de 300 ml,4.89,16.3,300,L,€/L,,,https://driveimg1.intermarche.com/pt/Content/images/boitmal/produit/zoom/7AFC8783F7D9AEBE280A1A9223985DF6.jpg,,,,2024-11-20T23:59:59.999999999Z,PROSPECTUS,10,2
4249,3600521752074,300.0,Elvive,Máscara total repair,Embalagem de 300 ml,4.89,16.3,300,L,€/L,,,https://driveimg1.intermarche.com/pt/Content/images/boitmal/produit/zoom/9695187328B981F231A70350E3E33AF9.jpg,,,,2024-11-20T23:59:59.999999999Z,PROSPECTUS,10,2
4255,3600522016069,250.0,Elvive,Champô arginina,Embalagem de 250 ml,3.19,12.76,250,L,€/L,,,https://driveimg1.intermarche.com/pt/Content/images/boitmal/produit/zoom/944029A9C44E20712CA80A0AB48C8BC9.jpg,,,,2024-11-20T23:59:59.999999999Z,PROSPECTUS,10,2
4484,4002448003533,,Calgon,Anti-calcário para máquina de roupa,Embalagem de 15 pastilhas,6.99,6.99,0,,€/Unidade,,,https://driveimg1.intermarche.com/pt/Content/images/boitmal/produit/zoom/1547C9E7DE90C6A0D94D17E806301F7A.jpg,,,,2024-11-20T23:59:59.999999999Z,PROSPECTUS,10,2
4509,4005808182534,200.0,Nivea,Leite de limpeza,Embalagem de 200 ml,4.19,20.95,200,L,€/L,,,https://driveimg1.intermarche.com/pt/Content/images/boitmal/produit/zoom/9E0C4DFA7702117EE979B76A6363FD18.jpg,,,,2024-11-20T23:59:59.999999999Z,PROSPECTUS,10,2
4510,4005808182688,200.0,Nivea,"Tónico suave, 200 ml",,4.19,20.95,200,L,€/L,,,https://driveimg1.intermarche.com/pt/Content/images/boitmal/produit/zoom/82519D9021875F3176E8FD2820D7CCC3.jpg,,,,2024-11-20T23:59:59.999999999Z,PROSPECTUS,10,2
4557,4005900079008,150.0,Nivea,Gel Exfoliante Anti-Impurezas,Embalagem de 150 ml,5.19,34.6,150,L,€/L,,,https://driveimg1.intermarche.com/pt/Content/images/boitmal/produit/zoom/692041A6342A8F6B14CD74B62E9B8397.jpg,,,,2024-11-20T23:59:59.999999999Z,PROSPECTUS,10,2
4715,5000204593198,72.0,Pato,Discos Sanitários Activos Recarga Marinho,Embalagem de 2x36 ml,3.49,48.47,72,L,€/L,,,https://driveimg1.intermarche.com/pt/Content/images/boitmal/produit/zoom/F7441989F6C7A270983579F368947C08.jpg,,,,2024-11-20T23:59:59.999999999Z,PROSPECTUS,10,2
4716,5000204593242,72.0,Pato,Discos Sanitários Activos Recarga Lima,Embalagem de 2x36 ml,3.49,48.47,72,L,€/L,,,https://driveimg1.intermarche.com/pt/Content/images/boitmal/produit/zoom/63F83864AA3214D8A29D6F7792A8DB6E.jpg,,,,2024-11-20T23:59:59.999999999Z,PROSPECTUS,10,2
4734,5000204678840,50.0,Pato,"Bloco sanitário, automático, água azul",Embalagem de 2x50 g,2.49,49.8,0,kg,€/Kg,,,https://driveimg1.intermarche.com/pt/Content/images/boitmal/produit/zoom/29B5E9AA7D7F561343C3AC75500FD699.jpg,,,,2024-11-20T23:59:59.999999999Z,PROSPECTUS,10,2
4780,5000396025026,400.0,McVities,Bolacha integral,Embalagem de 400g,2.09,5.23,0,kg,€/Kg,,,https://driveimg1.intermarche.com/pt/Content/images/boitmal/produit/zoom/64E2EEAC284BAD2371A5359EA7C4E958.jpg,,,,2024-11-20T23:59:59.999999999Z,PROSPECTUS,10,2
4783,5000396036091,220.0,McVities,"Bolachas fruit & form, frutos de bosques",Embalagem de 220g,1.99,9.05,0,kg,€/Kg,,,https://driveimg1.intermarche.com/pt/Content/images/boitmal/produit/zoom/76D60EF12D61B18D540490D084B4EBEC.jpg,,,,2024-11-20T23:59:59.999999999Z,PROSPECTUS,10,2
4785,5000396036138,220.0,McVities,"Bolachas fruit & forma, maçã e canela",Embalagem de 220g,1.99,9.05,0,kg,€/Kg,,,https://driveimg1.intermarche.com/pt/Content/images/boitmal/produit/zoom/BF9D3CB3A0C232FF6535776878C3FCC0.jpg,,,,2024-11-20T23:59:59.999999999Z,PROSPECTUS,10,2
4791,5010103803403,700.0,J&B,Whisky 15 anos c/caixa,Garrafa de 700 ml,23.99,34.27,700,L,€/L,,,https://driveimg1.intermarche.com/pt/Content/images/boitmal/produit/zoom/D58AB28D44F2BE50CF940E905EE29975.jpg,,,,2024-11-20T23:59:59.999999999Z,PROSPECTUS,10,2
4792,5010106113127,700.0,Ballantine's,Whisky,Garrafa de 700 ml,12.19,17.41,700,L,€/L,,,https://driveimg1.intermarche.com/pt/Content/images/boitmal/produit/zoom/6176A815CE5A7966DD02F769241FBF27.jpg,,,,2024-12-24T23:59:59.999999999Z,PROSPECTUS,10,2
4973,5601007001011,750.0,Ferreira,Porto tawny,Garrafa de 750 ml,5.59,7.45,750,L,€/L,,,https://driveimg1.intermarche.com/pt/Content/images/boitmal/produit/zoom/073CC2904CBE9C6A7978164732C3E42C.jpg,,,,2024-11-20T23:59:59.999999999Z,PROSPECTUS,10,2
4976,5601007001516,750.0,Ferreira,Porto white,Garrafa de 750 ml,5.59,7.45,750,L,€/L,,,https://driveimg1.intermarche.com/pt/Content/images/boitmal/produit/zoom/B29E0CEFA2E282DF72703FB02255CDD7.jpg,,,,2024-11-20T23:59:59.999999999Z,PROSPECTUS,10,2
4977,5601007001615,750.0,Ferreira,Porto ruby,Garrafa de 750 ml,5.59,7.45,750,L,€/L,,,https://driveimg1.intermarche.com/pt/Content/images/boitmal/produit/zoom/9CD36C0AA94CC48AC88BC71730E5F2DA.jpg,,,,2024-11-20T23:59:59.999999999Z,PROSPECTUS,10,2
5026,5601028005876,,Renova,"Papel higiénico, creme, com 4 folhas, 12 rolos",1 embalagem,5.39,5.39,0,,€/Unidade,,,https://driveimg1.intermarche.com/pt/Content/images/boitmal/produit/zoom/250326A47EA115DC348D86301632DE35.jpg,https://driveimg1.intermarche.com/pt/Content/images/boitmal/produit/zoom/EEB6B8854A476B4559E7FD52C556019B.jpg,https://driveimg1.intermarche.com/pt/Content/images/boitmal/produit/zoom/EC6D6AEFDA8F102AB7AD981A6FE1DF3D.jpg,https://driveimg1.intermarche.com/pt/Content/images/boitmal/produit/zoom/4D80E42D594B9B39C4E3A0F89DD5FDA3.jpg,2024-11-20T23:59:59.999999999Z,PROSPECTUS,10,2
5031,5601028008778,,Renova,Papel Higiénico Deco |4 Folhas,Embalagem 12 Rolos,5.39,5.39,0,,€/Unidade,,,https://driveimg1.intermarche.com/pt/Content/images/boitmal/produit/zoom/B70E662FFAB7738B3A9B393407A26FB2.jpg,,,,2024-11-20T23:59:59.999999999Z,PROSPECTUS,10,2
5039,5601029001105,120.0,Pitéu,"Filete de cavala em óleo, 120 g",,2.0,16.67,0,kg,€/Kg,,,https://driveimg1.intermarche.com/pt/Content/images/boitmal/produit/zoom/73E77A16ABB6501C787F422E9312D109.jpg,,,,2024-11-20T23:59:59.999999999Z,PROSPECTUS,10,2
5040,5601029001310,115.0,Pitéu,Mexilhão escabeche,Embalagem de 115 g,1.8,15.65,0,kg,€/Kg,,,https://driveimg1.intermarche.com/pt/Content/images/boitmal/produit/zoom/85D7A199A0EE28064830260E1841FD4F.jpg,,,,2024-11-20T23:59:59.999999999Z,PROSPECTUS,10,2
5298,5601174301006,750.0,Alambre,Moscatel de setúbal,"Garrafa de 0,75L",4.99,6.65,750,L,€/L,,,https://driveimg1.intermarche.com/pt/Content/images/boitmal/produit/zoom/81D385C430532672DD6A0698676ADB78.jpg,,,,2024-12-24T23:59:59.999999999Z,PROSPECTUS,10,2
5319,5601213170648,700.0,Antiqua,Aguardente velha vsop,Garrafa de 700 ml,17.49,24.99,700,L,€/L,,,https://driveimg1.intermarche.com/pt/Content/images/boitmal/produit/zoom/B1841E23E4F68D3AE62314EB72758DCF.jpg,,,,2024-12-24T23:59:59.999999999Z,PROSPECTUS,10,2
5320,5601213170693,700.0,Aliança Velha,Aguardente vínica velha,Garrafa de 700 ml,12.59,17.99,700,L,€/L,,,https://driveimg1.intermarche.com/pt/Content/images/boitmal/produit/zoom/45D58F2BF4AFD79B5E14ED23C162BB4B.jpg,,,,2024-12-24T23:59:59.999999999Z,PROSPECTUS,10,2
5395,5601262301253,700.0,CRF,Aguardente velha reserva,Garrafa de 700 ml,18.39,26.27,700,L,€/L,,,https://driveimg1.intermarche.com/pt/Content/images/boitmal/produit/zoom/43A6A701477E710678922AE091C44D1C.jpg,,,,2024-12-24T23:59:59.999999999Z,PROSPECTUS,10,2
5403,5601286211781,500.0,Milaneza,Massa linguine,Embalagem de 500g,1.25,2.5,0,kg,€/Kg,,,https://driveimg1.intermarche.com/pt/Content/images/boitmal/produit/zoom/704F39F2EDF7458BC2C5C5750B9A7F1C.jpg,,,,2024-11-20T23:59:59.999999999Z,PROSPECTUS,10,2
5404,5601286228789,500.0,Milaneza,"Massa, conchas tricolores",Embalagem de 500g,1.26,2.52,0,kg,€/Kg,,,https://driveimg1.intermarche.com/pt/Content/images/boitmal/produit/zoom/E1F5F6C5622B178BB6EB8FEEBDDBE871.jpg,,,,2024-11-20T23:59:59.999999999Z,PROSPECTUS,10,2
5405,5601286252784,500.0,Milaneza,Massa de macarrão grande,Embalagem de 500g,1.19,2.38,0,kg,€/Kg,,,https://driveimg1.intermarche.com/pt/Content/images/boitmal/produit/zoom/DB37979552F13AA27DC107DA08BA1C15.jpg,,,,2024-11-20T23:59:59.999999999Z,PROSPECTUS,10,2
5406,5601286260024,500.0,Milaneza,Massa linguini al pesto,Embalagem de 500g,1.89,3.78,0,kg,€/Kg,,,https://driveimg1.intermarche.com/pt/Content/images/boitmal/produit/zoom/1B794733409C0722B6D38AB06609D6C7.jpg,,,,2024-11-20T23:59:59.999999999Z,PROSPECTUS,10,2
5408,5601286260048,500.0,Milaneza,Massa spaghetti com malagueta,Embalagem de 500g,1.85,3.7,0,kg,€/Kg,,,https://driveimg1.intermarche.com/pt/Content/images/boitmal/produit/zoom/7ACC8F8AD830F7A5C9AF6C6EC86561AC.jpg,,,,2024-11-20T23:59:59.999999999Z,PROSPECTUS,10,2
5409,5601286260086,500.0,Milaneza,Massa margaridas com vegetais,Embalagem de 500 g,1.29,2.58,0,kg,€/Kg,,,https://driveimg1.intermarche.com/pt/Content/images/boitmal/produit/zoom/0DAF0E25B5CB65537EB82D379C81F309.jpg,,,,2024-11-20T23:59:59.999999999Z,PROSPECTUS,10,2
5411,5601286277787,500.0,Milaneza,Massa tagliatelle com ovo,Embalagem de 500g,2.05,4.1,0,kg,€/Kg,,,https://driveimg1.intermarche.com/pt/Content/images/boitmal/produit/zoom/9D2DEFC751955A121D3B271EE9946711.jpg,,,,2024-11-20T23:59:59.999999999Z,PROSPECTUS,10,2
5445,5601332000406,750.0,Ramos Pinto,Vinho do porto lágrima branco,Garrafa de 750 ml,9.99,13.32,750,L,€/L,,,https://driveimg1.intermarche.com/pt/Content/images/boitmal/produit/zoom/AE471411F7400B058041E2A0440A299C.jpg,,,,2024-12-24T23:59:59.999999999Z,PROSPECTUS,10,2
5559,5601996101136,1500.0,Reserva dos Amigos,Vinho tinto reg. lisboa res.amigos 1.5l,Garrafa 1.5L,5.89,3.93,1500,L,€/L,,,https://driveimg1.intermarche.com/pt/Content/images/boitmal/produit/zoom/CC862D3B24C9C4666C04359F6D66BFB9.jpg,,,,2024-11-20T23:59:59.999999999Z,PROSPECTUS,10,2
5745,5603722513718,1000.0,Vigor,Leite pasteurizado m/g sem lactose,Garrafa de 1 l,1.15,1.15,1000,L,€/L,,,https://driveimg1.intermarche.com/pt/Content/images/boitmal/produit/zoom/2B0BBD13280229875622C8E875C24761.jpg,,,,2024-11-20T23:59:59.999999999Z,PROSPECTUS,10,2
5750,5604055112913,3000.0,Fastio,"Água mineral sem gás, pack 4 x 50ml",,2.35,0.78,3000,L,€/L,,,https://driveimg1.intermarche.com/pt/Content/images/boitmal/produit/zoom/272B41D862654A92BCCA7BA89343882E.jpg,,,,2024-11-20T23:59:59.999999999Z,PROSPECTUS,10,2
5847,5604260130252,750.0,Selecção de Enófilos,"Vinho DOC Alentejo, Reserva, Tinto",Garrafa de 0.75 l,2.49,3.32,750,L,€/L,,,https://driveimg1.intermarche.com/pt/Content/images/boitmal/produit/zoom/3610F2773989220F7DF86C4EA15D20E6.jpg,,,,2024-12-24T23:59:59.999999999Z,PROSPECTUS,10,2
5940,5604260264575,1500.0,Selecção de Enófilos,"Vinho DOC Dão, Tinto","Garrafa de 1,5 L",5.75,3.83,1500,L,€/L,,,https://driveimg1.intermarche.com/pt/Content/images/boitmal/produit/zoom/A3436F9A46CDD6A25239609D1E64F74D.jpg,,,,2024-12-24T23:59:59.999999999Z,PROSPECTUS,10,2
5985,5604422145209,1000.0,Macieira,Brandy,Garrafa de 1 l,15.39,15.39,1000,L,€/L,,,https://driveimg1.intermarche.com/pt/Content/images/boitmal/produit/zoom/B32E3266FD6067B7F44159A4FC61A7F0.jpg,,,,2024-11-20T23:59:59.999999999Z,PROSPECTUS,10,2
6315,8410063055923,800.0,Pescanova,Camarão moçambique 48/64,Embalagem de 800g,15.99,19.99,0,kg,€/Kg,,Tipo de stockagem,https://driveimg1.intermarche.com/pt/Content/images/boitmal/produit/zoom/01BFFA30A3AA2EC1DAD9EEC714FDF562.jpg,,,,2024-11-20T23:59:59.999999999Z,PROSPECTUS,10,2
6408,8410376033267,410.0,Gullón,Digestive aveia diet natural,Embalagem de 410g,2.89,7.05,0,kg,€/Kg,,,https://driveimg1.intermarche.com/pt/Content/images/boitmal/produit/zoom/FDCCB8C75208B1D9B181C63AEC590E94.jpg,,,,2024-11-20T23:59:59.999999999Z,PROSPECTUS,10,2
6564,8411300657009,50.0,L'oreal,Creme anti-rugas de dia revitalift,Embalagem de 50 ml,9.74,194.8,50,L,€/L,,,https://driveimg1.intermarche.com/pt/Content/images/boitmal/produit/zoom/68D18059EDD51719125049C57C7D905E.jpg,https://driveimg1.intermarche.com/pt/Content/images/boitmal/produit/zoom/C1E9474AE6B93EE51B8B2F38628F451C.jpg,,,2024-11-20T23:59:59.999999999Z,PROSPECTUS,10,2
6962,0000040111445,50.0,M&M's,"Chocolate m&m s, amendoim",Embalagem de 45 g,0.99,19.8,0,kg,€/Kg,,,https://driveimg1.intermarche.com/pt/Content/images/boitmal/produit/zoom/E5B5F584733A1C8E7D283D280EAC1471.jpg,,,,2024-11-20T23:59:59.999999999Z,PROSPECTUS,10,2
7043,2894074000000,150.0,Campofrio,Peito de peru forno lenha,1 un = 150 gr (aprox.),2.52,16.79,0,,€/Kg,,,https://driveimg1.intermarche.com/pt/Content/images/boitmal/produit/zoom/EF3CEFEECAD2391EED6F65839052F87D.jpg,,,,2024-11-20T23:59:59.999999999Z,PROSPECTUS,10,2
7050,2894090000000,150.0,Campofrio,Peito frango forno de lenha,1 un = 150 gr (aprox.),2.52,16.79,0,,€/Kg,,,https://driveimg1.intermarche.com/pt/Content/images/boitmal/produit/zoom/6772968344189119743079B1997DCA88.jpg,,,,2024-11-20T23:59:59.999999999Z,PROSPECTUS,10,2
7105,2894508000000,100.0,Primor,Bacon Extra,"Vendido ao peso, fatiado a partir de 100 gr",1.2,11.99,0,,€/Kg,,,https://driveimg1.intermarche.com/pt/Content/images/boitmal/produit/zoom/11A9EC567F982E26800D8DF9E4043FCC.jpg,,,,2024-11-20T23:59:59.999999999Z,PROSPECTUS,10,2
7228,3059940006433,1000.0,Destop,"Desentupidor gel turbo com lixívia, de 1L",,5.84,5.84,1000,L,€/L,,,https://driveimg1.intermarche.com/pt/Content/images/boitmal/produit/zoom/8C14AE453887D1E807DA8F84ACE754F1.jpg,,,,2024-11-20T23:59:59.999999999Z,PROSPECTUS,10,2
7231,3059941005008,750.0,Harpic,Gel wc tripla ação c/ lixívia,Garrafa de 750 ml,1.99,2.65,750,L,€/L,,,https://driveimg1.intermarche.com/pt/Content/images/boitmal/produit/zoom/4F4DC0D04FEFE2E1C1396B2DF4E1E13C.jpg,,,,2024-11-20T23:59:59.999999999Z,PROSPECTUS,10,2
7293,3141360050001,750.0,Calgon,"Anti-calcário para máquina de roupa, em gel",Garrafa de 750 ml,6.99,9.32,750,L,€/L,,,https://driveimg1.intermarche.com/pt/Content/images/boitmal/produit/zoom/CBAA20E2D0B47492F063F2C7CE6B7F2D.jpg,,,,2024-11-20T23:59:59.999999999Z,PROSPECTUS,10,2
7294,3147690031505,750.0,Cruz,Vinho do Porto 10 anos,"Garrafa de 0,75L c/ Caixa de Madeira",14.99,19.99,750,L,€/L,,,https://driveimg1.intermarche.com/pt/Content/images/boitmal/produit/zoom/CD7DF335D331004637774DDAAFE4C7F3.jpg,,,,2024-12-24T23:59:59.999999999Z,PROSPECTUS,10,2
7324,3228020390131,250.0,Président,Manteiga magra meio sal,Embalagem de 250g,2.49,9.96,0,kg,€/Kg,,,https://driveimg1.intermarche.com/pt/Content/images/boitmal/produit/zoom/E0572D04FA5CEC1AC6556A139AF011D2.jpg,,,,2024-11-20T23:59:59.999999999Z,PROSPECTUS,10,2
7634,4005808190195,,Nivea,"Clear up srtip, com 6 unidades z. t",1 embalagem,5.19,5.19,0,,€/Unidade,,,https://driveimg1.intermarche.com/pt/Content/images/boitmal/produit/zoom/51D4C73B944DBA0691B3C52164CC5E93.jpg,,,,2024-11-20T23:59:59.999999999Z,PROSPECTUS,10,2
7763,4014400901191,250.0,Merci,Bombons de chocolate merci,Embalagem de 250g,5.99,23.96,0,kg,€/Kg,,,https://driveimg1.intermarche.com/pt/Content/images/boitmal/produit/zoom/62C8077B8C028E6BFE4663715DBD5D3C.jpg,,,,2024-12-24T23:59:59.999999999Z,PROSPECTUS,10,2
8278,5601001124808,1000.0,Nestlé,Bebida láctea crescimento 1 a 3 anos,Embalagem de 1 litro,1.98,1.98,1000,L,€/L,,,https://driveimg1.intermarche.com/pt/Content/images/boitmal/produit/zoom/6FEA60F5F3F944CC42C45404A5326FAF.jpg,,,,2024-11-20T23:59:59.999999999Z,PROSPECTUS,10,2
8280,5601010111219,130.0,Ramirez,Sardinhas em óleo,Embalagem de 130g,1.08,8.31,0,kg,€/Kg,,,https://driveimg1.intermarche.com/pt/Content/images/boitmal/produit/zoom/708A96E75FA2DD9866B55D784B3683E8.jpg,,,,2024-11-20T23:59:59.999999999Z,PROSPECTUS,10,2
8281,5601010111226,130.0,Ramirez,"Sardinhas em óleo picante, 130g",,1.08,8.31,0,kg,€/Kg,,,https://driveimg1.intermarche.com/pt/Content/images/boitmal/produit/zoom/C05CB763F26D002B2FDF305DD0F8BD0E.jpg,,,,2024-11-20T23:59:59.999999999Z,PROSPECTUS,10,2
8282,5601010111240,130.0,Ramirez,"Sardinhas em tomate, 130g",,1.08,8.31,0,kg,€/Kg,,,https://driveimg1.intermarche.com/pt/Content/images/boitmal/produit/zoom/E87EA420F2FF9FBD18B61ADFB58F50EC.jpg,,,,2024-11-20T23:59:59.999999999Z,PROSPECTUS,10,2
8283,5601010111257,130.0,Ramirez,Sardinhas em tomate picante,Embalagem de 130g,1.08,8.31,0,kg,€/Kg,,,https://driveimg1.intermarche.com/pt/Content/images/boitmal/produit/zoom/5D1BF2D384D4FEB6025C232C5FB460F5.jpg,,,,2024-11-20T23:59:59.999999999Z,PROSPECTUS,10,2
8329,5601036207231,250.0,Elvive,Champô color-vive,Embalagem de 250 ml,3.19,12.76,250,L,€/L,,,https://driveimg1.intermarche.com/pt/Content/images/boitmal/produit/zoom/CA0094685BB8B59868B7F520922AA975.jpg,,,,2024-11-20T23:59:59.999999999Z,PROSPECTUS,10,2
8383,5601049132995,1000.0,Mimosa,Leite uht meio gordo,Embalagem de 1 litro,0.86,0.86,1000,L,€/L,,,https://driveimg1.intermarche.com/pt/Content/images/boitmal/produit/zoom/30AE72C16512D7F6E9C8B5E7CBD4B0A2.jpg,https://driveimg1.intermarche.com/pt/Content/images/boitmal/produit/zoom/AE810093A08CEBD60415DCC626CF5804.jpg,https://driveimg1.intermarche.com/pt/Content/images/boitmal/produit/zoom/A0562293538F541B1B99592AA046327B.jpg,,2024-11-20T23:59:59.999999999Z,PROSPECTUS,10,2
8384,5601049133992,1000.0,Mimosa,Leite uht magro,Embalagem de 1 litro,0.86,0.86,1000,L,€/L,,,https://driveimg1.intermarche.com/pt/Content/images/boitmal/produit/zoom/F5320FAD88ED459A5E33FEB47EAEF410.jpg,https://driveimg1.intermarche.com/pt/Content/images/boitmal/produit/zoom/8C350978140C257D0AAD7365CD133F0C.jpg,https://driveimg1.intermarche.com/pt/Content/images/boitmal/produit/zoom/B9BED9F397071733FB4D36CBE39ECDBA.jpg,,2024-11-20T23:59:59.999999999Z,PROSPECTUS,10,2
8391,5601049159992,1000.0,Mimosa,Leite especial cálcio + vitamina d magro,Garrafa de 1 l,0.98,0.98,1000,L,€/L,,,https://driveimg1.intermarche.com/pt/Content/images/boitmal/produit/zoom/9A4AD44FB60B5A45579B826AAB547587.jpg,,,,2024-11-20T23:59:59.999999999Z,PROSPECTUS,10,2
8399,5601050033809,620.0,Danone,"Iogurte activia líquido morango,  4 x 155 g",,1.99,3.21,0,kg,€/Kg,,,https://driveimg1.intermarche.com/pt/Content/images/boitmal/produit/zoom/D308B1FB4C89B3E5388CD017CB0E1529.jpg,,,,2024-11-20T23:59:59.999999999Z,PROSPECTUS,10,2
8400,5601050033779,620.0,Danone,"Iogurte activia líquido cereais,  4 x 155 g",,1.99,3.21,0,kg,€/Kg,,,https://driveimg1.intermarche.com/pt/Content/images/boitmal/produit/zoom/3AC3707CF655B8CC61D2C80E4828D7C8.jpg,,,,2024-11-20T23:59:59.999999999Z,PROSPECTUS,10,2
8413,8410500008932,600.0,Actimel Danone,"Actimel morango, 6 x 100g",,2.89,4.82,0,kg,€/Kg,,,https://driveimg1.intermarche.com/pt/Content/images/boitmal/produit/zoom/F6EB1A175778A171D463316E7A3FAC27.jpg,,,,2024-11-20T23:59:59.999999999Z,PROSPECTUS,10,2
8417,8410500006020,600.0,Actimel Danone,"Actimel magro natural, 6 x 100g",,2.89,4.82,0,kg,€/Kg,,,https://driveimg1.intermarche.com/pt/Content/images/boitmal/produit/zoom/A2430A64FD53561F7EC58DE4F4A24642.jpg,,,,2024-11-20T23:59:59.999999999Z,PROSPECTUS,10,2
8438,5601050033816,620.0,Danone,"Iogurte activia líquido frutos silvestres,  4 x 155 g",,1.99,3.21,0,kg,€/Kg,,,https://driveimg1.intermarche.com/pt/Content/images/boitmal/produit/zoom/47CDBF026E044A06DA4E05DE9D7A01E4.jpg,,,,2024-11-20T23:59:59.999999999Z,PROSPECTUS,10,2
8502,5601109211288,750.0,EVEL,Vinho branco doc douro,Garrafa de 750 ml,4.79,6.39,750,L,€/L,,,https://driveimg1.intermarche.com/pt/Content/images/boitmal/produit/zoom/170D4E8A50CEC9755918B80CA1B25767.jpg,,,,2024-11-20T23:59:59.999999999Z,PROSPECTUS,10,2
8701,5601182162002,,Johnson's Baby,"Cotonetes, 200 unidades",Uma embalagem,2.24,2.24,0,,€/Unidade,,,https://driveimg1.intermarche.com/pt/Content/images/boitmal/produit/zoom/CB12C5CE2CA1819A5BA01D62483B0386.jpg,,,,2024-11-20T23:59:59.999999999Z,PROSPECTUS,10,2
8762,5601217121363,,Air Wick,Ambientador elétrico lavanda,Embalagem de 1 unidades,4.49,4.49,1,,€/Unidade,,,https://driveimg1.intermarche.com/pt/Content/images/boitmal/produit/zoom/3CE81B14DBB81C823308BF294F557164.jpg,,,,2024-11-20T23:59:59.999999999Z,PROSPECTUS,10,2
8793,5601237219224,750.0,Quinta da Bacalhôa,Moscatel de Setúbal,Garrafa de 750 ml,4.99,6.65,750,L,€/L,,,https://driveimg1.intermarche.com/pt/Content/images/boitmal/produit/zoom/5A865B36724F498458E09F7BC38A1FA8.jpg,,,,2024-12-24T23:59:59.999999999Z,PROSPECTUS,10,2
8800,5601244201922,200.0,Terra Nostra,"Queijo em fatias, -50% gordura",Embalagem de 200g,2.29,11.45,0,kg,€/Kg,,,https://driveimg1.intermarche.com/pt/Content/images/boitmal/produit/zoom/85D15B5E2887AAA1EC03C6E7ECAD1482.jpg,,,,2024-11-20T23:59:59.999999999Z,PROSPECTUS,10,2
8895,5601332000475,750.0,Ramos Pinto,Vinho do porto lágrima tinto,"Garrafa de 0,75L",9.99,13.32,750,L,€/L,,,https://driveimg1.intermarche.com/pt/Content/images/boitmal/produit/zoom/FD997662E161BCBF3DBC5BF2C2733E08.jpg,,,,2024-12-24T23:59:59.999999999Z,PROSPECTUS,10,2
8983,5601489129241,100.0,Du Bois de la Roche,Bolachas palmi kids,Embalagem de 100g,0.95,9.5,0,kg,€/Kg,,,https://driveimg1.intermarche.com/pt/Content/images/boitmal/produit/zoom/11A48F7115E68F6FA2E832A466E960A6.jpg,,,,2024-11-20T23:59:59.999999999Z,PROSPECTUS,10,2
9059,5601752080026,750.0,Favaios,Moscatel favaios,Garrafa de 750 ml,4.99,6.65,750,L,€/L,,,https://driveimg1.intermarche.com/pt/Content/images/boitmal/produit/zoom/DF39336F6EA3566B2D576B52A17EFAB5.jpg,,,,2024-12-24T23:59:59.999999999Z,PROSPECTUS,10,2
9104,5601971220784,5000.0,Encostas do Bairro,Vinho tinto,Bag-in-box de 5L,8.59,1.72,5000,L,€/L,,,https://driveimg1.intermarche.com/pt/Content/images/boitmal/produit/zoom/43A69652119D9D5CD057071B511E7E50.jpg,,,,2024-11-20T23:59:59.999999999Z,PROSPECTUS,10,2
9105,5601971220883,5000.0,Encostas do Bairro,Vinho branco,Bag-in-box de 5L,8.59,1.72,5000,L,€/L,,,https://driveimg1.intermarche.com/pt/Content/images/boitmal/produit/zoom/6388F18B7E7EEB377CFD69515A3C0777.jpg,,,,2024-11-20T23:59:59.999999999Z,PROSPECTUS,10,2
9161,5602154002920,750.0,Adega de Borba,Vinho tinto alentejo,Garrafa de 0.75 l,8.99,11.99,750,L,€/L,,,https://driveimg1.intermarche.com/pt/Content/images/boitmal/produit/zoom/9D4E622CDEFB67E1BEC54DD1E1636255.jpg,,,,2024-11-20T23:59:59.999999999Z,PROSPECTUS,10,2
9238,5603016000443,750.0,Adega de Pegões,Vinho rosé península de setúbal,Garrafa de 750 ml,2.19,2.92,750,L,€/L,,,https://driveimg1.intermarche.com/pt/Content/images/boitmal/produit/zoom/67EA33F6043EE7B3EC5A6D721A58D1E2.jpg,,,,2024-11-20T23:59:59.999999999Z,PROSPECTUS,10,2
9241,5603016000788,750.0,Adega de Pegões,Vinho branco regional península de setúbal,Garrafa de 750 ml,2.19,2.92,750,L,€/L,,,https://driveimg1.intermarche.com/pt/Content/images/boitmal/produit/zoom/9228EB47277BD4705321A002DCD34986.jpg,,,,2024-11-20T23:59:59.999999999Z,PROSPECTUS,10,2
9243,5603016133455,750.0,Adega de Pegões,Vinho tinto península de setúbal,Garrafa de 750 ml,1.89,2.52,750,L,€/L,,,https://driveimg1.intermarche.com/pt/Content/images/boitmal/produit/zoom/9765C3E933914B7E947EFD31D4F27304.jpg,,,,2024-11-20T23:59:59.999999999Z,PROSPECTUS,10,2
9255,5603124024140,550.0,Mistolin,Tira gorduras recarga,Garrafa de 550 ml,2.69,4.89,550,L,€/L,,,https://driveimg1.intermarche.com/pt/Content/images/boitmal/produit/zoom/31FDA54CC7088DA8DC03FDBEA4FCDE3B.jpg,,,,2024-11-20T23:59:59.999999999Z,PROSPECTUS,10,2
9371,5604260010202,750.0,Valadão,Porto branco,Garrafa de 750 ml,4.69,6.25,750,L,€/L,,,https://driveimg1.intermarche.com/pt/Content/images/boitmal/produit/zoom/4BBC4211C40FE14ABCDCEB658BDD7994.jpg,,,,2024-12-24T23:59:59.999999999Z,PROSPECTUS,10,2
9380,5604260031184,750.0,Selecção de Enófilos,Moscatel de setúbal,"Garrafa de 0,75 l",3.59,4.79,750,L,€/L,,,https://driveimg1.intermarche.com/pt/Content/images/boitmal/produit/zoom/E7C7E2B10913486B61EBF6CB6827C3CC.jpg,,,,2024-12-24T23:59:59.999999999Z,PROSPECTUS,10,2
9395,5604260035915,750.0,Valadão,Porto ruby,Garrafa de 750 ml,4.69,6.25,750,L,€/L,,,https://driveimg1.intermarche.com/pt/Content/images/boitmal/produit/zoom/0B5ED964E97B008FD2AC72D1BC722060.jpg,,,,2024-12-24T23:59:59.999999999Z,PROSPECTUS,10,2
9417,5604260047826,750.0,Selecção de Enófilos,Moscatel do Douro,"Garrafa de 0,75 l",4.56,6.08,750,L,€/L,,,https://driveimg1.intermarche.com/pt/Content/images/boitmal/produit/zoom/FE72BAE2373A089A65DC8FFD3808DC33.jpg,,,,2024-12-24T23:59:59.999999999Z,PROSPECTUS,10,3
9558,5604260246649,750.0,Selecção de Enófilos,Vinho DOC Palmela Reserva Tinto,Garrafa de 0.75 l,2.49,3.32,750,L,€/L,,,https://driveimg1.intermarche.com/pt/Content/images/boitmal/produit/zoom/26516DABFA8B51146F120B58FC382C05.jpg,,,,2024-12-24T23:59:59.999999999Z,PROSPECTUS,10,3
9649,3574661709352,395.0,Johnson's Baby,Champô Bebé Aloe Vera Bio,Embalagem de 395 ml,4.49,11.37,395,L,€/L,,Produtos Bio,https://driveimg1.intermarche.com/pt/Content/images/boitmal/produit/zoom/160D2C179968DF421D38822FF418E50C.jpg,,,,2024-11-20T23:59:59.999999999Z,PROSPECTUS,10,3
9752,5604661000345,430.0,Seia,"Queijo de cabra curado, 430g",,9.79,22.77,0,kg,€/Kg,,,https://driveimg1.intermarche.com/pt/Content/images/boitmal/produit/zoom/3008A541CFBC9164F25334BBFD7D2C16.jpg,,,,2024-11-20T23:59:59.999999999Z,PROSPECTUS,10,3
9790,5606314012347,700.0,Vila das Rainhas,Ginja extra com frutos de obidos,Garrafa de 700 ml,14.49,20.7,700,L,€/L,,,https://driveimg1.intermarche.com/pt/Content/images/boitmal/produit/zoom/67CF81E5E2DE9B10D6303E13941EAF9D.jpg,,,,2024-12-24T23:59:59.999999999Z,PROSPECTUS,10,3
9896,7613033331916,1000.0,Nestlé,Bebida láctea crescimento c/ bolacha maria,Embalagem de 1 litro,2.11,2.11,1000,L,€/L,,,https://driveimg1.intermarche.com/pt/Content/images/boitmal/produit/zoom/0FDF7119A78A1611EB5107F7C7E26C03.jpg,,,,2024-11-20T23:59:59.999999999Z,PROSPECTUS,10,3
9900,7613034010605,3000.0,Friskies,Ração para cão adulto omega com vaca e peixe,Embalagem de 3 kg,9.74,3.25,0,kg,€/Kg,,,https://driveimg1.intermarche.com/pt/Content/images/boitmal/produit/zoom/A566CFF3F32DCF34431ED09A7E9C8E88.jpg,,,,2024-11-20T23:59:59.999999999Z,PROSPECTUS,10,3
9914,7613034515643,400.0,Yogolino,Nestle iogolino prep iog bolacha 100g,Embalagem de 400g,2.54,6.35,0,kg,€/Kg,,,https://driveimg1.intermarche.com/pt/Content/images/boitmal/produit/zoom/63C83CFCB263E0E094FFB547D1F58C13.jpg,,,,2024-11-20T23:59:59.999999999Z,PROSPECTUS,10,3
9915,7613034515667,400.0,Yogolino,Nestle iogolino prep iog baunilha 100g,Embalagem de 400g,2.54,6.35,0,kg,€/Kg,,,https://driveimg1.intermarche.com/pt/Content/images/boitmal/produit/zoom/6DFBF92BD5C54390DA283A2A6DCEF443.jpg,,,,2024-11-20T23:59:59.999999999Z,PROSPECTUS,10,3
9989,8000430133035,125.0,Galbani,Queijo mozzarella fresca,Embalagem de 125 g,1.65,13.2,0,kg,€/Kg,,,https://driveimg1.intermarche.com/pt/Content/images/boitmal/produit/zoom/605C9FB94611B32191667C7EDC36EC8E.jpg,,,,2024-11-20T23:59:59.999999999Z,PROSPECTUS,10,3
10056,8410036800468,750.0,Freixenet,"Espumante cava bruto, reserva",Garrafa de 750 ml,7.99,10.65,750,L,€/L,,,https://driveimg1.intermarche.com/pt/Content/images/boitmal/produit/zoom/71005F461E53AA0E268F973931CDE2DB.jpg,,,,2024-12-24T23:59:59.999999999Z,PROSPECTUS,10,3
10057,8410036800512,750.0,Freixenet,Espumante cava meio seco reserva,Garrafa de 750 ml,6.99,9.32,750,L,€/L,,,https://driveimg1.intermarche.com/pt/Content/images/boitmal/produit/zoom/595A72B091587557F63E6DF8F5C0E8F8.jpg,,,,2024-12-24T23:59:59.999999999Z,PROSPECTUS,10,3
10091,8410100059839,360.0,Nestlé,"Queijinho petit nesquik,  6 x 60 g",,2.79,7.75,0,kg,€/Kg,,,https://driveimg1.intermarche.com/pt/Content/images/boitmal/produit/zoom/DBBACE0B574A9C35FF94ECEF6B014E4C.jpg,,,,2024-11-20T23:59:59.999999999Z,PROSPECTUS,10,3
10094,8435257040776,640.0,Nestlé,"Iogurte líquido yoggi banana,  4 x 160 g",,1.99,3.11,0,kg,€/Kg,,,https://driveimg1.intermarche.com/pt/Content/images/boitmal/produit/zoom/7A1039A34E2D3851553F65DFE7093FB2.jpg,,,,2024-11-20T23:59:59.999999999Z,PROSPECTUS,10,3
10095,8435257040899,640.0,Nestlé,"Iogurte líquido yoggi morango,  4 x 160 g",,1.99,3.11,0,kg,€/Kg,,,https://driveimg1.intermarche.com/pt/Content/images/boitmal/produit/zoom/F1F347BA34EB28F1148C3C442A42CC17.jpg,,,,2024-11-20T23:59:59.999999999Z,PROSPECTUS,10,3
10111,8410104402501,200.0,Vanish,"Pré-lavagem power gel, garrafa de 200 ml",,3.89,19.45,200,L,€/L,,,https://driveimg1.intermarche.com/pt/Content/images/boitmal/produit/zoom/43BF12F00EF01640414435278CB9BD77.jpg,,,,2024-11-20T23:59:59.999999999Z,PROSPECTUS,10,3
10213,3600524074685,200.0,Elvive,Champô Regenerador Paris Elseve Bond Repair,200 ml,4.94,24.7,200,L,€/L,,,https://driveimg1.intermarche.com/pt/Content/images/boitmal/produit/zoom/C610A34049EDAE997104E83634B44603.jpg,,,,2024-11-20T23:59:59.999999999Z,PROSPECTUS,10,3
10357,8411300041686,,Nutrisse,"Coloração permanente, castanho dourado, nº43",1 unidade,6.14,6.14,0,,€/Unidade,,,https://driveimg1.intermarche.com/pt/Content/images/boitmal/produit/zoom/F3CAD81C888E9FFE93917424EC3657D7.jpg,,,,2024-11-20T23:59:59.999999999Z,PROSPECTUS,10,3
10361,8411300042881,50.0,L'oreal,"Creme de noite, age perfect",Embalagem de 50 ml,11.19,223.8,50,L,€/L,,,https://driveimg1.intermarche.com/pt/Content/images/boitmal/produit/zoom/A5CC6B1E3E9710C8278CCE3385A1F3E2.jpg,,,,2024-11-20T23:59:59.999999999Z,PROSPECTUS,10,3
10509,8435250297955,256.0,Nestlé,"Iogurte mix-in smarties baunilha,  2 x 128 g",,1.99,7.77,0,kg,€/Kg,,,https://driveimg1.intermarche.com/pt/Content/images/boitmal/produit/zoom/4FC6F733C531A7A948940F213F0E604D.jpg,,,,2024-11-20T23:59:59.999999999Z,PROSPECTUS,10,3
10512,8435250439577,232.0,Nestlé,"Iogurte mix-in nesquik,  2 x 115 g",,1.99,8.58,0,kg,€/Kg,,,https://driveimg1.intermarche.com/pt/Content/images/boitmal/produit/zoom/B4A9B3F7F589CA090A23F817C058A787.jpg,,,,2024-11-20T23:59:59.999999999Z,PROSPECTUS,10,3
10513,8435250439591,236.0,Nestlé,"Iogurte mix-in chocapic,  2 x 118 g",,1.99,8.43,0,kg,€/Kg,,,https://driveimg1.intermarche.com/pt/Content/images/boitmal/produit/zoom/0789BA3D2E6EA8E7B9EBDD728E77A7C3.jpg,,,,2024-11-20T23:59:59.999999999Z,PROSPECTUS,10,3
10823,2895063000000,250.0,Castelões,Queijo Curado kg,1 un = 250 gr  (aprox.),2.75,10.99,0,,€/Kg,,,https://driveimg1.intermarche.com/pt/Content/images/boitmal/produit/zoom/75B6363D9B6BD363EA11623977BF1CB2.jpg,,,,2024-11-20T23:59:59.999999999Z,PROSPECTUS,10,3
10858,3023290400111,400.0,Nestlé,Sobremesa banana/laranja/bolacha,Embalagem de 4 x 100 g,1.99,4.98,0,kg,€/Kg,,,https://driveimg1.intermarche.com/pt/Content/images/boitmal/produit/zoom/041AEAA15D5C254A10039C7CB21C8A11.jpg,,,,2024-11-20T23:59:59.999999999Z,PROSPECTUS,10,3
10859,3023290400395,230.0,Nestlé,"Iogurte mix-in kit kat,  2 x 115 g",,1.99,8.65,0,kg,€/Kg,,,https://driveimg1.intermarche.com/pt/Content/images/boitmal/produit/zoom/D24FD8641E9037F3EAA23A9C6F869324.jpg,,,,2024-11-20T23:59:59.999999999Z,PROSPECTUS,10,3
10899,3228021000084,250.0,Président,Manteiga la motte sal do mar,Embalagem de 250 g,3.55,14.2,0,kg,€/Kg,,,https://driveimg1.intermarche.com/pt/Content/images/boitmal/produit/zoom/153C6DDCD2E6CEC05A8A1B3D2D6E4471.jpg,,,,2024-11-20T23:59:59.999999999Z,PROSPECTUS,10,3
10900,3228021920191,250.0,Président,Manteiga fácil de barrar,Embalagem de 250g,3.37,13.48,0,kg,€/Kg,,,https://driveimg1.intermarche.com/pt/Content/images/boitmal/produit/zoom/4D96FDED3FC03AA427EBA14DEAEC2804.jpg,,,,2024-11-20T23:59:59.999999999Z,PROSPECTUS,10,3
10901,3228022000298,250.0,Président,Manteiga magra baixo teor sal,Embalagem de 250g,2.49,9.96,0,kg,€/Kg,,,https://driveimg1.intermarche.com/pt/Content/images/boitmal/produit/zoom/39754817E202726209A4761F94FED7A7.jpg,,,,2024-11-20T23:59:59.999999999Z,PROSPECTUS,10,3
11245,4011100005884,400.0,M&M's,"M&ms pouch, amendoim",Embalagem de 400 g,3.99,9.98,0,kg,€/Kg,,,https://driveimg1.intermarche.com/pt/Content/images/boitmal/produit/zoom/DE869D7F093BA8800A8BC7E78EBCC4DC.jpg,,,,2024-11-20T23:59:59.999999999Z,PROSPECTUS,10,3
11392,5410076960651,75.0,Oral B,Dentífrico Complete Elixir e Branqueador,Embalagem de 75 ml,2.24,29.87,75,L,€/L,,,https://driveimg1.intermarche.com/pt/Content/images/boitmal/produit/zoom/E0FA37D23E4C3314DFC0B99006F5FE34.jpg,,,,2024-11-20T23:59:59.999999999Z,PROSPECTUS,10,3
11477,5601043114119,450.0,Branca de neve,Preparado para bolo de laranja,Embalagem de 450g,2.89,6.42,0,kg,€/Kg,,,https://driveimg1.intermarche.com/pt/Content/images/boitmal/produit/zoom/8611E01B23250F38A34564831D35E5D5.jpg,,,,2024-11-20T23:59:59.999999999Z,PROSPECTUS,10,3
11505,5601050033793,620.0,Danone,"Iogurte activia líquido kiwi,  4 x 155 g",,1.99,3.21,0,kg,€/Kg,,,https://driveimg1.intermarche.com/pt/Content/images/boitmal/produit/zoom/757255A002BED1AF00FC2ECE09877B17.jpg,,,,2024-11-20T23:59:59.999999999Z,PROSPECTUS,10,3
11531,5601077161097,750.0,Velhotes,Vinho do porto special reserve," garrafa de 0,75 l",7.99,10.65,750,L,€/L,,,https://driveimg1.intermarche.com/pt/Content/images/boitmal/produit/zoom/F2318B61D6931E4A6AADC37AEA607F5D.jpg,,,,2024-12-24T23:59:59.999999999Z,PROSPECTUS,10,3
11532,5601077171140,750.0,Velhotes,"Vinho Porto 10 anos, garrafa de 0.75 l",,10.99,14.65,750,L,€/L,,,https://driveimg1.intermarche.com/pt/Content/images/boitmal/produit/zoom/F4F8986D9DF6477A6B433BC0526269E4.jpg,,,,2024-12-24T23:59:59.999999999Z,PROSPECTUS,10,3
11640,5601180000993,1000.0,Vigor,Leite pasteurizado gordo,Garrafa de 1 l,0.98,0.98,1000,L,€/L,,,https://driveimg1.intermarche.com/pt/Content/images/boitmal/produit/zoom/D35A2632D9FCF31B32BD4205099C2552.jpg,,,,2024-11-20T23:59:59.999999999Z,PROSPECTUS,10,3
11641,5601180001020,1000.0,Vigor,Leite pasteurizado meio gordo,Garrafa de 1 l,0.98,0.98,1000,L,€/L,,,https://driveimg1.intermarche.com/pt/Content/images/boitmal/produit/zoom/27E81D9C59177D8FE66A1E22F472A238.jpg,,,,2024-11-20T23:59:59.999999999Z,PROSPECTUS,10,3
11642,5601180002003,1000.0,Vigor,Leite pasteurizado magro,Garrafa de 1 l,0.98,0.98,1000,L,€/L,,,https://driveimg1.intermarche.com/pt/Content/images/boitmal/produit/zoom/4712850F57AD5A8BB3282BD0DF37AD78.jpg,,,,2024-11-20T23:59:59.999999999Z,PROSPECTUS,10,3
11656,5601195510128,1000.0,Pedras Salgadas,Água com gás limão,pack 4 x 0.25 l,1.99,1.99,1000,L,€/L,,,https://driveimg1.intermarche.com/pt/Content/images/boitmal/produit/zoom/9870F7D10B9ED7376F5917B0306BAC76.jpg,,,,2024-11-20T23:59:59.999999999Z,PROSPECTUS,10,3
11685,5601244202042,150.0,Terra Nostra,"Queijo flamengo, ralado",Embalagem de 150g,1.49,9.93,0,kg,€/Kg,,,https://driveimg1.intermarche.com/pt/Content/images/boitmal/produit/zoom/D57397560EC0A59BBB96B5304E9DEE30.jpg,,,,2024-11-20T23:59:59.999999999Z,PROSPECTUS,10,3
11688,5601244202318,200.0,Terra Nostra,Queijo flamengo em fatias,Embalagem de 200g,2.19,10.95,0,kg,€/Kg,,,https://driveimg1.intermarche.com/pt/Content/images/boitmal/produit/zoom/1AC37D1F5312990D8FFDE85110EEAFAE.jpg,,,,2024-11-20T23:59:59.999999999Z,PROSPECTUS,10,3
11714,5601286402301,120.0,Nacional,Bolachas mini alfa,Embalagem de 120g,1.04,8.67,0,kg,€/Kg,,,https://driveimg1.intermarche.com/pt/Content/images/boitmal/produit/zoom/51EAE1E8FB282C46C3D148FFEA696859.jpg,,,,2024-11-20T23:59:59.999999999Z,PROSPECTUS,10,3
11753,5601489781357,135.0,Du Bois de la Roche,Feuilletine,Embalagem de 135 g,1.64,12.15,0,kg,€/Kg,,,https://driveimg1.intermarche.com/pt/Content/images/boitmal/produit/zoom/7507F307565E10DF3DF6322B65368856.jpg,,,,2024-11-20T23:59:59.999999999Z,PROSPECTUS,10,3
11974,5603722508752,200.0,Castelões,Queijo em fatias original,Embalagem de 200g,2.09,10.45,0,kg,€/Kg,,,https://driveimg1.intermarche.com/pt/Content/images/boitmal/produit/zoom/9FEB09D8F116F09205434B0A49717030.jpg,,,,2024-11-20T23:59:59.999999999Z,PROSPECTUS,10,3
11987,5604055112821,2500.0,Fastio,"Água mineral sem gás, garrafão de 2,5L",,1.09,0.44,2500,L,€/L,,,https://driveimg1.intermarche.com/pt/Content/images/boitmal/produit/zoom/D9740D5BDF13334ECF645314730F56EC.jpg,,,,2024-11-20T23:59:59.999999999Z,PROSPECTUS,10,3
12237,7613034725936,390.0,Nesquik,Achocolatado em pó extra chocolate,Embalagem de 390g,4.75,12.18,0,kg,€/Kg,,,https://driveimg1.intermarche.com/pt/Content/images/boitmal/produit/zoom/BB833C246FA0F7BBDDFD7107AA28A5C9.jpg,,,,2024-11-20T23:59:59.999999999Z,PROSPECTUS,10,3
12325,8410000827446,440.0,Oreo,Bolachas oreo,Embalagem de 440g,2.99,6.8,0,kg,€/Kg,,,https://driveimg1.intermarche.com/pt/Content/images/boitmal/produit/zoom/7FB878BD0E0E056A811C587B8C6317B3.jpg,,,,2024-11-20T23:59:59.999999999Z,PROSPECTUS,10,3
12346,8410100012667,1000.0,Nestlé,Bebida láctea crescimento 3 anos+,Embalagem de 1 litro,1.98,1.98,1000,L,€/L,,,https://driveimg1.intermarche.com/pt/Content/images/boitmal/produit/zoom/07D3A6BF9D7F8B6281B1B7254965DD78.jpg,,,,2024-11-20T23:59:59.999999999Z,PROSPECTUS,10,3
12347,8410100012674,1000.0,Nestlé,"Bebida láctea crescimento 1-3 anos, cereais",Embalagem de 1 litro,2.11,2.11,1000,L,€/L,,,https://driveimg1.intermarche.com/pt/Content/images/boitmal/produit/zoom/4A82484CB3674F1A33FCD2F0D59DB2B0.jpg,,,,2024-11-20T23:59:59.999999999Z,PROSPECTUS,10,3
12379,8410285015354,250.0,Président,Chantilly,Embalagem de 250 g,2.69,10.76,0,kg,€/Kg,,,https://driveimg1.intermarche.com/pt/Content/images/boitmal/produit/zoom/B654208BFA286B469467D921BFF560D4.jpg,,,,2024-11-20T23:59:59.999999999Z,PROSPECTUS,10,3
12468,8435250439584,256.0,Nestlé,"Iogurte mix-in smarties morango,  2 x 128 g",,1.99,7.77,0,kg,€/Kg,,,https://driveimg1.intermarche.com/pt/Content/images/boitmal/produit/zoom/A56FAF9000F1827F93D14D3DAF96AF68.jpg,,,,2024-11-20T23:59:59.999999999Z,PROSPECTUS,10,3
12732,3428274120014,1000.0,Président,Leite de cabra uht meio gordo,Embalagem 1L,2.33,2.33,1000,L,€/L,,,https://driveimg1.intermarche.com/pt/Content/images/boitmal/produit/zoom/A4DE3EA7934B3A8ABFC641CD50C6AF49.jpg,,,,2024-11-20T23:59:59.999999999Z,PROSPECTUS,10,3
12819,3600522023883,400.0,Elvive,Champô total repair,Embalagem de 400 ml,3.99,9.98,400,L,€/L,,,https://driveimg1.intermarche.com/pt/Content/images/boitmal/produit/zoom/EA7D6E07CD09475944FC0B7344377C93.jpg,,,,2024-11-20T23:59:59.999999999Z,PROSPECTUS,10,3
12825,3600522282006,400.0,Elvive,Champô Arginina,Embalagem de 400 ml,3.99,9.98,400,L,€/L,,,https://driveimg1.intermarche.com/pt/Content/images/boitmal/produit/zoom/832D274A47C2AA7B477B5C7301E042D6.jpg,,,,2024-11-20T23:59:59.999999999Z,PROSPECTUS,10,3
12832,3600522417101,50.0,L'oreal,"Creme anti-rugas revitalizante fps30, dia",Embalagem de 50 ml,10.99,219.8,50,L,€/L,,,https://driveimg1.intermarche.com/pt/Content/images/boitmal/produit/zoom/1F3D6DD8A0442A44ED3F56B9CB098A50.jpg,,,,2024-11-20T23:59:59.999999999Z,PROSPECTUS,10,3
12859,3600541043176,,Nutrisse,"Coloração permanente, castanho tiramissu nº4.15",1 unidade,6.14,6.14,0,,€/Unidade,,,https://driveimg1.intermarche.com/pt/Content/images/boitmal/produit/zoom/3DD39849E806A8E12336B08F658CBD79.jpg,,,,2024-11-20T23:59:59.999999999Z,PROSPECTUS,10,3
12898,2893293000000,400.0,Programa Origens,Dourada,1 un= 400 grs (aprox.),3.6,8.99,0,,€/Kg,,,https://driveimg1.intermarche.com/pt/Content/images/boitmal/produit/zoom/C31674A8091A23D417267BFA3B068C9A.jpg,,,,2024-11-20T23:59:59.999999999Z,PROSPECTUS,10,3
12931,2892054000000,250.0,Fruta,Anona,1 un = 250 gr  (aprox.),0.75,2.99,0,,€/Kg,,,https://driveimg1.intermarche.com/pt/Content/images/boitmal/produit/zoom/BE303D27F43E7E1297CA176B37D596FB.jpg,,,,2024-11-20T23:59:59.999999999Z,PROSPECTUS,10,3
12943,2892087000000,1500.0,Fruta,Mamão,"1 un = 1,5 kg (aprox.)",5.84,3.89,0,,€/Kg,,,https://driveimg1.intermarche.com/pt/Content/images/boitmal/produit/zoom/7BEA239E9FBE1F40B72B7D640F731AC1.jpg,,,,2024-11-20T23:59:59.999999999Z,PROSPECTUS,10,3
13000,2892533000000,1000.0,Legumes,Couve branca,1 un= 1 kg aprox,0.99,0.99,0,,€/Kg,,,https://driveimg1.intermarche.com/pt/Content/images/boitmal/produit/zoom/4A118CCD7A01ABE88026942CC385EB6B.jpg,,,,2024-11-20T23:59:59.999999999Z,PROSPECTUS,10,3
13094,2893070000000,150.0,Peixaria,Carapau Médio Fresco,1 un = 150 gr (aprox.),0.52,3.49,0,,€/Kg,,,https://driveimg1.intermarche.com/pt/Content/images/boitmal/produit/zoom/5561FF39144D34B65C5FB553D6B1F100.jpg,,,,2024-11-20T23:59:59.999999999Z,PROSPECTUS,10,3
13158,2893143000000,100.0,Peixaria,Lula Descongelada,1 un= 100 gr (aprox.),1.0,9.99,0,,€/Kg,,,https://driveimg1.intermarche.com/pt/Content/images/boitmal/produit/zoom/ED50EDDD473B6F16081950AF9B5B4382.jpg,,,,2024-11-20T23:59:59.999999999Z,PROSPECTUS,10,3
13242,2893227000000,200.0,Peixaria,Robalo de Viveiro,de 200 a 600 g (aprox.),1.2,5.99,0,,€/Kg,,,https://driveimg1.intermarche.com/pt/Content/images/boitmal/produit/zoom/48561D1FC8B0542874DDBC21F2E9ADCA.jpg,,,,2024-11-20T23:59:59.999999999Z,PROSPECTUS,10,3
13301,2893289000000,3000.0,Peixaria,Corvina de Viveiro,1 un= 3kg (aprox.),26.97,8.99,0,,€/Kg,,,https://driveimg1.intermarche.com/pt/Content/images/boitmal/produit/zoom/83ADCE39E3F3130F9BFEFF70598B2034.jpg,,,,2024-11-20T23:59:59.999999999Z,PROSPECTUS,10,3
13302,2893290000000,1000.0,Peixaria,Dentão,1 un= 1 kg (aprox.),6.99,6.99,0,,€/Kg,,,https://driveimg1.intermarche.com/pt/Content/images/boitmal/produit/zoom/3F6402D2375D7930A6CC0342C4AD3F79.jpg,,,,2024-11-20T23:59:59.999999999Z,PROSPECTUS,10,3
13541,2893533000000,250.0,Congelado de Aquicultura,Camarão Congelado 60/80,1 un = 250 gr  (aprox.),1.75,6.99,0,,€/Kg,,Avantages !,https://driveimg1.intermarche.com/pt/Content/images/boitmal/produit/zoom/29A2DFA509FFDAFCD18E7F308BD753B4.jpg,,,,2024-11-20T23:59:59.999999999Z,PROSPECTUS,10,3
13577,2893572000000,200.0,Peixaria,Pota Inteira Congelada,1 un= 200 gr (aprox.),1.0,4.99,0,,€/Kg,,Avantages !,https://driveimg1.intermarche.com/pt/Content/images/boitmal/produit/zoom/B2D6321EA80C5271A6C9DE3162C36D95.jpg,,,,2024-11-20T23:59:59.999999999Z,PROSPECTUS,10,3
13602,2893597000000,500.0,Peixaria,Pescada Média Argentina Congelada,+ de 500 g,1.8,3.59,0,,€/Kg,,Avantages !,https://driveimg1.intermarche.com/pt/Content/images/boitmal/produit/zoom/0B666403B9A0F93B2C5A3F28805283FC.jpg,,,,2024-11-20T23:59:59.999999999Z,PROSPECTUS,10,3
13813,2892489000000,250.0,Legumes,Batata Doce,1 un = 250 gr  (aprox.),0.32,1.29,0,,€/Kg,,,https://driveimg1.intermarche.com/pt/Content/images/boitmal/produit/zoom/B0785A3D8A1A6773EB1FB43B119AC4D9.jpg,,,,2024-11-20T23:59:59.999999999Z,PROSPECTUS,10,3
13866,2891048000000,1000.0,Porco,Bifanas,Vendido ao peso a partir de 1 kg,4.98,4.98,0,,€/Kg,,,https://driveimg1.intermarche.com/pt/Content/images/boitmal/produit/zoom/C9E276B082B119EFEDC2A2B0E1BC737E.jpg,,,,2024-11-20T23:59:59.999999999Z,PROSPECTUS,10,3
13892,2891041000000,1000.0,Porco,Costeletas do Lombo,Vendido ao peso a partir de 1 kg,3.99,3.99,0,,€/Kg,,,https://driveimg1.intermarche.com/pt/Content/images/boitmal/produit/zoom/0CEDBCB04142A68CDED3690FB39820D0.jpg,,,,2024-11-20T23:59:59.999999999Z,PROSPECTUS,10,3
13893,2891043000000,1000.0,Porco,Entrecosto,Vendido ao peso a partir de 1 kg,5.99,5.99,0,,€/Kg,,,https://driveimg1.intermarche.com/pt/Content/images/boitmal/produit/zoom/AA05EE99D302D59771FCC108473E0700.jpg,,,,2024-11-20T23:59:59.999999999Z,PROSPECTUS,10,3
13894,2891044000000,1000.0,Porco,Entremeada sem Entrecosto,Vendido ao peso a partir de 1 kg,4.88,4.88,0,,€/Kg,,,https://driveimg1.intermarche.com/pt/Content/images/boitmal/produit/zoom/C03EF63C56AFB4E4EA78E134436BF30C.jpg,,,,2024-11-20T23:59:59.999999999Z,PROSPECTUS,10,3
13897,2891053000000,1000.0,Porco,Lombo sem Osso,Vendido ao peso a partir de 1 kg,4.89,4.89,0,,€/Kg,,,https://driveimg1.intermarche.com/pt/Content/images/boitmal/produit/zoom/415564DA70574ED3C1D7475F1F28BDB6.jpg,,,,2024-11-20T23:59:59.999999999Z,PROSPECTUS,10,3
13914,2891225000000,350.0,Frango,Perna com Costa,1 un. = 300 g (aprox.),0.8,2.29,0,,€/Kg,,,https://driveimg1.intermarche.com/pt/Content/images/boitmal/produit/zoom/89930EDC34D301922B922A95CF09456D.jpg,,,,2024-11-20T23:59:59.999999999Z,PROSPECTUS,10,3
13957,2891233000000,100.0,Aves,Salsicha Fresca de Aves,1 un = 100 gr (aprox.),0.5,4.99,0,,€/Kg,,,https://driveimg1.intermarche.com/pt/Content/images/boitmal/produit/zoom/0A11AADC497489C7F99DD3047DDB09B1.jpg,,,,2024-11-20T23:59:59.999999999Z,PROSPECTUS,10,3
13966,2696019000000,450.0,Padaria,Pão Regional Rio Maior Inteiro,1 unidade= 450 g,1.09,2.42,0,kg,€/Kg,,,https://driveimg1.intermarche.com/pt/Content/images/boitmal/produit/zoom/DCDBDD7ABCA77222995FAC9FB2CA51ED.jpg,,,,2024-11-20T23:59:59.999999999Z,PROSPECTUS,10,3
14217,7613033174667,160.0,Nescafé,Café em cápsulas dolce gusto galão,Embalagem de 16 cápsulas,5.49,34.31,0,kg,€/Kg,,,https://driveimg1.intermarche.com/pt/Content/images/boitmal/produit/zoom/20D756527B9266C705A8FDA6B25B4816.jpg,,,,2024-11-20T23:59:59.999999999Z,PROSPECTUS,10,3
14308,5000116124138,204.0,Iglo,2 crocantes frango  recheio alho&ervas 204g,Embalagem de 200g,3.99,19.56,0,kg,€/Kg,,Tipo de stockagem,https://driveimg1.intermarche.com/pt/Content/images/boitmal/produit/zoom/327E2C86DAFAD6DB9B0C7D64096CB3A0.jpg,,,,2024-11-20T23:59:59.999999999Z,PROSPECTUS,10,3
14337,3387390320008,140.0,Nestlé,Barras fitness com chocolate,Embalagem de 140g,2.09,14.93,0,kg,€/Kg,,,https://driveimg1.intermarche.com/pt/Content/images/boitmal/produit/zoom/8F46EC9D9DB3A3442793A7E831ACEE36.jpg,,,,2024-11-20T23:59:59.999999999Z,PROSPECTUS,10,3
14339,3387390325911,630.0,Nestlé,Cereais fitness,Embalagem de 630g,4.59,7.29,0,kg,€/Kg,,,https://driveimg1.intermarche.com/pt/Content/images/boitmal/produit/zoom/B3B7D0C0554F9B07E610EDBBFFBD0CD0.jpg,,,,2024-11-20T23:59:59.999999999Z,PROSPECTUS,10,3
14340,3387390326291,140.0,Nestlé,Barras fitness com morango,Embalagem de 140g,2.09,14.93,0,kg,€/Kg,,,https://driveimg1.intermarche.com/pt/Content/images/boitmal/produit/zoom/ABF74D21E3C804C027E678D6B2AB2D7B.jpg,,,,2024-11-20T23:59:59.999999999Z,PROSPECTUS,10,3
14341,3387390335217,380.0,Nestlé,Cereais fitness,Embalagem de 380g,2.99,7.87,0,kg,€/Kg,,,https://driveimg1.intermarche.com/pt/Content/images/boitmal/produit/zoom/06B150B3AA3EA0CA8C7A18242AD69C48.jpg,,,,2024-11-20T23:59:59.999999999Z,PROSPECTUS,10,3
14396,3387390326284,140.0,Nestlé,Barras fitness natural 141g,Embalagem de 140g,2.09,14.93,0,kg,€/Kg,,,https://driveimg1.intermarche.com/pt/Content/images/boitmal/produit/zoom/BE5AEFEB9E2D4C79B21698CDC945E5E8.jpg,,,,2024-11-20T23:59:59.999999999Z,PROSPECTUS,10,3
14707,5601226041522,600.0,Ucal,Galão enriquecido em cálcio,Embalagem de 3 x 200 ml,1.79,2.98,600,L,€/L,,,https://driveimg1.intermarche.com/pt/Content/images/boitmal/produit/zoom/71F6A26E117382BAA02E73F251EDC96E.jpg,,,,2024-11-20T23:59:59.999999999Z,PROSPECTUS,10,3
14708,5601244202332,250.0,Terra Nostra,Manteiga c/sal,Embalagem de 250g,2.29,9.16,0,kg,€/Kg,,,https://driveimg1.intermarche.com/pt/Content/images/boitmal/produit/zoom/F856625366E0E50DFC4757127A46E849.jpg,https://driveimg1.intermarche.com/pt/Content/images/boitmal/produit/zoom/9D76B5CC4F670644A71C1CF49788751C.jpg,,,2024-11-20T23:59:59.999999999Z,PROSPECTUS,10,3
14711,5601286402332,180.0,Nacional,Bolacha alfa,Embalagem de 180g,1.04,5.78,0,kg,€/Kg,,,https://driveimg1.intermarche.com/pt/Content/images/boitmal/produit/zoom/5276D08644D4F57D25BB338DF64F883B.jpg,,,,2024-11-20T23:59:59.999999999Z,PROSPECTUS,10,3
14720,8008698005576,300.0,Schar,Pão clássico sem glúten,Embalagem de 300g,2.95,9.83,0,kg,€/Kg,,,https://driveimg1.intermarche.com/pt/Content/images/boitmal/produit/zoom/660CC4160DCD2D99F6A132745B727B63.jpg,,,,2024-11-20T23:59:59.999999999Z,PROSPECTUS,10,3
14721,8008698007389,300.0,Schar,Pão forma cereais sem glúten,Embalagem de 300g,3.15,10.5,0,kg,€/Kg,,,https://driveimg1.intermarche.com/pt/Content/images/boitmal/produit/zoom/25D9D55C4D35E8530A9694643DEAE008.jpg,,,,2024-11-20T23:59:59.999999999Z,PROSPECTUS,10,3
14722,8410063045917,800.0,Pescanova,Camarão vannamei 24/40,Embalagem de 800g,9.99,12.49,0,kg,€/Kg,,Tipo de stockagem,https://driveimg1.intermarche.com/pt/Content/images/boitmal/produit/zoom/815643BC9E764D97D66191EFE1146B1B.jpg,,,,2024-11-20T23:59:59.999999999Z,PROSPECTUS,10,3
14723,8410063045139,800.0,Pescanova,Camarao vannamei 40/48,Embalagem de 800G,8.69,10.86,0,kg,€/Kg,,Tipo de stockagem,https://driveimg1.intermarche.com/pt/Content/images/boitmal/produit/zoom/86FF4AA7A72B23A42C93B1A98520DED6.jpg,,,,2024-11-20T23:59:59.999999999Z,PROSPECTUS,10,3
14858,2696002000000,250.0,PorSi,Baguete,250 g,0.44,1.76,0,kg,€/Kg,,,https://driveimg1.intermarche.com/pt/Content/images/boitmal/produit/zoom/8311AC325D7D7C5FB5753C9B337353B0.jpg,,,,2024-11-20T23:59:59.999999999Z,PROSPECTUS,10,3
14871,2696213000000,,Padaria,Empada de Frango 60 g,,0.89,0.89,0,,€/Unidade,,,https://driveimg1.intermarche.com/pt/Content/images/boitmal/produit/zoom/FE72B4FE551488757215B5AD71B1F425.jpg,,,,2024-11-20T23:59:59.999999999Z,PROSPECTUS,10,3
14921,2892534000000,400.0,Legumes,Couve Bróculo,Vendido ao peso,0.92,2.29,0,,€/Kg,,,https://driveimg1.intermarche.com/pt/Content/images/boitmal/produit/zoom/4F48873F332B6ECE759CD88793270811.jpg,,,,2024-11-20T23:59:59.999999999Z,PROSPECTUS,10,3
15010,2892545000000,1000.0,Programa Origens,Couve Flor,1 un = 1 kg (aprox.),1.99,1.99,0,,€/Kg,,,https://driveimg1.intermarche.com/pt/Content/images/boitmal/produit/zoom/73DF9B2986748054B9303F926F23B964.jpg,,,,2024-11-20T23:59:59.999999999Z,PROSPECTUS,10,3
15012,2892549000000,1000.0,PorSi,Couve Penca (Portuguesa) Programa Origens,1 un = 1 kg (aprox.),1.59,1.59,0,,€/Kg,,,https://driveimg1.intermarche.com/pt/Content/images/boitmal/produit/zoom/EE987F3E9930327662D1A159E001738F.jpg,,,,2024-11-20T23:59:59.999999999Z,PROSPECTUS,10,3
15013,2892586000000,1000.0,Programa Origens,Couve Roxa,1 un = 1 kg (aprox.),0.99,0.99,0,,€/Kg,,,https://driveimg1.intermarche.com/pt/Content/images/boitmal/produit/zoom/C15FB4AA650D08814701170E90E9EDB6.jpg,,,,2024-11-20T23:59:59.999999999Z,PROSPECTUS,10,3
15299,0000050159475,40.0,Whiskas,Snack dentabits 40g,Embalagem de 40g,1.94,48.5,0,kg,€/Kg,,,https://driveimg1.intermarche.com/pt/Content/images/boitmal/produit/zoom/336F62EF548DAF95F7CDD2C58FE99C29.jpg,,,,2024-11-20T23:59:59.999999999Z,PROSPECTUS,10,3
15566,8410063056180,250.0,Pescanova,Miolo camarao gig.15/30 250g,Embalagem de 250 g,7.79,31.16,0,kg,€/Kg,,Tipo de stockagem,https://driveimg1.intermarche.com/pt/Content/images/boitmal/produit/zoom/2C11C7955D9F286C3884E36B63363071.jpg,,,,2024-11-20T23:59:59.999999999Z,PROSPECTUS,10,3
15879,5601164902282,3000.0,Super Bock,Cerveja Mini,Pack 15 x 0.20 L,6.99,2.33,3000,L,€/L,,,https://driveimg1.intermarche.com/pt/Content/images/boitmal/produit/zoom/B6A4FA8F12716114DD47B614825CAA6B.jpg,,,,2024-11-20T23:59:59.999999999Z,PROSPECTUS,10,3
15886,5601027003859,210.0,Manhãzitos,Manhãzitos original,Embalagem 6x2 unidades,2.29,10.9,0,kg,€/Kg,,,https://driveimg1.intermarche.com/pt/Content/images/boitmal/produit/zoom/71329DB5D34C05CB20373BAE1032B91A.jpg,,,,2024-11-20T23:59:59.999999999Z,PROSPECTUS,10,3
15889,5000116112180,208.0,Capitão Iglo,10 nuggets de frango com cereais integrais,Embalagem de 208 g,2.99,14.38,0,kg,€/Kg,,Tipo de stockagem,https://driveimg1.intermarche.com/pt/Content/images/boitmal/produit/zoom/33E37BD94FEA9CE794B6269CFF0B46F4.jpg,,,,2024-11-20T23:59:59.999999999Z,PROSPECTUS,10,4
15952,7613032918729,3000.0,Friskies,Ração para gato adulto de interior,Embalagem de 3 kg,8.74,2.91,0,kg,€/Kg,,,https://driveimg1.intermarche.com/pt/Content/images/boitmal/produit/zoom/7CA805A2F980FE0091D14971E5B8D99F.jpg,,,,2024-11-20T23:59:59.999999999Z,PROSPECTUS,10,4
15979,5601119242364,650.0,Nobre,Salsichas de Aves Extra Suculentas,frasco de 650g,2.09,3.22,0,kg,€/Kg,,,https://driveimg1.intermarche.com/pt/Content/images/boitmal/produit/zoom/96E028FA4B876A7EDCC2B01C6774E1B0.jpg,,,,2024-11-20T23:59:59.999999999Z,PROSPECTUS,10,4
15980,5601119244368,210.0,Nobre,Salsichas extra suculentas de peru,Frasco de 210g,2.39,11.38,0,kg,€/Kg,,,https://driveimg1.intermarche.com/pt/Content/images/boitmal/produit/zoom/777EA415D5DED2EBA379260001C63756.jpg,,,,2024-11-20T23:59:59.999999999Z,PROSPECTUS,10,4
15981,5601119244375,210.0,Nobre,Salsichas extra suculentas de frango,Frasco de 210g,2.39,11.38,0,kg,€/Kg,,,https://driveimg1.intermarche.com/pt/Content/images/boitmal/produit/zoom/9377F1AC54A3AFE8E58484C3F13B4B3B.jpg,,,,2024-11-20T23:59:59.999999999Z,PROSPECTUS,10,4
16283,4005900100962,,Nivea,Demaquilhante Dupla Ação,1 embalagem de 125g,3.74,3.74,0,,€/Unidade,,,https://driveimg1.intermarche.com/pt/Content/images/boitmal/produit/zoom/1357091F139443F547C90D6EF3ECDE9D.jpg,,,,2024-11-20T23:59:59.999999999Z,PROSPECTUS,10,4
16365,5604055112005,1000.0,Fastio,"Água sem gás, garrafa de 1 l",,0.47,0.47,1000,L,€/L,,,https://driveimg1.intermarche.com/pt/Content/images/boitmal/produit/zoom/4C770528107ABCD7FCD46700399F62BE.jpg,,,,2024-11-20T23:59:59.999999999Z,PROSPECTUS,10,4
16517,5601286260215,500.0,Milaneza,Espirais s/ glúten,Embalagem de 500g,1.99,3.98,0,kg,€/Kg,,,https://driveimg1.intermarche.com/pt/Content/images/boitmal/produit/zoom/56A925808860FBA8046B55A561A8DD98.jpg,,,,2024-11-20T23:59:59.999999999Z,PROSPECTUS,10,4
16518,5601286260222,500.0,Milaneza,Esparguete s/ glúten,Embalagem de 500g,1.99,3.98,0,kg,€/Kg,,,https://driveimg1.intermarche.com/pt/Content/images/boitmal/produit/zoom/EC9DE0661B6AD5943187EC116A093870.jpg,,,,2024-11-20T23:59:59.999999999Z,PROSPECTUS,10,4
16532,8410104156640,250.0,Air Wick,Ambientador recarga delícias de verão,Garrafa de 250 ml,3.59,14.36,250,L,€/L,,,https://driveimg1.intermarche.com/pt/Content/images/boitmal/produit/zoom/1A24418B2FA3D8BC0FEDAE10D82B4634.jpg,,,,2024-11-20T23:59:59.999999999Z,PROSPECTUS,10,4
16534,8410104156664,250.0,Air Wick,Ambientador recarga oasis turquesa,Garrafa de 250 ml,3.59,14.36,250,L,€/L,,,https://driveimg1.intermarche.com/pt/Content/images/boitmal/produit/zoom/3506E793B278DB073DFECF18E7AC2C6A.jpg,,,,2024-11-20T23:59:59.999999999Z,PROSPECTUS,10,4
16566,5029053560243,,Scottex,"Rolo de cozinha branco, mega",1 unidade - 3rolos,2.39,2.39,0,,€/Unidade,,,https://driveimg1.intermarche.com/pt/Content/images/boitmal/produit/zoom/A1D90408922ED32EDA4FC54344F755D3.jpg,,,,2024-11-20T23:59:59.999999999Z,PROSPECTUS,10,4
16693,5601066400916,120.0,Nacional,Bolacha chocomax mini,Embalagem de 120 g,1.04,8.67,0,kg,€/Kg,,,https://driveimg1.intermarche.com/pt/Content/images/boitmal/produit/zoom/369CF09991D63A6D8505CD9C805BD57F.jpg,,,,2024-11-20T23:59:59.999999999Z,PROSPECTUS,10,4
16695,7622210480002,154.0,Oreo,Bolacha golden,Embalagem de 154 g,1.39,9.03,0,kg,€/Kg,,,https://driveimg1.intermarche.com/pt/Content/images/boitmal/produit/zoom/02C806A23EC6E6DE454722D8F3269953.jpg,,,,2024-11-20T23:59:59.999999999Z,PROSPECTUS,10,4
16983,8712100735455,540.0,Olá,Gelado cornetto morango,Embalagem de 6 x 90 ml,3.56,6.59,540,L,€/L,,Tipo de stockagem,https://driveimg1.intermarche.com/pt/Content/images/boitmal/produit/zoom/B4DE454FD5CA5C67863F06FFF45366E8.jpg,https://driveimg1.intermarche.com/pt/Content/images/boitmal/produit/zoom/FF03523E6B925BE3441B0A34A996CA2B.jpg,https://driveimg1.intermarche.com/pt/Content/images/boitmal/produit/zoom/FF03523E6B925BE3441B0A34A996CA2B.jpg,,2024-11-20T23:59:59.999999999Z,PROSPECTUS,10,4
17024,5601286252777,250.0,Milaneza,Cannelloni,Embalagem de 250g,1.33,5.32,0,kg,€/Kg,,,https://driveimg1.intermarche.com/pt/Content/images/boitmal/produit/zoom/CCA9CE4DC3690BAFEB69D1C50C01CEE0.jpg,,,,2024-11-20T23:59:59.999999999Z,PROSPECTUS,10,4
17025,8410376044393,210.0,Gullón,Bolacha diet nature recheio creme,Embalagem de 210g,2.09,9.95,0,kg,€/Kg,,,https://driveimg1.intermarche.com/pt/Content/images/boitmal/produit/zoom/061CA1DA1A2A63B422542CD68AF6757E.jpg,,,,2024-11-20T23:59:59.999999999Z,PROSPECTUS,10,4
17129,2892093000000,250.0,Fruta,Maracujá Roxo,1 un = 250 gr  (aprox.),2.0,7.99,0,,€/Kg,,,https://driveimg1.intermarche.com/pt/Content/images/boitmal/produit/zoom/ECC8CDE139C3DA444F897788D6B33FB9.jpg,,,,2024-11-20T23:59:59.999999999Z,PROSPECTUS,10,4
17207,8006540943687,1800.0,Fairy,Detergente manual de loiça limão,Embalagem de 2 x 900 ml,6.89,3.83,1800,L,€/L,,,https://driveimg1.intermarche.com/pt/Content/images/boitmal/produit/zoom/B2EE328B1B3FB1BA0162E77ED87C40E9.jpg,,,,2024-11-20T23:59:59.999999999Z,PROSPECTUS,10,4
17402,8412600027233,700.0,Bimbo,Pão forma familiar normal,embalagem de 700 g,1.99,2.84,0,kg,€/Kg,,,https://driveimg1.intermarche.com/pt/Content/images/boitmal/produit/zoom/DE8CCFFBC376CC9F4596A72F8ABC4CE5.jpg,,,,2024-11-20T23:59:59.999999999Z,PROSPECTUS,10,4
17726,5601007000601,1500.0,Esteva,Conjunto Vinho tinto DOC Douro,Conj 2X75 cl,8.99,5.99,1500,L,€/L,,,https://driveimg1.intermarche.com/pt/Content/images/boitmal/produit/zoom/F5519A144EE41C30166FE163E76ED231.jpg,,,,2024-12-24T23:59:59.999999999Z,PROSPECTUS,10,4
17749,5601174903026,1500.0,Periquita,Vinho Regional Península Setúbal Tinto,"Caixa de 2x0,75 l",7.99,5.33,1500,L,€/L,,,https://driveimg1.intermarche.com/pt/Content/images/boitmal/produit/zoom/E3122BBE183CF671A469172A41854F2A.jpg,,,,2024-12-24T23:59:59.999999999Z,PROSPECTUS,10,4
17752,5601749003045,750.0,Martha's,Moscatel Pedro Álvares Cabral,Garrafa de 0.75L,17.99,23.99,750,L,€/L,,,https://driveimg1.intermarche.com/pt/Content/images/boitmal/produit/zoom/0A887D81EE1B1C2B8FA9C100DFEF6409.jpg,,,,2024-12-24T23:59:59.999999999Z,PROSPECTUS,10,4
17790,8424730014427,,Caravan,Conjunto Caravan Nº1,1 unidade,12.99,12.99,0,,€/Unidade,,,https://driveimg1.intermarche.com/pt/Content/images/boitmal/produit/zoom/BD4660012F83BEE9604BD3702BAF8518.jpg,,,,2024-12-24T23:59:59.999999999Z,PROSPECTUS,10,4
17888,8410104447519,210.0,Air Wick,Ambientador vela duo maçã,Embalagem de 210g,4.89,23.29,0,kg,€/Kg,,,https://driveimg1.intermarche.com/pt/Content/images/boitmal/produit/zoom/D00971838F5B057B4D788076FF026A74.jpg,,,,2024-11-20T23:59:59.999999999Z,PROSPECTUS,10,4
17892,5601082039800,220.0,Delta Q,Café xl qalidus cápsulas,Embalagem de 220g,14.99,68.14,0,kg,€/Kg,,,https://driveimg1.intermarche.com/pt/Content/images/boitmal/produit/zoom/366FA5D4E032D6F1950F570ABB5EB801.jpg,,,,2024-11-20T23:59:59.999999999Z,PROSPECTUS,10,4
17893,5601082039817,220.0,Delta Q,Café xl qharacter cápsulas,40 Cápsulas,15.49,70.41,0,kg,€/Kg,,,https://driveimg1.intermarche.com/pt/Content/images/boitmal/produit/zoom/AE88A9B98D43407F51BB06087F668DC5.jpg,,,,2024-11-20T23:59:59.999999999Z,PROSPECTUS,10,4
17896,5601082053523,220.0,Delta,Café moagem universal portugal,Embalagem de 220g,2.79,12.68,0,kg,€/Kg,,,https://driveimg1.intermarche.com/pt/Content/images/boitmal/produit/zoom/550F7F2DF6E74FCA3A77E943FC22A56F.jpg,,,,2024-11-20T23:59:59.999999999Z,PROSPECTUS,10,4
17969,8410104156695,,Air Wick,Recarga ambientador elétrico delícias de verão,Embalagem de 1 unidades,3.59,3.59,1,,€/Unidade,,,https://driveimg1.intermarche.com/pt/Content/images/boitmal/produit/zoom/89EB6F6E8C7C8305CF7EAE80C39CA640.jpg,,,,2024-11-20T23:59:59.999999999Z,PROSPECTUS,10,4
17972,8410104017231,,Air Wick,Recarga ambientador elétrico rosa bouquet,Embalagem de 1 unidades,3.59,3.59,1,,€/Unidade,,,https://driveimg1.intermarche.com/pt/Content/images/boitmal/produit/zoom/D8B202FFB9AFF7E2813DF45204F83EEC.jpg,,,,2024-11-20T23:59:59.999999999Z,PROSPECTUS,10,4
18005,5601012011746,1500.0,Trinca Bolotas,Vinho tinto Trinca Bolotas DOC alentejo,2 Garrafa x 0.75L,10.99,7.33,1500,L,€/L,,,https://driveimg1.intermarche.com/pt/Content/images/boitmal/produit/zoom/1E71A9F80E3D34041824C14CFC35650A.jpg,,,,2024-12-24T23:59:59.999999999Z,PROSPECTUS,10,4
18007,3147699109601,750.0,Cruz,Vinho do porto lbv 2004,Garrafa de 0.75 l,11.99,15.99,750,L,€/L,,,https://driveimg1.intermarche.com/pt/Content/images/boitmal/produit/zoom/103B4618F855A372676B8CF577497FD6.jpg,,,,2024-12-24T23:59:59.999999999Z,PROSPECTUS,10,4
18079,5601066400923,180.0,Nacional,Bolacha shortcake,Embalagem de 180g,1.24,6.89,0,kg,€/Kg,,,https://driveimg1.intermarche.com/pt/Content/images/boitmal/produit/zoom/A284E5FC1A6E1FA3EC9C3B429775498D.jpg,,,,2024-11-20T23:59:59.999999999Z,PROSPECTUS,10,4
18458,3600523216642,50.0,L'oreal,"Creme Dia Age Perfect Golden Age, 50 ml",,12.59,251.8,50,L,€/L,,,https://driveimg1.intermarche.com/pt/Content/images/boitmal/produit/zoom/990AA2FEB34271F908A842B499067263.jpg,,,,2024-11-20T23:59:59.999999999Z,PROSPECTUS,10,4
18488,5600744051013,220.0,Saborosa,Bolacha de manteiga belga original,Embalagem de 220g,1.59,7.23,0,kg,€/Kg,,,https://driveimg1.intermarche.com/pt/Content/images/boitmal/produit/zoom/E47AEEFDB6078E82F552ABDA38861231.jpg,,,,2024-11-20T23:59:59.999999999Z,PROSPECTUS,10,4
18489,5600744051020,198.0,Saborosa,Bolacha de manteiga belga c/ chocolate,Embalagem de 200g,1.64,8.28,0,kg,€/Kg,,,https://driveimg1.intermarche.com/pt/Content/images/boitmal/produit/zoom/EC85EF320199ECBED8BA18BD4452787A.jpg,,,,2024-11-20T23:59:59.999999999Z,PROSPECTUS,10,4
18501,5609060006615,200.0,Delta,Cafe soluvel c/c 200g,Embalagem de 200g,5.99,29.95,0,kg,€/Kg,,,https://driveimg1.intermarche.com/pt/Content/images/boitmal/produit/zoom/6CFBA67E640620138B0905FB9C2B24DE.jpg,,,,2024-11-20T23:59:59.999999999Z,PROSPECTUS,10,4
18514,8410376042481,220.0,Gullón,Bolacha diet nature recheio iogurte,Embalagem de 220g,2.09,9.5,0,kg,€/Kg,,,https://driveimg1.intermarche.com/pt/Content/images/boitmal/produit/zoom/EEA98B677556623DADA9CC0CCA2B7CD9.jpg,,,,2024-11-20T23:59:59.999999999Z,PROSPECTUS,10,4
18515,8410376042498,216.0,Gullón,Bolacha diet nature 5 cereais,Embalagem de 220g,2.09,9.68,0,kg,€/Kg,,,https://driveimg1.intermarche.com/pt/Content/images/boitmal/produit/zoom/BD1D08D62A486D52C01B01D071A0DE03.jpg,,,,2024-11-20T23:59:59.999999999Z,PROSPECTUS,10,4
18535,5601066400947,180.0,Nacional,Bolacha shortcake chocolate,Embalagem de 180g,1.24,6.89,0,kg,€/Kg,,,https://driveimg1.intermarche.com/pt/Content/images/boitmal/produit/zoom/754864DD20A4E61DA2C651C2F705265E.jpg,,,,2024-11-20T23:59:59.999999999Z,PROSPECTUS,10,4
18581,4084500924055,500.0,Oral B,Elixir Bocal ProExpert Proteção Profunda,Embalagem de 500 ml,4.49,8.98,500,L,€/L,,,https://driveimg1.intermarche.com/pt/Content/images/boitmal/produit/zoom/EEB3C5CAC2CA8997E5DED74AF2F5AEE6.jpg,,,,2024-11-20T23:59:59.999999999Z,PROSPECTUS,10,4
18618,5601027004870,210.0,Manhãzitos,Manhãzitos -50% açúcares,Embalagem 6x2 unidades,2.29,10.9,0,kg,€/Kg,,,https://driveimg1.intermarche.com/pt/Content/images/boitmal/produit/zoom/C536B78EEF5079E4091AFA5999C1DFFB.jpg,,,,2024-11-20T23:59:59.999999999Z,PROSPECTUS,10,4
18628,5601028002707,,Renova,Rolo de Cozinha Multi,4 Rolos,1.49,1.49,0,,€/Unidade,,,https://driveimg1.intermarche.com/pt/Content/images/boitmal/produit/zoom/EC28E7C70040AEF56E88826756B8374D.jpg,,,,2024-11-20T23:59:59.999999999Z,PROSPECTUS,10,4
18770,5449000138026,1500.0,Fanta,Refrigerante c/ gás de laranja zero,"Garrafa de 1,5 l",0.99,0.66,1500,L,€/L,,,https://driveimg1.intermarche.com/pt/Content/images/boitmal/produit/zoom/42C12268B3BC23315C825D0012A62086.jpg,,,,2024-11-20T23:59:59.999999999Z,PROSPECTUS,10,4
18771,5449000022646,1500.0,Fanta,Refrigerante c/ gás de uva,"Garrafa de 1,5 l",0.99,0.66,1500,L,€/L,,,https://driveimg1.intermarche.com/pt/Content/images/boitmal/produit/zoom/426C4CD2BDF4748C7D7AECCA8EEA510D.jpg,,,,2024-11-20T23:59:59.999999999Z,PROSPECTUS,10,4
19072,3600522713227,400.0,Elvive,Champô Óleo Extraordinário Cabelos Normais,Embalagem de 400 ml,3.99,9.98,400,L,€/L,,,https://driveimg1.intermarche.com/pt/Content/images/boitmal/produit/zoom/763B865860A5D42F7A7CE6092BFD9A41.jpg,,,,2024-11-20T23:59:59.999999999Z,PROSPECTUS,10,4
19158,7622210440914,150.0,Philadelphia,Queijo p/ barrar s/ lactose,Embalagem de 150g,1.87,12.47,0,kg,€/Kg,,,https://driveimg1.intermarche.com/pt/Content/images/boitmal/produit/zoom/F7AC6E4743C3775586AC9B93E6A5AED5.jpg,,,,2024-11-20T23:59:59.999999999Z,PROSPECTUS,10,4
19196,3800020456262,160.0,Kit Kat,Chocolate chunky,Embalagem de 160g,2.99,18.69,0,kg,€/Kg,,,https://driveimg1.intermarche.com/pt/Content/images/boitmal/produit/zoom/9225F588BFCBBD1C1F482DA3257FFB07.jpg,,,,2024-11-20T23:59:59.999999999Z,PROSPECTUS,10,4
19414,5601028024716,,Renova,"Papel Higiénico Puríssimo 3 Folhas, embalagem c/ 12 rolos",,4.99,4.99,0,,€/Unidade,,,https://driveimg1.intermarche.com/pt/Content/images/boitmal/produit/zoom/6242763EE156B95E7FFD25754BFAE64B.jpg,,,,2024-11-20T23:59:59.999999999Z,PROSPECTUS,10,4
19664,7613035655782,175.0,Nestlé,Bebida de cereais e café mokambo intenso,Embalagem de 180g,3.99,22.8,0,kg,€/Kg,,,https://driveimg1.intermarche.com/pt/Content/images/boitmal/produit/zoom/A3CA615261CEC919CFE62FBBDABF420F.jpg,,,,2024-11-20T23:59:59.999999999Z,PROSPECTUS,10,4
19796,5601174205007,750.0,Periquita,Vinho regional península de setúbal reserva,Garrafa de 0.75 l,7.49,9.99,750,L,€/L,,,https://driveimg1.intermarche.com/pt/Content/images/boitmal/produit/zoom/97262214C132A0F7151CD90AA81A00CA.jpg,,,,2024-11-20T23:59:59.999999999Z,PROSPECTUS,10,4
19841,0000040052526,125.0,Kit Kat,Chocolate kit kat,Embalagem de 130g,2.44,19.52,0,kg,€/Kg,,,https://driveimg1.intermarche.com/pt/Content/images/boitmal/produit/zoom/BA88B703E0F1A0C766A21A37C6F5AA84.jpg,,,,2024-11-20T23:59:59.999999999Z,PROSPECTUS,10,4
19877,3600522451938,300.0,Elvive,Máscara Elvive Óleo Extraordinário,Embalagem de 300 ml,4.89,16.3,300,L,€/L,,,https://driveimg1.intermarche.com/pt/Content/images/boitmal/produit/zoom/4C35C4CC4E1E290A4CDAEE88B98E2CD3.jpg,,,,2024-11-20T23:59:59.999999999Z,PROSPECTUS,10,4
19939,7613035619425,300.0,Nestlé,Gronola de aveia chocolate,Embalagem de 300g,2.99,9.97,0,kg,€/Kg,,,https://driveimg1.intermarche.com/pt/Content/images/boitmal/produit/zoom/12F0C491B7172F6F70D41076C1EB2F12.jpg,,,,2024-11-20T23:59:59.999999999Z,PROSPECTUS,10,4
20054,5601286260109,1000.0,Milaneza,"Massa, couscous",Embalagem de 1 kg,2.13,2.13,0,kg,€/Kg,,,https://driveimg1.intermarche.com/pt/Content/images/boitmal/produit/zoom/1F3D4C4B962D49E4889C213150953625.jpg,,,,2024-11-20T23:59:59.999999999Z,PROSPECTUS,10,4
20100,5601010131279,120.0,Ramirez,Atum ao natural,Embalagem de 120g,0.99,8.25,0,kg,€/Kg,,,https://driveimg1.intermarche.com/pt/Content/images/boitmal/produit/zoom/539B136F387B16A0754FB9CB2659CDDC.jpg,,,,2024-11-20T23:59:59.999999999Z,PROSPECTUS,10,4
20101,5601010131231,120.0,Ramirez,Atum em azeite,Embalagem de 120g,1.54,12.83,0,kg,€/Kg,,,https://driveimg1.intermarche.com/pt/Content/images/boitmal/produit/zoom/2C3AFEA545E0483E06B1434C41105979.jpg,,,,2024-11-20T23:59:59.999999999Z,PROSPECTUS,10,4
20242,8410036039295,600.0,Freixenet,Espumante cava bruto,pack 3 x 200 ml,9.99,16.65,600,L,€/L,,,https://driveimg1.intermarche.com/pt/Content/images/boitmal/produit/zoom/4974140A68AFB6FFC1BC5BE4BCFD46F7.jpg,,,,2024-12-24T23:59:59.999999999Z,PROSPECTUS,10,4
20263,5000116110889,180.0,Iglo,Crocantes de frango original,Embalagem de 180g,3.74,20.78,0,kg,€/Kg,,Tipo de stockagem,https://driveimg1.intermarche.com/pt/Content/images/boitmal/produit/zoom/4233EA8D8C7E2BCB4DD87490668F64B2.jpg,,,,2024-11-20T23:59:59.999999999Z,PROSPECTUS,10,4
20264,5000116110872,180.0,Iglo,Crocantes frango parmesão e ervas,Embalagem de 180g,3.74,20.78,0,kg,€/Kg,,Tipo de stockagem,https://driveimg1.intermarche.com/pt/Content/images/boitmal/produit/zoom/D8CF2D65B55930225EB9E80FCB37828C.jpg,,,,2024-11-20T23:59:59.999999999Z,PROSPECTUS,10,4
20433,5601244500070,1000.0,Terra Nostra,Leite de pastagem magro,Embalagem de 1 litro,0.88,0.88,1000,L,€/L,,,https://driveimg1.intermarche.com/pt/Content/images/boitmal/produit/zoom/61EFC0152A934985E04C1F26B293B085.jpg,https://driveimg1.intermarche.com/pt/Content/images/boitmal/produit/zoom/E6424B45F8177C670F59F3BF8C085519.jpg,,,2024-11-20T23:59:59.999999999Z,PROSPECTUS,10,4
20434,5601244500063,1000.0,Terra Nostra,Leite de pastagem meio-gordo,Embalagem de 1 litro,0.88,0.88,1000,L,€/L,,,https://driveimg1.intermarche.com/pt/Content/images/boitmal/produit/zoom/3A3CE8D8DC040C520516EC66868110D4.jpg,https://driveimg1.intermarche.com/pt/Content/images/boitmal/produit/zoom/E82125FE177156A16B33D08208F11D7F.jpg,,,2024-11-20T23:59:59.999999999Z,PROSPECTUS,10,4
20546,3387390326468,375.0,Nestlé,Cereais fitness chocolate,Embalagem de 380g,2.99,7.97,0,kg,€/Kg,,,https://driveimg1.intermarche.com/pt/Content/images/boitmal/produit/zoom/EDA24403FE3A93B3EEF7E09718C280E3.jpg,,,,2024-11-20T23:59:59.999999999Z,PROSPECTUS,10,4
20620,7613031497126,375.0,Nestlé,Cereais fitness chocolate preto,Embalagem de 375g,2.99,7.97,0,kg,€/Kg,,,https://driveimg1.intermarche.com/pt/Content/images/boitmal/produit/zoom/EBA05FA2FC34205FD1882D33229190CD.jpg,,,,2024-11-20T23:59:59.999999999Z,PROSPECTUS,10,4
20631,5601286260338,500.0,Milaneza,Massa macarrão wok,Embalagem de 500g,1.39,2.78,0,kg,€/Kg,,,https://driveimg1.intermarche.com/pt/Content/images/boitmal/produit/zoom/4ECC11A423AD5624F964EF7EC6861BA2.jpg,,,,2024-11-20T23:59:59.999999999Z,PROSPECTUS,10,4
20632,5601286260321,500.0,Milaneza,Massa espirais wok,Embalagem de 500g,1.39,2.78,0,kg,€/Kg,,,https://driveimg1.intermarche.com/pt/Content/images/boitmal/produit/zoom/3B646C4D0C250D4E1E22A7FD971BAC7F.jpg,,,,2024-11-20T23:59:59.999999999Z,PROSPECTUS,10,4
20648,5601174305004,750.0,Alambre,Moscatel Roxo Setúbal,Garrafa de 750 ml,11.49,15.32,750,L,€/L,,,https://driveimg1.intermarche.com/pt/Content/images/boitmal/produit/zoom/0F031D29405B80D49FF22BA171BE944B.jpg,,,,2024-12-24T23:59:59.999999999Z,PROSPECTUS,10,4
20653,5449000003751,1500.0,Fanta,"Refrigerante com gás de ananás, garrafa de 1,5 l",,0.99,0.66,1500,L,€/L,,,https://driveimg1.intermarche.com/pt/Content/images/boitmal/produit/zoom/E02106088F5A281D124D7D74DB00421E.jpg,,,,2024-11-20T23:59:59.999999999Z,PROSPECTUS,10,4
20773,8410104033026,250.0,Xau,Xau limpa máquinas,Garrafa de 250 ml,3.99,15.96,250,L,€/L,,,https://driveimg1.intermarche.com/pt/Content/images/boitmal/produit/zoom/460F990AD12544BE2933E7B341DD7124.jpg,https://driveimg1.intermarche.com/pt/Content/images/boitmal/produit/zoom/ACA5FE2B5CE117A7428A66964AA8A1F2.jpg,https://driveimg1.intermarche.com/pt/Content/images/boitmal/produit/zoom/ACA5FE2B5CE117A7428A66964AA8A1F2.jpg,,2024-11-20T23:59:59.999999999Z,PROSPECTUS,10,4
20967,5601027002593,175.0,Manhãzitos,5 manhãzitos choco chips,Embalagem de 175 g,2.24,12.8,0,kg,€/Kg,,,https://driveimg1.intermarche.com/pt/Content/images/boitmal/produit/zoom/0AAF2F344E6BB2E2CE72DDB89E9BE7D6.jpg,,,,2024-11-20T23:59:59.999999999Z,PROSPECTUS,10,4
21051,8435257034300,640.0,Nestlé,"Iogurte líquido yoggi, sem lactose, morango,  4 x 160 g",,2.19,3.42,0,kg,€/Kg,,,https://driveimg1.intermarche.com/pt/Content/images/boitmal/produit/zoom/EDE6B117FB886E95B7257B2282F005D2.jpg,,,,2024-11-20T23:59:59.999999999Z,PROSPECTUS,10,4
