identifier,produitEan13,capacite,marque,libelle,conditionnement,prix,unitPrice,volume,typeProduit_uniteByCode,unit_value,pictogrammes_0,pictogrammes_libelleCategorie,images_0,images_1,images_2,images_3,avantages_dateFin,avantages_categorie,nro_paginas,page,images_4,images_5
42785,5604260310074,250.0,PorSi Select,Queijo manchego D.O.P,Embalagem de 250g,4.99,19.96,0,kg,€/Kg,,,https://driveimg1.intermarche.com/pt/Content/images/boitmal/produit/zoom/B883B24D8849BAD51A50E353865A0840.jpg,,,,2025-03-05T23:59:59.999999999Z,PROSPECTUS,12,1,,
8383,5601049132995,1000.0,Mimosa,"Leite uht meio gordo, embalagem de 1litro",,0.89,0.89,1000,L,€/L,,,https://driveimg1.intermarche.com/pt/Content/images/boitmal/produit/zoom/6FB52C843F677BD37D399D45BB10B38B.jpg,https://driveimg1.intermarche.com/pt/Content/images/boitmal/produit/zoom/AE810093A08CEBD60415DCC626CF5804.jpg,https://driveimg1.intermarche.com/pt/Content/images/boitmal/produit/zoom/A0562293538F541B1B99592AA046327B.jpg,,2025-02-19T23:59:59.999999999Z,PROSPECTUS,12,1,,
1322,5601163011114,5400.0,Luso,"Água sem gás, garrafa de 5,4 l",,1.77,0.33,5400,L,€/L,,,https://driveimg1.intermarche.com/pt/Content/images/boitmal/produit/zoom/AA9320932FF184911C32006B7463EC74.jpg,,,,2025-02-19T23:59:59.999999999Z,PROSPECTUS,12,1,,
7401,3250390461777,150.0,Páturages,Queijo roquefort,Embalagem de 150 g,2.79,18.6,0,kg,€/Kg,,,https://driveimg1.intermarche.com/pt/Content/images/boitmal/produit/zoom/E03055290F31A27B798D471C25305D9D.jpg,,,,2025-03-05T23:59:59.999999999Z,PROSPECTUS,12,1,,
10509,8435250297955,256.0,Nestlé,"Iogurte mix in smarties baunilha, embalagem de 2 x 128 g",,2.09,8.16,0,kg,€/Kg,,,https://driveimg1.intermarche.com/pt/Content/images/boitmal/produit/zoom/5355941DC0922592DB9EDB46788FEE19.jpg,,,,2025-02-19T23:59:59.999999999Z,PROSPECTUS,12,1,,
11967,5601049612336,250.0,Mimosa,"Manteiga com sal, embalagem de 250g",,1.99,7.96,0,kg,€/Kg,,,https://driveimg1.intermarche.com/pt/Content/images/boitmal/produit/zoom/2C2D066D904F137421CA4F472DC07738.jpg,https://driveimg1.intermarche.com/pt/Content/images/boitmal/produit/zoom/B59AE74FD0DBE6C3112F001AFF69E867.jpg,https://driveimg1.intermarche.com/pt/Content/images/boitmal/produit/zoom/BB9196C3025886DBB6F20EDD70A1CA7A.jpg,,2025-02-19T23:59:59.999999999Z,PROSPECTUS,12,1,,
15870,8411134126917,,Control,10 Preservativos Easy Way Finissímos,,9.09,9.09,0,,€/Unidade,,,https://driveimg1.intermarche.com/pt/Content/images/boitmal/produit/zoom/3928F08544E0A7896FFA192A06FB96EE.jpg,https://driveimg1.intermarche.com/pt/Content/images/boitmal/produit/zoom/3EA5F25B30DD36BA7032E2D3CA646DD6.jpg,,,2025-02-19T23:59:59.999999999Z,PROSPECTUS,12,1,,
44990,7322541026848,,Colhogar,"Rolo cozinha triplo paratodo xxl, 2 rolos",,3.15,3.15,2,,€/Unidade,,,https://driveimg1.intermarche.com/pt/Content/images/boitmal/produit/zoom/A36938521860064F8E59CAEDCF9217BD.jpg,https://driveimg1.intermarche.com/pt/Content/images/boitmal/produit/zoom/3423F2F1F6AC4192053477A5F845A3C3.jpg,https://driveimg1.intermarche.com/pt/Content/images/boitmal/produit/zoom/5025A7B74904E2F5AF50B67083B5899C.jpg,https://driveimg1.intermarche.com/pt/Content/images/boitmal/produit/zoom/7D81193B9AE65C62CF410B1EAC877546.jpg,2025-02-19T23:59:59.999999999Z,PROSPECTUS,12,1,,
15955,7613032408794,85.0,Purina Gourmet,"Comida húmida para gato peixe do oceano, embalagem de 90g",,0.87,10.24,0,kg,€/Kg,,,https://driveimg1.intermarche.com/pt/Content/images/boitmal/produit/zoom/FEEA8DEA9BB460BB34BF8E0ADF22D62F.jpg,,,,2025-02-19T23:59:59.999999999Z,PROSPECTUS,12,1,,
1188,5601119007970,200.0,Nobre,"Salsichas de porco, lata de 200g",,1.39,6.95,0,kg,€/Kg,,,https://driveimg1.intermarche.com/pt/Content/images/boitmal/produit/zoom/F480FC52D56464F3C1B867155F4A37B9.jpg,,,,2025-02-19T23:59:59.999999999Z,PROSPECTUS,12,1,,
16983,8712100735455,540.0,Olá,"Gelado cornetto morango, embalagem de 6 x 90 ml",,3.59,6.65,540,L,€/L,,Tipo de stockagem,https://driveimg1.intermarche.com/pt/Content/images/boitmal/produit/zoom/F864C0CC873250BC9D1DC90A794E1882.jpg,https://driveimg1.intermarche.com/pt/Content/images/boitmal/produit/zoom/FF03523E6B925BE3441B0A34A996CA2B.jpg,https://driveimg1.intermarche.com/pt/Content/images/boitmal/produit/zoom/FF03523E6B925BE3441B0A34A996CA2B.jpg,https://driveimg1.intermarche.com/pt/Content/images/boitmal/produit/zoom/FF03523E6B925BE3441B0A34A996CA2B.jpg,2025-02-19T23:59:59.999999999Z,PROSPECTUS,12,1,,
2459,7613031497096,400.0,Nestlé,"Fruta para bebé maçã pera +4 meses, embalagem de 4 x 100g",,2.09,5.23,0,kg,€/Kg,,,https://driveimg1.intermarche.com/pt/Content/images/boitmal/produit/zoom/A3657AC5DA61941E17EE1AD603103EE0.jpg,,,,2025-02-19T23:59:59.999999999Z,PROSPECTUS,12,1,,
13865,2891042000000,1000.0,Porco,Costeletas do Cachaço,Vendido ao peso a partir de 1 kg,4.99,4.99,0,,€/Kg,,,https://driveimg1.intermarche.com/pt/Content/images/boitmal/produit/zoom/D0D96FA697CD7DF7D0B353E0ED0B1193.jpg,,,,2025-02-19T23:59:59.999999999Z,PROSPECTUS,12,1,,
26047,8412600070994,650.0,Bimbo,Pão de forma s/ côdea,Embalagem de 650 g,2.14,3.29,0,kg,€/Kg,,,https://driveimg1.intermarche.com/pt/Content/images/boitmal/produit/zoom/29A6957961BACB180F45AAA47CD1FB78.jpg,,,,2025-02-19T23:59:59.999999999Z,PROSPECTUS,12,1,,
17114,5000116110148,320.0,Capitão Iglo,"4 hamburguers vaca sem glúten, embalagem de 320g",,4.49,14.03,0,kg,€/Kg,,Tipo de stockagem,https://driveimg1.intermarche.com/pt/Content/images/boitmal/produit/zoom/F31F98EC751272F860D1F790EE53DF35.jpg,,,,2025-02-19T23:59:59.999999999Z,PROSPECTUS,12,1,,
10859,3023290400395,230.0,Nestlé,"Iogurte mix in kit kat, embalagem de 2 x 115g",,2.09,9.09,0,kg,€/Kg,,,https://driveimg1.intermarche.com/pt/Content/images/boitmal/produit/zoom/46A338E8D7EAC63B8EF63808F7DF5998.jpg,,,,2025-02-19T23:59:59.999999999Z,PROSPECTUS,12,1,,
2460,7613031501649,400.0,Nestlé,"Fruta para bebé maçã banana +4 meses, embalagem de 4 x 100g",,2.09,5.23,0,kg,€/Kg,,,https://driveimg1.intermarche.com/pt/Content/images/boitmal/produit/zoom/4A8A0DFCA0CA8581AB62B34FED196414.jpg,,,,2025-02-19T23:59:59.999999999Z,PROSPECTUS,12,1,,
19004,8410104274160,200.0,Veet,"Creme depilatório peles sensíveis, embalagem de 200 ml",,6.99,34.95,200,L,€/L,,,https://driveimg1.intermarche.com/pt/Content/images/boitmal/produit/zoom/873F0880AE5560A48B4AFDD06A8FA174.jpg,,,,2025-02-19T23:59:59.999999999Z,PROSPECTUS,12,1,,
36657,5601217132673,500.0,Cillitbang,"Spray lixívia e higiene, de 500 ml",,2.49,4.98,500,L,€/L,,,https://driveimg1.intermarche.com/pt/Content/images/boitmal/produit/zoom/D9B27A41A222F2F218026715A414F2D0.jpg,,,,2025-02-19T23:59:59.999999999Z,PROSPECTUS,12,1,,
21039,5600390418079,750.0,Castelo dos Mouros,Vinho regional alentejano reserva tinto,Garrafa de 750 ml,3.59,4.79,750,L,€/L,,,https://driveimg1.intermarche.com/pt/Content/images/boitmal/produit/zoom/9BBEF0A85E5D6EB32BA1DEEF1B27B06A.jpg,,,,2025-03-05T23:59:59.999999999Z,PROSPECTUS,12,1,,
2474,7613032408602,85.0,Purina Gourmet,"Comida húmida para gato vaca e frango, embalagem de 90g",,0.87,10.24,0,kg,€/Kg,,,https://driveimg1.intermarche.com/pt/Content/images/boitmal/produit/zoom/571C1A9D6D5EE4C101463565EC0CDDDE.jpg,,,,2025-02-19T23:59:59.999999999Z,PROSPECTUS,12,1,,
13866,2891048000000,1000.0,Porco,Bifanas,Vendido ao peso a partir de 1 kg,3.99,3.99,0,,€/Kg,,,https://driveimg1.intermarche.com/pt/Content/images/boitmal/produit/zoom/72DE0DA6B485199AC995C629E3E4D279.jpg,,,,2025-02-19T23:59:59.999999999Z,PROSPECTUS,12,1,,
2312,5604260271832,355.0,PorSi,Cogumelos laminados 1/2,Embalagem de 355 g,1.19,3.35,0,kg,€/Kg,,,https://driveimg1.intermarche.com/pt/Content/images/boitmal/produit/zoom/60708037644026A27C2FB6731A0DAB33.jpg,,,,2025-02-19T23:59:59.999999999Z,PROSPECTUS,12,1,,
15161,5604260274246,1000.0,PorSi,Cenouras Programa Origens,Embalagem de 1 kg,0.89,0.89,0,kg,€/Kg,,,https://driveimg1.intermarche.com/pt/Content/images/boitmal/produit/zoom/558C3AC1450C10C8B2395D06441C5423.jpg,,,,2025-02-19T23:59:59.999999999Z,PROSPECTUS,12,1,,
13894,2891044000000,1000.0,Porco,Entremeada sem Entrecosto,Vendido ao peso a partir de 1 kg,3.99,3.99,0,,€/Kg,,,https://driveimg1.intermarche.com/pt/Content/images/boitmal/produit/zoom/033DDCE7C7F9A9CD99F0A4BEB2F74462.jpg,,,,2025-02-19T23:59:59.999999999Z,PROSPECTUS,12,1,,
15059,2892578000000,200.0,Legumes,Nabo Roxo sem Rama,1 un = 200 gr (aprox.),0.36,1.79,0,,€/Kg,,,https://driveimg1.intermarche.com/pt/Content/images/boitmal/produit/zoom/EECF99CF1D26FD88C91EC2A5B22EA3C8.jpg,,,,2025-02-19T23:59:59.999999999Z,PROSPECTUS,12,1,,
12887,2892089000000,500.0,Fruta,Manga Barco,1 un = 500 gr (aprox.),1.1,2.19,0,,€/Kg,,,https://driveimg1.intermarche.com/pt/Content/images/boitmal/produit/zoom/7DE73DFAB226CDE947BB89C61333D3FE.jpg,,,,2025-02-19T23:59:59.999999999Z,PROSPECTUS,12,1,,
12998,2892529000000,200.0,Legumes,Cogumelos Granel,1 un = 200 gr (aprox.),0.8,3.99,0,,€/Kg,,,https://driveimg1.intermarche.com/pt/Content/images/boitmal/produit/zoom/21980CA05745F31B22EE237361B7FEB6.jpg,,,,2025-02-19T23:59:59.999999999Z,PROSPECTUS,12,1,,
13813,2892489000000,250.0,Legumes,Batata Doce,1 un = 250 gr  (aprox.),0.35,1.39,0,,€/Kg,,,https://driveimg1.intermarche.com/pt/Content/images/boitmal/produit/zoom/B0785A3D8A1A6773EB1FB43B119AC4D9.jpg,,,,2025-02-19T23:59:59.999999999Z,PROSPECTUS,12,1,,
2072,5604260193516,1000.0,PorSi,"Néctar pêssego, prisma",Embalagem de 1 l,0.99,0.99,1000,L,€/L,,,https://driveimg1.intermarche.com/pt/Content/images/boitmal/produit/zoom/97F49C4D0E66A2DF521CA59C061AD2F6.jpg,,,,2025-02-19T23:59:59.999999999Z,PROSPECTUS,12,1,,
36263,5601027973060,480.0,Bimbo,Pão de forma integral,Embalagem de 480 g,1.89,3.94,0,kg,€/Kg,,,https://driveimg1.intermarche.com/pt/Content/images/boitmal/produit/zoom/34F016B3F162809D8E0423F1C3245DFD.jpg,,,,2025-02-19T23:59:59.999999999Z,PROSPECTUS,12,1,,
41622,5604260304585,5000.0,PorSi,Areia para gatos mineral perfumada,Embalagem de 5 kg,1.79,0.36,0,kg,€/Kg,,,https://driveimg1.intermarche.com/pt/Content/images/boitmal/produit/zoom/471523428A34BCB5DDD5150968022974.jpg,,,,2025-02-19T23:59:59.999999999Z,PROSPECTUS,12,1,,
1189,5601119007987,250.0,Nobre,"Salsichas de porco, lata de 250g",,1.67,6.68,0,kg,€/Kg,,,https://driveimg1.intermarche.com/pt/Content/images/boitmal/produit/zoom/0B023C2ECBDBE7AB09A89A8810925D65.jpg,,,,2025-02-19T23:59:59.999999999Z,PROSPECTUS,12,1,,
13892,2891041000000,1000.0,Porco,Costeletas do Lombo,Vendido ao peso a partir de 1 kg,3.99,3.99,0,,€/Kg,,,https://driveimg1.intermarche.com/pt/Content/images/boitmal/produit/zoom/589E4AFE71E19AF7FEB32FB0C0E176FF.jpg,,,,2025-02-19T23:59:59.999999999Z,PROSPECTUS,12,1,,
13947,2891125000000,150.0,Peru,Espetadas de Peru,1 un = 150 gr (aprox.),0.97,6.49,0,,€/Kg,,,https://driveimg1.intermarche.com/pt/Content/images/boitmal/produit/zoom/7051DD49B64096A6B46E7815DD618A85.jpg,,,,2025-02-19T23:59:59.999999999Z,PROSPECTUS,12,1,,
1434,5601260037109,1000.0,Cigala,"Arroz agulha, embalagem de 1 kg",,1.38,1.38,0,kg,€/Kg,,,https://driveimg1.intermarche.com/pt/Content/images/boitmal/produit/zoom/B3D52BC13D571B9BC6634FD987C80F3C.jpg,,,,2025-02-19T23:59:59.999999999Z,PROSPECTUS,12,1,,
1475,5601286273789,500.0,Milaneza,"Massa fusilli tricolor, embalagem de 500g",,1.26,2.52,0,kg,€/Kg,,,https://driveimg1.intermarche.com/pt/Content/images/boitmal/produit/zoom/89BD68C65931C04722FA40DDD3898CB2.jpg,,,,2025-02-19T23:59:59.999999999Z,PROSPECTUS,12,1,,
14879,2696313000000,,Pastelaria,Croissant Brioche 85 g,,0.59,0.59,0,,€/Unidade,,,https://driveimg1.intermarche.com/pt/Content/images/boitmal/produit/zoom/53A872BBC45BBDDAC9749CC51F8CB1EC.jpg,,,,2025-02-19T23:59:59.999999999Z,PROSPECTUS,12,1,,
15577,5604260279166,125.0,PorSi,Framboesa,Embalagem com 125g,1.99,15.92,0,kg,€/Kg,,,https://driveimg1.intermarche.com/pt/Content/images/boitmal/produit/zoom/B88FD29FAEF1BF8CB6DEB86AC94C2B60.jpg,,,,2025-02-19T23:59:59.999999999Z,PROSPECTUS,12,1,,
16042,8410022000025,200.0,Donuts,Donuts classic,Embalagem de 200g,2.19,10.95,0,kg,€/Kg,,,https://driveimg1.intermarche.com/pt/Content/images/boitmal/produit/zoom/E1B9DB77B40B4B4B4AC4E69C7559B6D6.jpg,,,,2025-02-19T23:59:59.999999999Z,PROSPECTUS,12,1,,
17402,8412600027233,700.0,Bimbo,Pão forma familiar normal,embalagem de 700 g,1.99,2.84,0,kg,€/Kg,,,https://driveimg1.intermarche.com/pt/Content/images/boitmal/produit/zoom/BD26753EF23D0DF0FDC14FCDC181B902.jpg,,,,2025-02-19T23:59:59.999999999Z,PROSPECTUS,12,1,,
2074,5604260193554,1000.0,PorSi,Néctar pera,Embalagem de 1 l,0.99,0.99,1000,L,€/L,,,https://driveimg1.intermarche.com/pt/Content/images/boitmal/produit/zoom/EC5D7235941CEBB11AB8301EBCF4E95C.jpg,,,,2025-02-19T23:59:59.999999999Z,PROSPECTUS,12,1,,
34877,5604260285464,1500.0,PorSi,Maçã royal gala categoria II Programa Origens,Embalagem de 1.5 kg,1.99,1.33,0,kg,€/Kg,,,https://driveimg1.intermarche.com/pt/Content/images/boitmal/produit/zoom/F091E3663EBAE6E7A8981702DFBCC609.jpg,,,,2025-02-19T23:59:59.999999999Z,PROSPECTUS,12,1,,
36745,2892275000000,300.0,Fruta,Pera conference categoria: II,Vendido ao peso a partir de 300 g,0.6,1.99,0,,€/Kg,,,https://driveimg1.intermarche.com/pt/Content/images/boitmal/produit/zoom/DF162EE44202B548D4AD8D27BD8D13AA.jpg,,,,2025-02-19T23:59:59.999999999Z,PROSPECTUS,12,1,,
52296,3023290072097,160.0,Lindahls,"Iogurte sólido proteico stracciatella, embalagem de 160 g",,1.19,7.44,0,kg,€/Kg,,,https://driveimg1.intermarche.com/pt/Content/images/boitmal/produit/zoom/F40178A8CA528D15DB7CD5F4CB218526.jpg,,,,2025-02-19T23:59:59.999999999Z,PROSPECTUS,12,1,,
973,5601024105020,1000.0,Fula,Óleo alimentar,Embalagem 1L,1.99,1.99,1000,L,€/L,,,https://driveimg1.intermarche.com/pt/Content/images/boitmal/produit/zoom/322383F88535C8A24498724B92188318.jpg,,,,2025-02-19T23:59:59.999999999Z,PROSPECTUS,12,1,,
10094,8435257040776,640.0,Nestlé,"Iogurte líquido yoggi banana, embalagem de 4 x 160 g",,1.99,3.11,0,kg,€/Kg,,,https://driveimg1.intermarche.com/pt/Content/images/boitmal/produit/zoom/6885FCEF2FEF4752D565E64A3BDEE242.jpg,,,,2025-02-19T23:59:59.999999999Z,PROSPECTUS,12,1,,
1187,5601119007963,120.0,Nobre,"6 salsichas de porco, lata de 120g",,1.04,8.67,0,kg,€/Kg,,,https://driveimg1.intermarche.com/pt/Content/images/boitmal/produit/zoom/024D21F90F760BFDC12CBD7EB02BECC6.jpg,,,,2025-02-19T23:59:59.999999999Z,PROSPECTUS,12,1,,
12107,5604260266609,320.0,PorSi,Napolitanas creme cacau,Embalagem de 320g,1.77,5.53,0,kg,€/Kg,,,https://driveimg1.intermarche.com/pt/Content/images/boitmal/produit/zoom/7E715318E7923DFB0EA8242531AE3823.jpg,,,,2025-02-19T23:59:59.999999999Z,PROSPECTUS,12,1,,
12889,2892175000000,150.0,Fruta,Kiwi categoria II,1 un = 150 gr (aprox.),0.45,2.99,0,,€/Kg,,,https://driveimg1.intermarche.com/pt/Content/images/boitmal/produit/zoom/39D74C337E358C98856B0EB2FC79D7A8.jpg,,,,2025-02-19T23:59:59.999999999Z,PROSPECTUS,12,1,,
12909,2892005000000,250.0,Fruta,Laranja Económica,1 un = 250 gr  (aprox.),0.25,0.99,0,,€/Kg,,,https://driveimg1.intermarche.com/pt/Content/images/boitmal/produit/zoom/67E13FD34B36BCD37E12339EB836171D.jpg,,,,2025-02-19T23:59:59.999999999Z,PROSPECTUS,12,1,,
13158,2893143000000,100.0,Peixaria,Lula Descongelada,1 un= 100 gr (aprox.),1.0,9.99,0,,€/Kg,,,https://driveimg1.intermarche.com/pt/Content/images/boitmal/produit/zoom/ED50EDDD473B6F16081950AF9B5B4382.jpg,,,,2025-02-19T23:59:59.999999999Z,PROSPECTUS,12,1,,
1726,5604260000272,250.0,PorSi,"Massa pevide, embalagem de 250g",,0.55,2.2,0,kg,€/Kg,,,https://driveimg1.intermarche.com/pt/Content/images/boitmal/produit/zoom/A4A2080D7D2A6FF3E0E1E1CA80D0F6AC.jpg,,,,2025-02-19T23:59:59.999999999Z,PROSPECTUS,12,1,,
1730,5604260000319,250.0,PorSi,"Massa cuscus, embalagem de 250g",,0.55,2.2,0,kg,€/Kg,,,https://driveimg1.intermarche.com/pt/Content/images/boitmal/produit/zoom/46EBB016676D295FEB6BDF8AF4C79600.jpg,,,,2025-02-19T23:59:59.999999999Z,PROSPECTUS,12,1,,
2078,5604260193615,1000.0,PorSi,"Néctar manga, prisma",Embalagem de 1 l,1.05,1.05,1000,L,€/L,,,https://driveimg1.intermarche.com/pt/Content/images/boitmal/produit/zoom/34515887B117D281980D33BD86D6A44A.jpg,,,,2025-02-19T23:59:59.999999999Z,PROSPECTUS,12,1,,
20988,5601260593605,67.0,Cigala,"Noodle banzai galinha, embalagem de 70g",,1.09,16.27,0,kg,€/Kg,,,https://driveimg1.intermarche.com/pt/Content/images/boitmal/produit/zoom/71C67AA9B3CABECA513D8BECB737982E.jpg,,,,2025-02-19T23:59:59.999999999Z,PROSPECTUS,12,1,,
21523,5602417101582,5000.0,Courelas d'Alqueva,Vinho bag-in-box branco,Garrafa de 5 l,6.49,1.3,5000,L,€/L,,,https://driveimg1.intermarche.com/pt/Content/images/boitmal/produit/zoom/4D3F0DF38C3F94ABA8EE403D35C64B7B.jpg,,,,2025-03-05T23:59:59.999999999Z,PROSPECTUS,12,1,,
26772,5449000106186,3500.0,Coca-Cola,"Refrigerante com gás, pack 2 x 1.75 l",,3.79,1.08,3500,L,€/L,,,https://driveimg1.intermarche.com/pt/Content/images/boitmal/produit/zoom/A789E276311FA9DA8F07BCEEEA6CB731.jpg,,,,2025-02-19T23:59:59.999999999Z,PROSPECTUS,12,1,,
27489,8434165466395,168.0,Cuétara,"Bolacha tosta rica choco guay, embalagem de 170g",,1.69,10.06,0,kg,€/Kg,,,https://driveimg1.intermarche.com/pt/Content/images/boitmal/produit/zoom/76BB975EAEE4F104FAFBAFD9E77D2DB2.jpg,,,,2025-02-19T23:59:59.999999999Z,PROSPECTUS,12,1,,
29915,5600826202982,500.0,Prozis,"Manteiga de amendoim cremosa, 500g",,3.95,7.9,0,kg,€/Kg,,,https://driveimg1.intermarche.com/pt/Content/images/boitmal/produit/zoom/6FD303317CEA9E34214EB728EB0D5CFB.jpg,,,,2025-02-19T23:59:59.999999999Z,PROSPECTUS,12,1,,
30566,5601066401005,180.0,Nacional,"Bolachas my cookies xl com pepitas de chocolate de leite, 180g",,2.24,12.44,0,kg,€/Kg,,,https://driveimg1.intermarche.com/pt/Content/images/boitmal/produit/zoom/1E1488DFFD8ECC63E1BA6182AB6CEE60.jpg,,,,2025-02-19T23:59:59.999999999Z,PROSPECTUS,12,1,,
31516,8435257039107,1280.0,Nestlé,"Yoggi liquido morango, embalagem de 8x160g",,3.89,3.04,0,kg,€/Kg,,,https://driveimg1.intermarche.com/pt/Content/images/boitmal/produit/zoom/919C3780A665F064AD1803A3631A5911.jpg,,,,2025-02-19T23:59:59.999999999Z,PROSPECTUS,12,1,,
32408,5601050034967,600.0,Danone,"Danacol aveia, embalagem de 6 x 100g",,2.99,4.98,0,kg,€/Kg,,,https://driveimg1.intermarche.com/pt/Content/images/boitmal/produit/zoom/5CE656F263120C59B9C0953B21D516B7.jpg,,,,2025-02-19T23:59:59.999999999Z,PROSPECTUS,12,1,,
35138,5603722517655,960.0,Mimosa,"Iogurte sólido aroma morango, ananás e banana, 8 x 120 g",,1.89,1.97,0,kg,€/Kg,,,https://driveimg1.intermarche.com/pt/Content/images/boitmal/produit/zoom/7070B93AC2DB23DCF61734D801E40E6D.jpg,,,,2025-02-19T23:59:59.999999999Z,PROSPECTUS,12,1,,
41719,5604260303793,90.0,PorSi,Saqueta de puré de fruta | maçã + banana,90 g,0.57,6.33,0,kg,€/Kg,,,https://driveimg1.intermarche.com/pt/Content/images/boitmal/produit/zoom/2E481D69677BD2CA4465286377A9A6E3.jpg,,,,2025-02-19T23:59:59.999999999Z,PROSPECTUS,12,1,,
41720,5604260303786,90.0,PorSi,Saqueta de puré de fruta | maçã + banana + morango,90 g,0.57,6.33,0,kg,€/Kg,,,https://driveimg1.intermarche.com/pt/Content/images/boitmal/produit/zoom/EB59B6CAE9A8CD6FFFC194AC89C34DBC.jpg,,,,2025-02-19T23:59:59.999999999Z,PROSPECTUS,12,1,,
45687,5604260312986,300.0,PorSi,Ambientador aerossol 5 em 1 lavanda,300 ml,0.99,3.3,300,L,€/L,,,https://driveimg1.intermarche.com/pt/Content/images/boitmal/produit/zoom/ED2B2B2955457F529A707FF4C34B5ACF.jpg,,,,2025-02-19T23:59:59.999999999Z,PROSPECTUS,12,1,,
47102,5603722520198,250.0,Mimosa,"Manteiga com sal e sem lactose, embalagem de 250g",,2.29,9.16,0,kg,€/Kg,,,https://driveimg1.intermarche.com/pt/Content/images/boitmal/produit/zoom/93C16F859411D0EBAFBF43E49FD1DA1B.jpg,https://driveimg1.intermarche.com/pt/Content/images/boitmal/produit/zoom/03F85375587D6FDFB4925819A11BDAE0.jpg,https://driveimg1.intermarche.com/pt/Content/images/boitmal/produit/zoom/851EE75BBBA7A9986AE9578DEC17E3F9.jpg,,2025-02-19T23:59:59.999999999Z,PROSPECTUS,12,1,,
49359,5601146700066,6000.0,Sagres,"Cerveja com álcool, pack 24 x 0.25 l",,11.49,1.92,6000,L,€/L,,,https://driveimg1.intermarche.com/pt/Content/images/boitmal/produit/zoom/67C6D1253BB0D82F02E1633DF741EA25.jpg,https://driveimg1.intermarche.com/pt/Content/images/boitmal/produit/zoom/B2E3D57423A20C8E7B4C1173F1457C2E.jpg,,,2025-02-19T23:59:59.999999999Z,PROSPECTUS,12,1,,
49463,8445290250322,600.0,Nestum,Flocos Cereais Mel,Embalagem de 600g,3.79,6.32,0,kg,€/Kg,,,https://driveimg1.intermarche.com/pt/Content/images/boitmal/produit/zoom/4A0A62606AC144021ED115E1FAB3D0CE.jpg,,,,2025-02-19T23:59:59.999999999Z,PROSPECTUS,12,1,,
52198,5605378200059,500.0,Legumes,Alho Seco,Embalagem de 500 g,2.49,4.98,0,kg,€/Kg,,,https://driveimg1.intermarche.com/pt/Content/images/boitmal/produit/zoom/F19C328E45D226F2983301F318A71729.jpg,,,,2025-02-19T23:59:59.999999999Z,PROSPECTUS,12,1,,
52883,8719200267824,1000.0,Planta,"Creme vegetal para barrar original, 1 kg",,4.99,4.99,0,kg,€/Kg,,,https://driveimg1.intermarche.com/pt/Content/images/boitmal/produit/zoom/936FEB2670E44E85562B9564D40B3E6A.jpg,https://driveimg1.intermarche.com/pt/Content/images/boitmal/produit/zoom/CBB4812E883E0A943660F7C5BD667E18.jpg,https://driveimg1.intermarche.com/pt/Content/images/boitmal/produit/zoom/CBB4812E883E0A943660F7C5BD667E18.jpg,,2025-02-19T23:59:59.999999999Z,PROSPECTUS,12,1,,
53163,8445291099418,,Buondi,"Café original nespresso, 10 cápsulas",,2.99,2.99,10,,€/Unidade,,,https://driveimg1.intermarche.com/pt/Content/images/boitmal/produit/zoom/6E46F1C9FB77DF7B2C9479B336DCC810.jpg,,,,2025-02-19T23:59:59.999999999Z,PROSPECTUS,12,1,,
5772,5604260025275,200.0,PorSi,"Fiambre extra, fatiado",Embalagem de 200g,1.99,9.95,0,kg,€/Kg,,,https://driveimg1.intermarche.com/pt/Content/images/boitmal/produit/zoom/3B7831E12BFDD22B7C9801E5C6E0914F.jpg,,,,2025-02-19T23:59:59.999999999Z,PROSPECTUS,12,1,,
8384,5601049133992,1000.0,Mimosa,"Leite uht magro, embalagem de 1litro",,0.89,0.89,1000,L,€/L,,,https://driveimg1.intermarche.com/pt/Content/images/boitmal/produit/zoom/128AB814EBA9C0783B386EB2E0A38CC9.jpg,https://driveimg1.intermarche.com/pt/Content/images/boitmal/produit/zoom/8C350978140C257D0AAD7365CD133F0C.jpg,https://driveimg1.intermarche.com/pt/Content/images/boitmal/produit/zoom/B9BED9F397071733FB4D36CBE39ECDBA.jpg,,2025-02-19T23:59:59.999999999Z,PROSPECTUS,12,1,,
9113,5601989001566,750.0,Monte Velho,"Vinho branco alentejo, garrafa de 750 ml",,3.49,4.65,750,L,€/L,,,https://driveimg1.intermarche.com/pt/Content/images/boitmal/produit/zoom/7B25882D8E40FB5175386823B109A8BD.jpg,,,,2025-03-05T23:59:59.999999999Z,PROSPECTUS,12,1,,
9239,5603016000542,750.0,Fonte nico,"Vinho rosé regional península de setúbal, garrafa de 750 ml",,1.55,2.07,750,L,€/L,,,https://driveimg1.intermarche.com/pt/Content/images/boitmal/produit/zoom/3B6DA5A3CBA1B0CE99BD3CD43BFCA236.jpg,,,,2025-03-05T23:59:59.999999999Z,PROSPECTUS,12,1,,
929,5601001187803,625.0,Nestlé,"Cereais chocapic, 625 g",,3.49,5.58,0,kg,€/Kg,,,https://driveimg1.intermarche.com/pt/Content/images/boitmal/produit/zoom/8DB31C1F3066D48D593AE11B75516670.jpg,,,,2025-02-19T23:59:59.999999999Z,PROSPECTUS,12,1,,
980,5601024134488,750.0,Oliveira da Serra,Azeite virgem extra clássico,Embalagem de 750 ml,6.89,9.19,750,L,€/L,,,https://driveimg1.intermarche.com/pt/Content/images/boitmal/produit/zoom/01EF39EFE8396CC9ACA95DC25E9D3412.jpg,,,,2025-02-19T23:59:59.999999999Z,PROSPECTUS,12,1,,
986,5601029001273,120.0,Pitéu,"Lulas recheadas, embalagem de 120g",,2.16,18.0,0,kg,€/Kg,,,https://driveimg1.intermarche.com/pt/Content/images/boitmal/produit/zoom/9698C20F36BF6990D59E676F8A1CB41D.jpg,,,,2025-02-19T23:59:59.999999999Z,PROSPECTUS,12,1,,
10095,8435257040899,640.0,Nestlé,"Iogurte líquido yoggi morango, embalagem de 4 x 160g",,1.99,3.11,0,kg,€/Kg,,,https://driveimg1.intermarche.com/pt/Content/images/boitmal/produit/zoom/BCBB1C4518CDF8045B46EB41CD173E54.jpg,,,,2025-02-19T23:59:59.999999999Z,PROSPECTUS,12,1,,
10161,8410199030900,85.0,LayS,"Aperitivos 3ds cones, embalagem de 90g",,1.19,14.0,0,kg,€/Kg,,,https://driveimg1.intermarche.com/pt/Content/images/boitmal/produit/zoom/CABD9E02E15FE0A39A1EB6AA89751DFE.jpg,,,,2025-02-19T23:59:59.999999999Z,PROSPECTUS,12,1,,
10512,8435250439577,232.0,Nestlé,"Iogurte mix in nesquik, embalagem de 2 x 115g",,2.09,9.01,0,kg,€/Kg,,,https://driveimg1.intermarche.com/pt/Content/images/boitmal/produit/zoom/6C2207480393D760FBF1824B2B4CD877.jpg,,,,2025-02-19T23:59:59.999999999Z,PROSPECTUS,12,1,,
10513,8435250439591,236.0,Nestlé,"Iogurte mix-in chocapic,  2 x 118 g",,2.09,8.86,0,kg,€/Kg,,,https://driveimg1.intermarche.com/pt/Content/images/boitmal/produit/zoom/368B8AC44F8070965585916E17063F2C.jpg,,,,2025-02-19T23:59:59.999999999Z,PROSPECTUS,12,1,,
10823,2895063000000,250.0,Castelões,Queijo Curado kg,1 un = 250 gr  (aprox.),2.5,9.99,0,,€/Kg,,,https://driveimg1.intermarche.com/pt/Content/images/boitmal/produit/zoom/75B6363D9B6BD363EA11623977BF1CB2.jpg,,,,2025-03-05T23:59:59.999999999Z,PROSPECTUS,12,1,,
10842,2895207000000,250.0,Santiago,Queijo 3 Igrejas Cura 2m Pimentão,Vendido ao peso a partir de 250 gr,3.0,11.99,0,,€/Kg,,,https://driveimg1.intermarche.com/pt/Content/images/boitmal/produit/zoom/2F11F4EC63EB49EF2522FB61028743A0.jpg,,,,2025-03-05T23:59:59.999999999Z,PROSPECTUS,12,1,,
10910,3250390010586,250.0,Páturages,Queijo camembert 45% mg,Embalagem de 250 g,1.89,7.56,0,kg,€/Kg,,,https://driveimg1.intermarche.com/pt/Content/images/boitmal/produit/zoom/7C9F5B55F7320E544E58C79F8FBB96B2.jpg,,,,2025-03-05T23:59:59.999999999Z,PROSPECTUS,12,1,,
1140,5601082026909,55.0,Delta Q,Cápsulas de café delta qualidus,Embalagem de 60g,4.69,85.27,0,kg,€/Kg,,,https://driveimg1.intermarche.com/pt/Content/images/boitmal/produit/zoom/441EE69B99F521CFEC78FC743837C36E.jpg,,,,2025-02-19T23:59:59.999999999Z,PROSPECTUS,12,1,,
11466,5601018004605,200.0,Gresso,Nata uht para bater 200 ml,,0.79,3.95,200,L,€/L,,,https://driveimg1.intermarche.com/pt/Content/images/boitmal/produit/zoom/6D55411BE639B830632A68D20D002036.jpg,,,,2025-02-19T23:59:59.999999999Z,PROSPECTUS,12,1,,
11894,5602527028335,130.0,Palhais,"Queijo de cabra com azeite e oregãos, 130 g",,2.99,23.0,0,kg,€/Kg,,,https://driveimg1.intermarche.com/pt/Content/images/boitmal/produit/zoom/8CEA4708DABC083A4827327E27C8BFB3.jpg,,,,2025-03-05T23:59:59.999999999Z,PROSPECTUS,12,1,,
1191,5601119009660,180.0,Nobre,"Mini salsichas cocktail, lata de 180g",,1.79,9.94,0,kg,€/Kg,,,https://driveimg1.intermarche.com/pt/Content/images/boitmal/produit/zoom/FEBC979069AC159E9B8E5F8DD02E763D.jpg,,,,2025-02-19T23:59:59.999999999Z,PROSPECTUS,12,1,,
1196,5601119942608,200.0,Nobre,"Salsichas de aves, lata de 200g",,1.39,6.95,0,kg,€/Kg,,,https://driveimg1.intermarche.com/pt/Content/images/boitmal/produit/zoom/C3D289F4C441D4785985F7C225CA4543.jpg,,,,2025-02-19T23:59:59.999999999Z,PROSPECTUS,12,1,,
11961,5603722505607,1000.0,Mimosa,"Leite sem lactose meio gordo, de 1l",,1.14,1.14,1000,L,€/L,,,https://driveimg1.intermarche.com/pt/Content/images/boitmal/produit/zoom/A98ED8A0E5E675A3AC1A551BCE75B0AB.jpg,https://driveimg1.intermarche.com/pt/Content/images/boitmal/produit/zoom/4E57BFE09E8D859BDBE1705476BB9F1B.jpg,https://driveimg1.intermarche.com/pt/Content/images/boitmal/produit/zoom/E1F70144AAFCC0EAEBFF05614177D009.jpg,,2025-02-19T23:59:59.999999999Z,PROSPECTUS,12,1,,
11982,5603802400020,750.0,Fiuza,"Vinho branco tejo sauvignon, garrafa de 750 ml",,4.99,6.65,750,L,€/L,,,https://driveimg1.intermarche.com/pt/Content/images/boitmal/produit/zoom/996291488226B375A67E39537E454FD9.jpg,,,,2025-03-05T23:59:59.999999999Z,PROSPECTUS,12,1,,
12106,5604260266593,320.0,PorSi,Napolitas creme baunilha,Embalagem de 320g,1.77,5.53,0,kg,€/Kg,,,https://driveimg1.intermarche.com/pt/Content/images/boitmal/produit/zoom/DD74E124716DAC476D4D2CC49FD2F04F.jpg,,,,2025-02-19T23:59:59.999999999Z,PROSPECTUS,12,1,,
1212,5601119950481,420.0,Nobre,"Refeição caseira almôndegas, embalagem de 420g",,2.99,7.12,0,kg,€/Kg,,,https://driveimg1.intermarche.com/pt/Content/images/boitmal/produit/zoom/337528A4932DEE68006A1ECADBCE182B.jpg,,,,2025-02-19T23:59:59.999999999Z,PROSPECTUS,12,1,,
1285,5601151160060,410.0,Compal,"Ervilhas, lata com 410 ml",,1.09,2.66,410,L,€/L,,,https://driveimg1.intermarche.com/pt/Content/images/boitmal/produit/zoom/5A637F1F1A9D6D5D73CF74D3CBF9A0F4.jpg,,,,2025-02-19T23:59:59.999999999Z,PROSPECTUS,12,1,,
12898,2893293000000,400.0,Programa Origens,Dourada,1 un= 400 grs (aprox.),3.6,8.99,0,,€/Kg,,,https://driveimg1.intermarche.com/pt/Content/images/boitmal/produit/zoom/1228D1EB55215F23AB492009B28E8268.jpg,,,,2025-02-19T23:59:59.999999999Z,PROSPECTUS,12,1,,
13095,2893071000000,100.0,Peixaria,Carapau Pequeno,1 un = 100 g (aprox.),0.35,3.49,0,,€/Kg,,,https://driveimg1.intermarche.com/pt/Content/images/boitmal/produit/zoom/07606BE143D22CF4796A63CA9C752E5B.jpg,,,,2025-02-19T23:59:59.999999999Z,PROSPECTUS,12,1,,
13625,2893620000000,300.0,Peixaria,Salmão de viveiro à posta,1 un. = 300 g (aprox.),4.2,13.99,0,,€/Kg,,,https://driveimg1.intermarche.com/pt/Content/images/boitmal/produit/zoom/29B9DB2E73FB6AE756265DB326B65712.jpg,,,,2025-02-19T23:59:59.999999999Z,PROSPECTUS,12,1,,
13990,2696200000000,,Pastelaria,Folhado de salsichas,1 unidade = 110 g,0.99,0.99,0,,€/Unidade,,,https://driveimg1.intermarche.com/pt/Content/images/boitmal/produit/zoom/4DCF72DC736051BE772FEB48C9B7E455.jpg,,,,2025-02-19T23:59:59.999999999Z,PROSPECTUS,12,2,,
14408,5601012004427,750.0,Trinca Bolotas,"Vinho doc alentejo tinto, garrafa de 0.75 l",,4.99,6.65,750,L,€/L,,,https://driveimg1.intermarche.com/pt/Content/images/boitmal/produit/zoom/CE8D5D13DE743123565142F1E6733CF4.jpg,,,,2025-03-05T23:59:59.999999999Z,PROSPECTUS,12,2,,
14711,5601286402332,180.0,Nacional,"Bolacha alfa, embalagem de 180g",,1.04,5.78,0,kg,€/Kg,,,https://driveimg1.intermarche.com/pt/Content/images/boitmal/produit/zoom/EEAED8EB73A6124CF9DC2D1D89DF265E.jpg,,,,2025-02-19T23:59:59.999999999Z,PROSPECTUS,12,2,,
14818,2696137000000,,Pastelaria,Pastel de Nata,60G,0.39,0.39,0,,€/Unidade,,,https://driveimg1.intermarche.com/pt/Content/images/boitmal/produit/zoom/9EEE51B51A06F76B38A9947DCC43F4E5.jpg,,,,2025-02-19T23:59:59.999999999Z,PROSPECTUS,12,2,,
1484,5601326000122,1000.0,Pato real,Arroz carolino malandrinho,Embalagem de 1 kg,1.78,1.78,0,kg,€/Kg,,,https://driveimg1.intermarche.com/pt/Content/images/boitmal/produit/zoom/EF54F6404384A19B3FBA2850089F9FBC.jpg,,,,2025-02-19T23:59:59.999999999Z,PROSPECTUS,12,2,,
14884,2891116000000,1000.0,Aves,Galinha Pequena com Miúdos,1 un = 1 kg (aprox.),2.25,2.25,0,,€/Kg,,,https://driveimg1.intermarche.com/pt/Content/images/boitmal/produit/zoom/1EB78D77852C5A607BDFDBBED5FBDC51.jpg,,,,2025-02-19T23:59:59.999999999Z,PROSPECTUS,12,2,,
15886,5601027003859,210.0,Manhãzitos,Manhãzitos original,Embalagem 6x2 unidades,2.29,10.9,0,kg,€/Kg,,,https://driveimg1.intermarche.com/pt/Content/images/boitmal/produit/zoom/E3BD264A0F36C19CDFE09BE15A0F5910.jpg,,,,2025-02-19T23:59:59.999999999Z,PROSPECTUS,12,2,,
16682,5604260279111,,PorSi,"Recarga ambientador eléctrico, alfazema",Embalagem de 25 ml,1.99,1.99,25,,€/Unidade,,,https://driveimg1.intermarche.com/pt/Content/images/boitmal/produit/zoom/7147B2E5783F21A54DF2F57CB01A1715.jpg,,,,2025-02-19T23:59:59.999999999Z,PROSPECTUS,12,2,,
16693,5601066400916,120.0,Nacional,"Bolacha chocomax mini, embalagem de 120g",,1.24,10.33,0,kg,€/Kg,,,https://driveimg1.intermarche.com/pt/Content/images/boitmal/produit/zoom/3DB56A546076CEE7A0263616FFAC5173.jpg,,,,2025-02-19T23:59:59.999999999Z,PROSPECTUS,12,2,,
16891,8410376042528,220.0,Gullón,"Bolachas vitalday recheio iogurte com frutos vermelhos, embalagem de 220g",,1.84,8.36,0,kg,€/Kg,,,https://driveimg1.intermarche.com/pt/Content/images/boitmal/produit/zoom/5AC744E8018CD0E90AE17D4A69AF5204.jpg,,,,2025-02-19T23:59:59.999999999Z,PROSPECTUS,12,2,,
17920,5602417101575,5000.0,Courelas d'Alqueva,Vinho bag-in-box tinto,Garrafa de 5 l,6.49,1.3,5000,L,€/L,,,https://driveimg1.intermarche.com/pt/Content/images/boitmal/produit/zoom/50F27F2A3BA8F2DFBF7A0B52395D8EDC.jpg,,,,2025-03-05T23:59:59.999999999Z,PROSPECTUS,12,2,,
1849,5604260036660,500.0,PorSi,Corn flakes saco,Embalagem de 500g,1.75,3.5,0,kg,€/Kg,,,https://driveimg1.intermarche.com/pt/Content/images/boitmal/produit/zoom/ECC3F2C638AF83363C7CF198CF9FC836.jpg,,,,2025-02-19T23:59:59.999999999Z,PROSPECTUS,12,2,,
18535,5601066400947,180.0,Nacional,"Bolacha shortcake chocolate, embalagem de 180g",,1.34,7.44,0,kg,€/Kg,,,https://driveimg1.intermarche.com/pt/Content/images/boitmal/produit/zoom/CBFE7AF5F924BE5497638A69DF62503A.jpg,,,,2025-02-19T23:59:59.999999999Z,PROSPECTUS,12,2,,
18618,5601027004870,210.0,Manhãzitos,Manhãzitos -50% açúcares,Embalagem 6x2 unidades,2.29,10.9,0,kg,€/Kg,,,https://driveimg1.intermarche.com/pt/Content/images/boitmal/produit/zoom/08521722BDB8760A47A03446C3145802.jpg,,,,2025-02-19T23:59:59.999999999Z,PROSPECTUS,12,2,,
20203,5604098001038,750.0,Tapada do Barão,Vinho branco regional alentejano,Garrafa de 0.75 l,2.99,3.99,750,L,€/L,,,https://driveimg1.intermarche.com/pt/Content/images/boitmal/produit/zoom/19956D44B47A358E3EC08E2B8F744D95.jpg,,,,2025-03-05T23:59:59.999999999Z,PROSPECTUS,12,2,,
21582,5604846103380,750.0,Quinta de la Rosa,"Vinho doc douro, tinto",Garrafa de 750 ml,10.49,13.99,750,L,€/L,,,https://driveimg1.intermarche.com/pt/Content/images/boitmal/produit/zoom/7B70045ED3A09F8E9005E28AA3F4C179.jpg,,,,2025-03-05T23:59:59.999999999Z,PROSPECTUS,12,2,,
22307,5601019012647,390.0,Guloso,"Tomate em pedaços, embalagem de 390g",,1.45,3.72,0,kg,€/Kg,,,https://driveimg1.intermarche.com/pt/Content/images/boitmal/produit/zoom/5ED4DE98BAC903A7106FCD013B7A79FA.jpg,,,,2025-02-19T23:59:59.999999999Z,PROSPECTUS,12,2,,
2314,5604260271856,355.0,PorSi,Cogumelos inteiros,Embalagem de 355 g,1.29,3.63,0,kg,€/Kg,,,https://driveimg1.intermarche.com/pt/Content/images/boitmal/produit/zoom/01F5BA204144BDCBC76F253B25332909.jpg,,,,2025-02-19T23:59:59.999999999Z,PROSPECTUS,12,2,,
23353,5000116112197,375.0,Capitão Iglo,"18 nuggets de frango, embalagem de 380g",,4.99,13.31,0,kg,€/Kg,,Tipo de stockagem,https://driveimg1.intermarche.com/pt/Content/images/boitmal/produit/zoom/F26C89B365D9DC17E138C74AB049DE6B.jpg,,,,2025-02-19T23:59:59.999999999Z,PROSPECTUS,12,2,,
24369,5601050033045,620.0,Danone,"Iogurte líquido morango / kiwi corpos danone, embalagem de 4 x 155g",,1.89,3.05,0,kg,€/Kg,,,https://driveimg1.intermarche.com/pt/Content/images/boitmal/produit/zoom/4DF8E752E36F802BC82CCB72970E5D9F.jpg,,,,2025-02-19T23:59:59.999999999Z,PROSPECTUS,12,2,,
25310,8410022011540,228.0,Bollycao,"4 bolos recheados com chocolate de leite, 228 g",,2.29,10.04,0,kg,€/Kg,,,https://driveimg1.intermarche.com/pt/Content/images/boitmal/produit/zoom/F258708F894549579352C7881FF76FA5.jpg,,,,2025-02-19T23:59:59.999999999Z,PROSPECTUS,12,2,,
26061,5601082041735,220.0,Delta,Café moagem universal angola,Embalagem de 220g,3.09,14.05,0,kg,€/Kg,,,https://driveimg1.intermarche.com/pt/Content/images/boitmal/produit/zoom/5D337D3866314BE280A581C05FCA725F.jpg,,,,2025-02-19T23:59:59.999999999Z,PROSPECTUS,12,2,,
27775,8410500017699,480.0,Danone,"Activia 0% Frutos Silvestres Cremoso,  4x120 g",,1.99,4.15,0,kg,€/Kg,,,https://driveimg1.intermarche.com/pt/Content/images/boitmal/produit/zoom/4E62DCF5F4DD4F8D2F37C752D5F96412.jpg,,,,2025-02-19T23:59:59.999999999Z,PROSPECTUS,12,2,,
2784,8410199021137,160.0,Ruffles,"Batata frita, embalagem de 160 g",,1.39,8.69,0,kg,€/Kg,,,https://driveimg1.intermarche.com/pt/Content/images/boitmal/produit/zoom/99D56823BC057150117915B487192BF1.jpg,,,,2025-02-19T23:59:59.999999999Z,PROSPECTUS,12,2,,
2785,5601363013222,150.0,Ruffles,"Batata frita presunto, embalagem de 150 g",,1.39,9.27,0,kg,€/Kg,,,https://driveimg1.intermarche.com/pt/Content/images/boitmal/produit/zoom/7C1F8A2720963F6F12F5A2EE9BFB27BF.jpg,,,,2025-02-19T23:59:59.999999999Z,PROSPECTUS,12,2,,
282,0000080361497,85.0,Purina Gourmet,"Comida húmida para gato pedacinhos em molho com salmão, embalagem de 90g",,0.87,10.24,0,kg,€/Kg,,,https://driveimg1.intermarche.com/pt/Content/images/boitmal/produit/zoom/F3269BDBEA9617D986C45DC8EC354AB3.jpg,,,,2025-02-19T23:59:59.999999999Z,PROSPECTUS,12,2,,
28507,8006540618752,,Dodot,Fraldas Bebé Seco Extra +14kg T6,Embalagem c/ 48 un.,13.49,13.49,0,,€/Unidade,,,https://driveimg1.intermarche.com/pt/Content/images/boitmal/produit/zoom/3B2C8C276E6D8600A83CC88CD26B6A19.jpg,,,,2025-02-19T23:59:59.999999999Z,PROSPECTUS,12,2,,
29726,7622210834003,300.0,Milka,Tablete de chocolate amêndoa e caramelo,Embalagem de 300g,3.74,12.47,0,kg,€/Kg,,,https://driveimg1.intermarche.com/pt/Content/images/boitmal/produit/zoom/B13E848415071F2FF8609DFCA9224D92.jpg,,,,2025-02-19T23:59:59.999999999Z,PROSPECTUS,12,2,,
29834,8712100516467,480.0,Olá,"Gelado cornetto mini clássico, embalagem de 8 x 60 ml",,3.89,8.1,480,L,€/L,,Tipo de stockagem,https://driveimg1.intermarche.com/pt/Content/images/boitmal/produit/zoom/966639A10CEAB2E0B5CACE51C203C362.jpg,,,,2025-02-19T23:59:59.999999999Z,PROSPECTUS,12,2,,
29899,2696008000000,,Padaria,Bola Rústica,85 g,0.27,0.27,0,,€/Unidade,,,https://driveimg1.intermarche.com/pt/Content/images/boitmal/produit/zoom/06C705452DA793A390CC49C0690F6BDD.jpg,,,,2025-02-19T23:59:59.999999999Z,PROSPECTUS,12,2,,
300,0011210000889,60.0,Tabasco,Molho picante,Garrafa de 60 ml,2.37,39.5,60,L,€/L,,,https://driveimg1.intermarche.com/pt/Content/images/boitmal/produit/zoom/513E7907BD2D93422664E790FE0A1850.jpg,,,,2025-02-19T23:59:59.999999999Z,PROSPECTUS,12,2,,
30709,5603089007738,500.0,Parmalat,"Bechamel sem glúten, 500 ml",,2.19,4.38,500,L,€/L,,,https://driveimg1.intermarche.com/pt/Content/images/boitmal/produit/zoom/A45D4AD7BDD866FA75167D46D503ED8D.jpg,,,,2025-02-19T23:59:59.999999999Z,PROSPECTUS,12,2,,
30958,5449000957955,3500.0,Coca-Cola,"Refrigerante zero, pack 2 x 1.75 l",,3.35,0.96,3500,L,€/L,,,https://driveimg1.intermarche.com/pt/Content/images/boitmal/produit/zoom/F2EAD17F7ACB8ABDBC63DEE76B961767.jpg,,,,2025-02-19T23:59:59.999999999Z,PROSPECTUS,12,2,,
31554,8435257039138,1280.0,Nestlé,"Nestlé - iogurte líquido de tutti-frutti, pack 8 x 160 g",,3.89,3.04,0,kg,€/Kg,,,https://driveimg1.intermarche.com/pt/Content/images/boitmal/produit/zoom/FBACDDE5448B1E7990331AE3CC79D8AF.jpg,,,,2025-02-19T23:59:59.999999999Z,PROSPECTUS,12,2,,
32076,7613036496353,340.0,Purina One,"Comida húmida para gato esterilizado em molho com salmão, 4 x 85g",,2.59,7.62,0,kg,€/Kg,,,https://driveimg1.intermarche.com/pt/Content/images/boitmal/produit/zoom/3F5C404D1E0ED04E5681C0681EDCBF4A.jpg,,,,2025-02-19T23:59:59.999999999Z,PROSPECTUS,12,2,,
32326,8002205352009,2000.0,Friskies,Ração para gato adulto com salmão e legumes,Embalagem de 2 kg,6.74,3.37,0,kg,€/Kg,,,https://driveimg1.intermarche.com/pt/Content/images/boitmal/produit/zoom/7BB16DEB21172930AE30D98EA700F916.jpg,,,,2025-02-19T23:59:59.999999999Z,PROSPECTUS,12,2,,
32545,5601119261402,180.0,Nobre,"Salsichas de aves cocktail, lata de 180g",,1.79,9.94,0,kg,€/Kg,,,https://driveimg1.intermarche.com/pt/Content/images/boitmal/produit/zoom/6ECD962C9294DE9D5B22F94D8DE001C0.jpg,,,,2025-02-19T23:59:59.999999999Z,PROSPECTUS,12,2,,
33391,7613036525893,250.0,Pensal,"Farinha com cacau, embalagem de 250g",,1.94,7.76,0,kg,€/Kg,,,https://driveimg1.intermarche.com/pt/Content/images/boitmal/produit/zoom/68797A6078949F0AB61C8E5E40A31566.jpg,,,,2025-02-19T23:59:59.999999999Z,PROSPECTUS,12,2,,
35147,5604260282920,3000.0,Selecção de Enófilos,Vinho branco regional alentejano,Bag-in-box de 3 litros,5.19,1.73,3000,L,€/L,,,https://driveimg1.intermarche.com/pt/Content/images/boitmal/produit/zoom/83F5A8EE913F62A4CECF537776BF250E.jpg,,,,2025-03-05T23:59:59.999999999Z,PROSPECTUS,12,2,,
35703,3021768203608,360.0,GoGo Squeez,"Conjunto de saquetas de fruta maçã, embalagem de 4 x 90g",,2.69,7.47,0,kg,€/Kg,,,https://driveimg1.intermarche.com/pt/Content/images/boitmal/produit/zoom/A883D4AC13B156A0D033F481C69DEEF9.jpg,,,,2025-02-19T23:59:59.999999999Z,PROSPECTUS,12,2,,
36465,5601028023443,,Renova,Lenços de bolso kids,Embalagem sortida com 8 unidades + 2 grátis,1.09,1.09,0,,€/Unidade,,,https://driveimg1.intermarche.com/pt/Content/images/boitmal/produit/zoom/2B0AFA48224382F2654400960136DE54.jpg,https://driveimg1.intermarche.com/pt/Content/images/boitmal/produit/zoom/0CE1F27833749E5A2E2A6631A26FC1E0.jpg,https://driveimg1.intermarche.com/pt/Content/images/boitmal/produit/zoom/10669725004839CB519AC745D1B0A74F.jpg,https://driveimg1.intermarche.com/pt/Content/images/boitmal/produit/zoom/B68437CAB6470B905C65CD8F71745279.jpg,2025-02-19T23:59:59.999999999Z,PROSPECTUS,12,2,,
36719,5604260297078,200.0,PorSi,Queijo maasdam fatias,Embalagem de 200 g,1.99,9.95,0,kg,€/Kg,,,https://driveimg1.intermarche.com/pt/Content/images/boitmal/produit/zoom/54536D3CF3629010991A32E161AAAD0F.jpg,,,,2025-02-19T23:59:59.999999999Z,PROSPECTUS,12,2,,
372,8711200532391,260.0,Calvé,"Molho big burguer, embalagem de 260g",,1.94,7.46,0,kg,€/Kg,,,https://driveimg1.intermarche.com/pt/Content/images/boitmal/produit/zoom/274182EF6D0EFA8A84998CA913A7016C.jpg,https://driveimg1.intermarche.com/pt/Content/images/boitmal/produit/zoom/122719564EBC4BB4D52F039A6C0EDAF1.jpg,,,2025-02-19T23:59:59.999999999Z,PROSPECTUS,12,2,,
37574,8717163836835,2000.0,Lipton,"Ice tea de pêssego sem açúcar, garrafa de 2l",,3.19,1.6,2000,L,€/L,,,https://driveimg1.intermarche.com/pt/Content/images/boitmal/produit/zoom/B0D164F35BECC5A6CA9E515D71ED323C.jpg,,,,2025-02-19T23:59:59.999999999Z,PROSPECTUS,12,2,,
37602,5603722518782,,Castelões,"Queijo curado pequeno, embalagem de 500g",,5.99,5.99,1,,€/Unidade,,,https://driveimg1.intermarche.com/pt/Content/images/boitmal/produit/zoom/5DFFAAD500F2992E98C505840753B8C7.jpg,,,,2025-03-05T23:59:59.999999999Z,PROSPECTUS,12,2,,
37948,5601217132697,500.0,Cillitbang,"Spray limpeza casa de banho, embalagem de 500 ml",,2.49,4.98,500,L,€/L,,,https://driveimg1.intermarche.com/pt/Content/images/boitmal/produit/zoom/62E5A8E0A6D5CF81B7A29AA6D1070117.jpg,,,,2025-02-19T23:59:59.999999999Z,PROSPECTUS,12,2,,
38557,5601027004764,315.0,Manhãzitos,Manhãzitos® planetus 9x2 un.,Embalagem de 315g,2.89,9.17,0,kg,€/Kg,,,https://driveimg1.intermarche.com/pt/Content/images/boitmal/produit/zoom/C011546637B7E58FA3E5267C7A9C6DFA.jpg,,,,2025-02-19T23:59:59.999999999Z,PROSPECTUS,12,2,,
38970,5603722518805,,Castelões,"Queijo curado -30% gordura, 500 g",,5.99,5.99,1,,€/Unidade,,,https://driveimg1.intermarche.com/pt/Content/images/boitmal/produit/zoom/72A7031F9A56666D6A179BF7A6411A71.jpg,,,,2025-03-05T23:59:59.999999999Z,PROSPECTUS,12,2,,
40485,5604260300822,385.0,PorSi,Atum posta em óleo vegetal,Embalagem de 385g,2.65,6.88,0,kg,€/Kg,,,https://driveimg1.intermarche.com/pt/Content/images/boitmal/produit/zoom/44BE53B0AE4A80022EA96D4B28318DF4.jpg,,,,2025-02-19T23:59:59.999999999Z,PROSPECTUS,12,2,,
40544,5604260302031,1000.0,PorSi,Néctar de laranja e cenoura light,Embalagem de 1 litro,1.29,1.29,1000,L,€/L,,,https://driveimg1.intermarche.com/pt/Content/images/boitmal/produit/zoom/90AD6663D670ADD8591F162E05082447.jpg,,,,2025-02-19T23:59:59.999999999Z,PROSPECTUS,12,2,,
40743,5604260303236,2500.0,PorSi,Batata pré-frita palitos finos,Embalagem de 2.5 kg,4.86,1.94,0,kg,€/Kg,,Tipo de stockagem,https://driveimg1.intermarche.com/pt/Content/images/boitmal/produit/zoom/8C1F058D1E72F760AB403A89545663F3.jpg,,,,2025-02-19T23:59:59.999999999Z,PROSPECTUS,12,2,,
40963,3083681108323,400.0,Bonduelle,"Salteado rústico, embalagem de 400g",,3.49,8.73,0,kg,€/Kg,,Tipo de stockagem,https://driveimg1.intermarche.com/pt/Content/images/boitmal/produit/zoom/D2BF04E30820A884E11F497F9EA9FC40.jpg,,,,2025-02-19T23:59:59.999999999Z,PROSPECTUS,12,2,,
40974,8711327407121,2000.0,Lipton,Ice tea de limão zero açúcar garrafa 2 l,,3.19,1.6,2000,L,€/L,,,https://driveimg1.intermarche.com/pt/Content/images/boitmal/produit/zoom/01B1D0B046262E5013625D98284F67D4.jpg,,,,2025-02-19T23:59:59.999999999Z,PROSPECTUS,12,2,,
41437,5604260305773,170.0,PorSi Select,Chouriço de porco preto,Embalagem de 170 g,2.69,15.82,0,kg,€/Kg,,,https://driveimg1.intermarche.com/pt/Content/images/boitmal/produit/zoom/9AF028948550CC79F4506D20250D6D94.jpg,,,,2025-03-05T23:59:59.999999999Z,PROSPECTUS,12,2,,
41439,5604260305803,70.0,PorSi Select,"Paio do lombo de porco preto, 70 g",,4.49,64.14,0,kg,€/Kg,,,https://driveimg1.intermarche.com/pt/Content/images/boitmal/produit/zoom/FC4D8B8993BE3FCCF3CEE9D4E3E7FC70.jpg,,,,2025-03-05T23:59:59.999999999Z,PROSPECTUS,12,2,,
41716,5604260303809,90.0,PorSi,Saqueta de puré de fruta | maçã + pêssego + banana + pera,90 g,0.57,6.33,0,kg,€/Kg,,,https://driveimg1.intermarche.com/pt/Content/images/boitmal/produit/zoom/1CAFF4A82E080C7A12967171C7D2027F.jpg,,,,2025-02-19T23:59:59.999999999Z,PROSPECTUS,12,2,,
42128,5604260309191,,PorSi,Ambientador tealights baunilha,embalagem com 18 unidades,2.15,2.15,0,,€/Unidade,,,https://driveimg1.intermarche.com/pt/Content/images/boitmal/produit/zoom/355F486EA1F2C576861DA295FEA96BF1.jpg,,,,2025-02-19T23:59:59.999999999Z,PROSPECTUS,12,2,,
42130,5604260309214,,PorSi,Ambientador tealights frutos vermelhos,embalagem com 18 unidades,2.15,2.15,0,,€/Unidade,,,https://driveimg1.intermarche.com/pt/Content/images/boitmal/produit/zoom/2FD807E004893E4ED9AD2A7BF4C5EFFD.jpg,,,,2025-02-19T23:59:59.999999999Z,PROSPECTUS,12,2,,
42690,5604581334322,1500.0,Princesa amandine,"Batata, embalagem de 1.5 kg",,2.29,1.53,0,kg,€/Kg,,,https://driveimg1.intermarche.com/pt/Content/images/boitmal/produit/zoom/06E0E576F78726A211583C83F0714155.jpg,,,,2025-02-19T23:59:59.999999999Z,PROSPECTUS,12,2,,
4315,3600540542861,400.0,Garnier,Champô Ultra Suave de abacate & karité,Embalagem de 400 ml,3.79,9.48,400,L,€/L,,,https://driveimg1.intermarche.com/pt/Content/images/boitmal/produit/zoom/5D548857F0BA2FC243E68F54B6437483.jpg,,,,2025-02-19T23:59:59.999999999Z,PROSPECTUS,12,2,,
4400,3600541533226,400.0,Garnier,Champô Ultra Suave gama maravilhosa,Embalagem de 400 ml,3.79,9.48,400,L,€/L,,,https://driveimg1.intermarche.com/pt/Content/images/boitmal/produit/zoom/166C7E56D2B5EA50DF798E70C6BA54A7.jpg,,,,2025-02-19T23:59:59.999999999Z,PROSPECTUS,12,2,,
44595,5603550000138,1000.0,Legumes,Batata roxa para assar,embalagem de 1 kg,1.19,1.19,0,kg,€/Kg,,,https://driveimg1.intermarche.com/pt/Content/images/boitmal/produit/zoom/73F447357E7006FA492EE495C8B4C025.jpg,,,,2025-02-19T23:59:59.999999999Z,PROSPECTUS,12,2,,
44715,5600961109672,250.0,Prozis,"Manteiga de amendoim cremosa, 250g",,2.49,9.96,0,kg,€/Kg,,,https://driveimg1.intermarche.com/pt/Content/images/boitmal/produit/zoom/3CEEBB25BE3616DCE7F29C8CA9E9FCD3.jpg,,,,2025-02-19T23:59:59.999999999Z,PROSPECTUS,12,2,,
44903,5601066200325,1000.0,Nacional,"Farinha preparada pão caseiro, 1kg",,1.79,1.79,0,kg,€/Kg,,,https://driveimg1.intermarche.com/pt/Content/images/boitmal/produit/zoom/4D17517C7C018E28AA2A4618CB765EB3.jpg,,,,2025-02-19T23:59:59.999999999Z,PROSPECTUS,12,2,,
44914,5601119345379,160.0,Nobre,"Vegalia especialidade vegetariana de soja, lata com 8 unidades",,2.09,13.06,0,kg,€/Kg,,,https://driveimg1.intermarche.com/pt/Content/images/boitmal/produit/zoom/8AC478A6669D2DB4609CB7280CA417C4.jpg,,,,2025-02-19T23:59:59.999999999Z,PROSPECTUS,12,2,,
44933,7613287343758,,Nescafé,"Ndg café espresso intenso 16 capsulas, embalagem de 112g",,4.99,4.99,16,,€/Unidade,,,https://driveimg1.intermarche.com/pt/Content/images/boitmal/produit/zoom/1B8D48DC222AD13301B58C2D365D1671.jpg,,,,2025-02-19T23:59:59.999999999Z,PROSPECTUS,12,2,,
45047,5604260313129,250.0,PorSi,Recarga ambientador auto lavanda,250 ml,1.89,7.56,250,L,€/L,,,https://driveimg1.intermarche.com/pt/Content/images/boitmal/produit/zoom/78EC89BB1B16F3E05CFBCB9BF025935E.jpg,,,,2025-02-19T23:59:59.999999999Z,PROSPECTUS,12,2,,
4716,5000204593242,72.0,Pato,Discos Sanitários Activos Recarga Lima,Embalagem de 2x36 ml,3.49,48.47,72,L,€/L,,,https://driveimg1.intermarche.com/pt/Content/images/boitmal/produit/zoom/6E8BEEF9B9E1E763C6D9B6E49B0D85F6.jpg,,,,2025-02-19T23:59:59.999999999Z,PROSPECTUS,12,2,,
483,3033710046645,400.0,Nestlé,"Fruta para bebé maçã manga +6 meses, embalagem de 4 x 100g",,2.09,5.23,0,kg,€/Kg,,,https://driveimg1.intermarche.com/pt/Content/images/boitmal/produit/zoom/B957252E4468B4428B54FDF0DEC950C2.jpg,,,,2025-02-19T23:59:59.999999999Z,PROSPECTUS,12,2,,
48348,5604260320387,25.0,PorSi,Recarga ambientador elétrico frutos do bosque,Garrafa de 25 ml,1.99,79.6,25,L,€/L,,,https://driveimg1.intermarche.com/pt/Content/images/boitmal/produit/zoom/0A5D1660A87FAE0A9DF4B356E78B72EA.jpg,,,,2025-02-19T23:59:59.999999999Z,PROSPECTUS,12,2,,
49460,7613287300362,99.0,Nescafé,Café Buondi Intensidade 8,16 cápsulas,4.99,50.4,0,kg,€/Kg,,,https://driveimg1.intermarche.com/pt/Content/images/boitmal/produit/zoom/E4BCDB4A1998B45DA9767B093A961A1E.jpg,,,,2025-02-19T23:59:59.999999999Z,PROSPECTUS,12,2,,
49762,5601050037562,460.0,Danone,"Iogurte com cereais activia, 4x115g",,2.39,5.2,0,kg,€/Kg,,,https://driveimg1.intermarche.com/pt/Content/images/boitmal/produit/zoom/51EAF4A53D8366A31634F35574981BCB.jpg,,,,2025-02-19T23:59:59.999999999Z,PROSPECTUS,12,2,,
49838,5601119359147,420.0,Nobre,"Bolonhesa seitan vegalia, 420g",,3.36,8.0,0,kg,€/Kg,,,https://driveimg1.intermarche.com/pt/Content/images/boitmal/produit/zoom/3AF9C9DCB9EBF656E97E124F3825EB6A.jpg,,,,2025-02-19T23:59:59.999999999Z,PROSPECTUS,12,2,,
5039,5601029001105,120.0,Pitéu,"Filete de cavala em óleo, 120 g",,2.0,16.67,0,kg,€/Kg,,,https://driveimg1.intermarche.com/pt/Content/images/boitmal/produit/zoom/73E77A16ABB6501C787F422E9312D109.jpg,,,,2025-02-19T23:59:59.999999999Z,PROSPECTUS,12,2,,
50954,8006540767689,,Fairy,Detergente Loiça Máquina Ultra,53 pastilhas,13.99,13.99,0,,€/Unidade,,,https://driveimg1.intermarche.com/pt/Content/images/boitmal/produit/zoom/B8715491007747823440062BA929A0DC.jpg,,,,2025-02-19T23:59:59.999999999Z,PROSPECTUS,12,2,,
51113,8720181262784,500.0,Cif,"Limpa casa banho spray higiene c/ lixívia, 500 ml",,1.99,3.98,500,L,€/L,,,https://driveimg1.intermarche.com/pt/Content/images/boitmal/produit/zoom/8CA4C0BAC8A169ADEC56BAD426803345.jpg,,,,2025-02-19T23:59:59.999999999Z,PROSPECTUS,12,2,,
51193,5604260326600,250.0,PorSi,"5 salsichas aves, 250g",,1.99,7.96,0,kg,€/Kg,,,https://driveimg1.intermarche.com/pt/Content/images/boitmal/produit/zoom/582F87EA10C6A75DF73AA4042F86632B.jpg,,,,2025-02-19T23:59:59.999999999Z,PROSPECTUS,12,2,,
5137,5601078005017,750.0,Grao Vasco,"Vinho doc dão tinto, garrafa de 750 ml",,3.35,4.47,750,L,€/L,,,https://driveimg1.intermarche.com/pt/Content/images/boitmal/produit/zoom/A49446DA70D634A26DC6B1DBA802B307.jpg,,,,2025-03-05T23:59:59.999999999Z,PROSPECTUS,12,2,,
51784,5604260327683,1000.0,PorSi Viva Bem,"Iogurte Liquido Magro Morango, 1 kg",,1.49,1.49,0,kg,€/Kg,,,https://driveimg1.intermarche.com/pt/Content/images/boitmal/produit/zoom/E4FA32AC7053A690EC4B42D5772246F4.jpg,,,,2025-02-19T23:59:59.999999999Z,PROSPECTUS,12,2,,
52297,3023290072134,160.0,Lindahls,"Iogurte sólido proteico pêssego maracujá, embalagem de 160 g",,1.19,7.44,0,kg,€/Kg,,,https://driveimg1.intermarche.com/pt/Content/images/boitmal/produit/zoom/8E044D245812210B87881DDCE4C62971.jpg,,,,2025-02-19T23:59:59.999999999Z,PROSPECTUS,12,2,,
5243,5601151170755,410.0,Compal,"Feijão preto, lata de 410 ml",,1.09,2.66,410,L,€/L,,,https://driveimg1.intermarche.com/pt/Content/images/boitmal/produit/zoom/DF73EAA1B2C44B1F4CECF535DE17EB7C.jpg,,,,2025-02-19T23:59:59.999999999Z,PROSPECTUS,12,2,,
5296,5601174204000,750.0,Periquita,"Vinho tinto península de setúbal, garrafa de 0.75 l",,3.59,4.79,750,L,€/L,,,https://driveimg1.intermarche.com/pt/Content/images/boitmal/produit/zoom/A59713B08AFE22BB2A0344F8EAFAD9A7.jpg,,,,2025-03-05T23:59:59.999999999Z,PROSPECTUS,12,2,,
53221,5601027116078,210.0,Manhãzitos,"Bolo Planetus Banana, 210 G",,2.29,10.9,0,kg,€/Kg,,,https://driveimg1.intermarche.com/pt/Content/images/boitmal/produit/zoom/706EFE0793F186081B6A52A09EF2BDCF.jpg,https://driveimg1.intermarche.com/pt/Content/images/boitmal/produit/zoom/43FF0D84A5DEEF315CADB11D637FDFAB.jpg,https://driveimg1.intermarche.com/pt/Content/images/boitmal/produit/zoom/43FF0D84A5DEEF315CADB11D637FDFAB.jpg,https://driveimg1.intermarche.com/pt/Content/images/boitmal/produit/zoom/43FF0D84A5DEEF315CADB11D637FDFAB.jpg,2025-02-19T23:59:59.999999999Z,PROSPECTUS,12,2,,
543,3228881083241,30.0,Lipton,"20 saquetas chá digestão fácil, embalagem de 30g",,2.09,69.67,0,kg,€/Kg,,,https://driveimg1.intermarche.com/pt/Content/images/boitmal/produit/zoom/62C3C7BA99F1F998410EDAE6BAC40CDF.jpg,,,,2025-02-19T23:59:59.999999999Z,PROSPECTUS,12,2,,
544,3228881083326,30.0,Lipton,"20 saquetas chá noite tranquila, embalagem de 30g",,2.09,69.67,0,kg,€/Kg,,,https://driveimg1.intermarche.com/pt/Content/images/boitmal/produit/zoom/918429936BF1A7F518EA4E4A9580CA69.jpg,,,,2025-02-19T23:59:59.999999999Z,PROSPECTUS,12,2,,
54546,8718951472068,2000.0,Ajax,"Lava Tudo Limão, 2L",,2.99,1.5,2000,L,€/L,,,https://driveimg1.intermarche.com/pt/Content/images/boitmal/produit/zoom/057495294BF2D9C8449906AE53DA1998.jpg,,,,2025-02-19T23:59:59.999999999Z,PROSPECTUS,12,2,,
54564,5604260331956,300.0,Labell,"Condicionador Cabelos Normais Caracóis Perfeitos, 300ml",,1.89,6.3,300,L,€/L,,,https://driveimg1.intermarche.com/pt/Content/images/boitmal/produit/zoom/27C2799A5C4C697851C4CDB7EFD00FAD.jpg,,,,2025-02-19T23:59:59.999999999Z,PROSPECTUS,12,2,,
54751,5601146030477,1000.0,Bandida,"Sidra de macã, 1l",,2.49,2.49,1000,L,€/L,,,https://driveimg1.intermarche.com/pt/Content/images/boitmal/produit/zoom/C3ED01E9D239AF9D81ACF3E9F61F1E62.jpg,,,,2025-02-19T23:59:59.999999999Z,PROSPECTUS,12,2,,
54828,5601164906273,7000.0,Super Bock,"Cerveja, 35 x 20 cl",,13.99,2.0,7000,L,€/L,,,https://driveimg1.intermarche.com/pt/Content/images/boitmal/produit/zoom/3EEAE55F901F69F71712A095227D1F3E.jpg,,,,2025-02-19T23:59:59.999999999Z,PROSPECTUS,12,2,,
5802,5604260055807,1000.0,PorSi,"Lixívia tradicional, 1 l",,0.89,0.89,1000,L,€/L,,,https://driveimg1.intermarche.com/pt/Content/images/boitmal/produit/zoom/BCED94EABDE98B5CAB02624A604290B0.jpg,,,,2025-02-19T23:59:59.999999999Z,PROSPECTUS,12,2,,
6058,5608527000517,750.0,Dom Campos,Dom campos tinto vrp setúbal,Garrafa 0.75L,1.99,2.65,750,L,€/L,,,https://driveimg1.intermarche.com/pt/Content/images/boitmal/produit/zoom/A2062681CE6A27A344B24F005A65FF3A.jpg,,,,2025-03-05T23:59:59.999999999Z,PROSPECTUS,12,2,,
6059,5608527000524,750.0,Dom Campos,Vinho branco reg. p.set. 0.75l,Garrafa 0.75L,1.99,2.65,750,L,€/L,,,https://driveimg1.intermarche.com/pt/Content/images/boitmal/produit/zoom/6CFEBAE3F7C01E0EE0EAB2B82395D3EA.jpg,,,,2025-03-05T23:59:59.999999999Z,PROSPECTUS,12,2,,
6060,5608527000555,5000.0,Dom Campos,"Vinho tinto regional, península de setúbal, bag-in-box",Garrafa de 5 l,7.99,1.6,5000,L,€/L,,,https://driveimg1.intermarche.com/pt/Content/images/boitmal/produit/zoom/78079834B0E3726D7B386E02341FE7CB.jpg,,,,2025-03-05T23:59:59.999999999Z,PROSPECTUS,12,2,,
7550,3600541550087,400.0,Garnier,Champô Ultra Suave tesouros de mel,Embalagem de 400 ml,3.79,9.48,400,L,€/L,,,https://driveimg1.intermarche.com/pt/Content/images/boitmal/produit/zoom/9E0A30A6E488599D224D7FC06927B67E.jpg,,,,2025-02-19T23:59:59.999999999Z,PROSPECTUS,12,2,,
8520,5601119956490,120.0,Nobre,"Fiambre perna extra finissimos fatiado, embalagem de 120g",,1.89,15.75,0,kg,€/Kg,,,https://driveimg1.intermarche.com/pt/Content/images/boitmal/produit/zoom/15C8ADF2CEDA2C19A63D893348F1D7F5.jpg,,,,2025-02-19T23:59:59.999999999Z,PROSPECTUS,12,2,,
8915,5601356013925,750.0,Porta da Ravessa,"Vinho doc alentejo reseva branco, garrafa de 0.75 l",,2.99,3.99,750,L,€/L,,,https://driveimg1.intermarche.com/pt/Content/images/boitmal/produit/zoom/8478972294EEC86F064EE4AEEBCCC25F.jpg,,,,2025-03-05T23:59:59.999999999Z,PROSPECTUS,12,2,,
8930,5601377333187,750.0,Reguengos,"Vinho tinto alentejo, garrafa de 0.75 l",,3.99,5.32,750,L,€/L,,,https://driveimg1.intermarche.com/pt/Content/images/boitmal/produit/zoom/912D9D9B80B445A260297A2CB6409352.jpg,,,,2025-03-05T23:59:59.999999999Z,PROSPECTUS,12,2,,
9279,5603533652002,1000.0,Frize,"Água com gás limão, pack 4 x 0.25 l",,2.09,2.09,1000,L,€/L,,,https://driveimg1.intermarche.com/pt/Content/images/boitmal/produit/zoom/11B7A1FE3C8011649267813E9487639D.jpg,,,,2025-02-19T23:59:59.999999999Z,PROSPECTUS,12,2,,
9299,5603722497254,1500.0,Pleno,"Tisana chá de cidreira e tília, garrafa de 1,5 l",,1.59,1.06,1500,L,€/L,,,https://driveimg1.intermarche.com/pt/Content/images/boitmal/produit/zoom/192748706F742E810B6FDFE78ABDE277.jpg,,,,2025-02-19T23:59:59.999999999Z,PROSPECTUS,12,2,,
9300,5603722497261,1500.0,Pleno,"Tisana chá verde/limão, garrafa de 1,5 l",,1.59,1.06,1500,L,€/L,,,https://driveimg1.intermarche.com/pt/Content/images/boitmal/produit/zoom/7EF2B204E50EAE71668E7C4A97DD36C7.jpg,,,,2025-02-19T23:59:59.999999999Z,PROSPECTUS,12,2,,
931,5601001228100,300.0,Nestum,Nestum flocos de cereais com mel,Embalagem de 300g,2.24,7.47,0,kg,€/Kg,,,https://driveimg1.intermarche.com/pt/Content/images/boitmal/produit/zoom/82B368094FF4C269D04DE75FB30D7775.jpg,,,,2025-02-19T23:59:59.999999999Z,PROSPECTUS,12,3,,
9315,5603722509544,1000.0,Mimosa,"Leite 0% lactose magro, de 1l",,1.14,1.14,1000,L,€/L,,,https://driveimg1.intermarche.com/pt/Content/images/boitmal/produit/zoom/0350D0DE44A653A9AB01722B06443E94.jpg,https://driveimg1.intermarche.com/pt/Content/images/boitmal/produit/zoom/DC5219EC1E15E09529E323B7D196FADA.jpg,https://driveimg1.intermarche.com/pt/Content/images/boitmal/produit/zoom/DC48BFFA4281D8016E9FB40168ED4485.jpg,,2025-02-19T23:59:59.999999999Z,PROSPECTUS,12,3,,
958,5601019012401,500.0,Guloso,Polpa de Tomate,Embalagem de 500g,1.09,2.18,0,kg,€/Kg,,,https://driveimg1.intermarche.com/pt/Content/images/boitmal/produit/zoom/0CE0E0ED1941D8AA40077B3BCCD426E3.jpg,,,,2025-02-19T23:59:59.999999999Z,PROSPECTUS,12,3,,
959,5601019012418,1000.0,Guloso,Polpa de Tomate,Embalagem de 1 kg,1.79,1.79,0,kg,€/Kg,,,https://driveimg1.intermarche.com/pt/Content/images/boitmal/produit/zoom/3946132CDF77B4B5ABC4B3B587DC5572.jpg,,,,2025-02-19T23:59:59.999999999Z,PROSPECTUS,12,3,,
9813,5608527005796,5000.0,Dom Campos,"Vinho rosé, região península de setúbal, bag in box",Garrafa de 5 l,7.99,1.6,5000,L,€/L,,,https://driveimg1.intermarche.com/pt/Content/images/boitmal/produit/zoom/DF5B362DDEDD93725A7290449A5F3911.jpg,,,,2025-03-05T23:59:59.999999999Z,PROSPECTUS,12,3,,
13915,2891249000000,2000.0,Peru,Perna com Osso,Vendido ao peso,8.58,4.29,0,,€/Kg,,,https://driveimg1.intermarche.com/pt/Content/images/boitmal/produit/zoom/EA6C55F440DB29FDE55EB019973B1FE5.jpg,,,,2025-02-19T23:59:59.999999999Z,PROSPECTUS,12,3,,
1323,5601163020512,9000.0,Luso,"Água sem gás, pack 6 x 1.5 l",,3.48,0.39,9000,L,€/L,,,https://driveimg1.intermarche.com/pt/Content/images/boitmal/produit/zoom/001A786D3A6068914B18C4EF27206C2E.jpg,,,,2025-02-19T23:59:59.999999999Z,PROSPECTUS,12,3,,
405,8712566410910,275.0,Calvé,"Ketchup, embalagem de 275g",,1.69,6.15,0,kg,€/Kg,,,https://driveimg1.intermarche.com/pt/Content/images/boitmal/produit/zoom/9E63EED4B27A252289B8979C188F5B40.jpg,https://driveimg1.intermarche.com/pt/Content/images/boitmal/produit/zoom/0D7B165FF00CA45BD8F6AC077E3CA1EC.jpg,https://driveimg1.intermarche.com/pt/Content/images/boitmal/produit/zoom/0D7B165FF00CA45BD8F6AC077E3CA1EC.jpg,https://driveimg1.intermarche.com/pt/Content/images/boitmal/produit/zoom/0D7B165FF00CA45BD8F6AC077E3CA1EC.jpg,2025-02-19T23:59:59.999999999Z,PROSPECTUS,12,3,,
40925,8710522652138,240.0,Calvé,"Maionese top down, embalagem de 240g",,1.59,6.63,0,kg,€/Kg,,,https://driveimg1.intermarche.com/pt/Content/images/boitmal/produit/zoom/ECF2C8ABFC985CAC5B87AA78A2E96931.jpg,https://driveimg1.intermarche.com/pt/Content/images/boitmal/produit/zoom/8E23B17512BCD2C444A6228885CC4217.jpg,https://driveimg1.intermarche.com/pt/Content/images/boitmal/produit/zoom/8E23B17512BCD2C444A6228885CC4217.jpg,https://driveimg1.intermarche.com/pt/Content/images/boitmal/produit/zoom/8E23B17512BCD2C444A6228885CC4217.jpg,2025-02-19T23:59:59.999999999Z,PROSPECTUS,12,3,https://driveimg1.intermarche.com/pt/Content/images/boitmal/produit/zoom/8E23B17512BCD2C444A6228885CC4217.jpg,
9311,5603722502064,250.0,Mimosa,"Manteiga fácil de barrar, embalagem de 250g",,2.09,8.36,0,kg,€/Kg,,,https://driveimg1.intermarche.com/pt/Content/images/boitmal/produit/zoom/FEF75CFD36A5CE8709DF5D4930F11917.jpg,https://driveimg1.intermarche.com/pt/Content/images/boitmal/produit/zoom/A8C47E9F1F12DFE2439D3530C38E2D87.jpg,https://driveimg1.intermarche.com/pt/Content/images/boitmal/produit/zoom/2EE410FD3A0147BBB442FA96902FFF46.jpg,,2025-02-19T23:59:59.999999999Z,PROSPECTUS,12,3,,
38148,5603722519123,1000.0,Milhafre,Leite de Pastagem Biológico Meio Gordo,1 litro,1.14,1.14,1000,L,€/L,,Produtos Bio,https://driveimg1.intermarche.com/pt/Content/images/boitmal/produit/zoom/DCB3EAE989BC2DDA8E3D76C140D59BA5.jpg,,,,2025-02-19T23:59:59.999999999Z,PROSPECTUS,12,3,,
20221,8410500020071,460.0,Danone,"Iogurte activia aveia nozes, embalagem de 4 x 120g",,2.39,5.2,0,kg,€/Kg,,,https://driveimg1.intermarche.com/pt/Content/images/boitmal/produit/zoom/95DB5CF2D3415DECF98AD16FB13B5950.jpg,,,,2025-02-19T23:59:59.999999999Z,PROSPECTUS,12,3,,
41718,5604260303823,90.0,PorSi,Saqueta de puré de fruta | maçã + manga + pêssego,90 g,0.57,6.33,0,kg,€/Kg,,,https://driveimg1.intermarche.com/pt/Content/images/boitmal/produit/zoom/9B27C39372BB074FB232EB9A2E0BB35A.jpg,,,,2025-02-19T23:59:59.999999999Z,PROSPECTUS,12,3,,
41717,5604260303816,90.0,PorSi,Saqueta de puré de fruta | maçã + pera,90 g,0.57,6.33,0,kg,€/Kg,,,https://driveimg1.intermarche.com/pt/Content/images/boitmal/produit/zoom/5127251097DF39368C903E9B3834E6D6.jpg,,,,2025-02-19T23:59:59.999999999Z,PROSPECTUS,12,3,,
12519,8712100417054,416.0,HellmannS,"Maionese, frasco, embalagem de 420g",,3.14,7.55,0,kg,€/Kg,,,https://driveimg1.intermarche.com/pt/Content/images/boitmal/produit/zoom/6AB870EF622544FC82599432CC32DE9B.jpg,https://driveimg1.intermarche.com/pt/Content/images/boitmal/produit/zoom/6731B805B2B4B445CCCFD0D614219E37.jpg,https://driveimg1.intermarche.com/pt/Content/images/boitmal/produit/zoom/6731B805B2B4B445CCCFD0D614219E37.jpg,https://driveimg1.intermarche.com/pt/Content/images/boitmal/produit/zoom/6731B805B2B4B445CCCFD0D614219E37.jpg,2025-02-19T23:59:59.999999999Z,PROSPECTUS,12,3,,
1725,5604260000265,250.0,PorSi,"Massa bagos, 250g",,0.55,2.2,0,kg,€/Kg,,,https://driveimg1.intermarche.com/pt/Content/images/boitmal/produit/zoom/974FF28C753808191257D3DE1EC63B00.jpg,,,,2025-02-19T23:59:59.999999999Z,PROSPECTUS,12,3,,
9184,5602348062754,70.0,Damatta,Presunto sabor português fatiado,Embalagem de 70 g,2.29,32.71,0,kg,€/Kg,,,https://driveimg1.intermarche.com/pt/Content/images/boitmal/produit/zoom/9AE2DBDD0E054DD3DCAC93A9D0EE8ECE.jpg,,,,2025-03-05T23:59:59.999999999Z,PROSPECTUS,12,3,,
4987,5601012115505,750.0,Planalto,"Vinho doc douro branco, garrafa de 0.75 l",,3.99,5.32,750,L,€/L,,,https://driveimg1.intermarche.com/pt/Content/images/boitmal/produit/zoom/D4AD0E54C5A44C41C52E5EE1F77D08EB.jpg,,,,2025-03-05T23:59:59.999999999Z,PROSPECTUS,12,3,,
11963,5603722505775,250.0,Mimosa,"Manteiga sem sal, embalagem de 250g",,1.99,7.96,0,kg,€/Kg,,,https://driveimg1.intermarche.com/pt/Content/images/boitmal/produit/zoom/9BCF64C54A7D7626D65710EBF82436CC.jpg,https://driveimg1.intermarche.com/pt/Content/images/boitmal/produit/zoom/1EA90F949357E7F98D48732996035C6E.jpg,https://driveimg1.intermarche.com/pt/Content/images/boitmal/produit/zoom/1F0AD169BB42B947BB5B96F6E89FDECD.jpg,,2025-02-19T23:59:59.999999999Z,PROSPECTUS,12,3,,
35441,5604260291168,780.0,PorSi,Cogumelos laminados,780 g,2.19,2.81,0,kg,€/Kg,,,https://driveimg1.intermarche.com/pt/Content/images/boitmal/produit/zoom/F874C2D913FFAAA6855A523B2803F053.jpg,,,,2025-02-19T23:59:59.999999999Z,PROSPECTUS,12,3,,
44234,8710522854815,257.0,Calvé,"Mostarda top down, embalagem de 257g",,1.68,6.54,0,kg,€/Kg,,,https://driveimg1.intermarche.com/pt/Content/images/boitmal/produit/zoom/63AC7BC5BB2C7D5CE58B458BE855CC4A.jpg,,,,2025-02-19T23:59:59.999999999Z,PROSPECTUS,12,3,,
10826,2895082000000,250.0,Ilha Azul,Queijo Curado,Vendido ao peso a partir de 250 gr,2.0,7.99,0,,€/Kg,,,https://driveimg1.intermarche.com/pt/Content/images/boitmal/produit/zoom/3B62E6B6007870C37C76A52222AF902D.jpg,,,,2025-03-05T23:59:59.999999999Z,PROSPECTUS,12,3,,
34201,5601066401029,150.0,Nacional,"Bolachas com pepitas de chocolate my cookie!, 150g",,1.34,8.93,0,kg,€/Kg,,,https://driveimg1.intermarche.com/pt/Content/images/boitmal/produit/zoom/62E8A4FDEC6FCE6FCA9B1B71AEF816E1.jpg,,,,2025-02-19T23:59:59.999999999Z,PROSPECTUS,12,3,,
35499,5601151973769,3500.0,Sumol,"Refrigerante com gás de laranja, 2 x 1.75 l",,2.98,0.85,3500,L,€/L,,,https://driveimg1.intermarche.com/pt/Content/images/boitmal/produit/zoom/15C97042A71F49C362C4C213EA28900F.jpg,,,,2025-02-19T23:59:59.999999999Z,PROSPECTUS,12,3,,
48146,5604260321247,200.0,PorSi,Presunto serrano 9 meses,Embalagem de 200g,3.49,17.45,0,kg,€/Kg,,,https://driveimg1.intermarche.com/pt/Content/images/boitmal/produit/zoom/E90673337D5C01B580C68FB0F4081802.jpg,,,,2025-03-05T23:59:59.999999999Z,PROSPECTUS,12,3,,
11501,5601049612084,125.0,Mimosa,"Manteiga com sal, embalagem de 130g",,1.29,10.32,0,kg,€/Kg,,,https://driveimg1.intermarche.com/pt/Content/images/boitmal/produit/zoom/C0A3DF0B7623AAEE8B7C1B9626AECDDA.jpg,https://driveimg1.intermarche.com/pt/Content/images/boitmal/produit/zoom/1207D37BB442FDD5C918BE023189F00C.jpg,,,2025-02-19T23:59:59.999999999Z,PROSPECTUS,12,3,,
2079,5604260193646,1000.0,PorSi,"Néctar ananás, prisma",Garrafa de 1 l,0.99,0.99,1000,L,€/L,,,https://driveimg1.intermarche.com/pt/Content/images/boitmal/produit/zoom/10E9329F83000135085CDE8D45A5A26A.jpg,,,,2025-02-19T23:59:59.999999999Z,PROSPECTUS,12,3,,
2080,5604260193660,1000.0,PorSi,"Néctar de goiaba, prisma",Embalagem de 1 l,1.09,1.09,1000,L,€/L,,,https://driveimg1.intermarche.com/pt/Content/images/boitmal/produit/zoom/6AF1474A336A85ADDD13B87A3CBE0878.jpg,,,,2025-02-19T23:59:59.999999999Z,PROSPECTUS,12,3,,
5143,5601096201309,750.0,Casal Garcia,"Vinho verde branco, garrafa de 0.75 l",,3.49,4.65,750,L,€/L,,,https://driveimg1.intermarche.com/pt/Content/images/boitmal/produit/zoom/C499325EC5B55389E1608DCDF3310034.jpg,,,,2025-03-05T23:59:59.999999999Z,PROSPECTUS,12,3,,
15507,5601050031621,480.0,Danone,"Iogurte activia cremoso coco,  4 x 120 g",,1.99,4.15,0,kg,€/Kg,,,https://driveimg1.intermarche.com/pt/Content/images/boitmal/produit/zoom/C7C13400244FC9F141DCEBAD00E0F9D5.jpg,,,,2025-02-19T23:59:59.999999999Z,PROSPECTUS,12,3,,
16593,2696081000000,60.0,Padaria,Carcaça Forno de Pedra,1 un = 60 gr (aprox.),0.29,4.83,0,kg,€/Kg,,,https://driveimg1.intermarche.com/pt/Content/images/boitmal/produit/zoom/9ACBFD9AFE6222DA83AEB13A9FD53964.jpg,,,,2025-02-19T23:59:59.999999999Z,PROSPECTUS,12,3,,
17129,2892093000000,250.0,Fruta,Maracujá Roxo,1 un = 250 gr  (aprox.),2.25,8.99,0,,€/Kg,,,https://driveimg1.intermarche.com/pt/Content/images/boitmal/produit/zoom/F8928754EE501FCBE5037057AF6EF4AD.jpg,,,,2025-02-19T23:59:59.999999999Z,PROSPECTUS,12,3,,
24370,5601050033052,620.0,Danone,"Iogurte líquido morango / framboesa corpos danone, embalagem de 4 x 155g",,1.89,3.05,0,kg,€/Kg,,,https://driveimg1.intermarche.com/pt/Content/images/boitmal/produit/zoom/B53E7B84291132B08A3B77128B6BF1A5.jpg,,,,2025-02-19T23:59:59.999999999Z,PROSPECTUS,12,3,,
40666,5604260303717,550.0,PorSi,"Queijo de vaca curado amanteigado, +/- 550 g",,4.79,8.71,0,kg,€/Kg,,,https://driveimg1.intermarche.com/pt/Content/images/boitmal/produit/zoom/FA9B99B490F3B05F95DF1946378C72AD.jpg,,,,2025-03-05T23:59:59.999999999Z,PROSPECTUS,12,3,,
46606,5604260318384,100.0,PorSi,Queijo azul,100 g,1.75,17.5,0,kg,€/Kg,,,https://driveimg1.intermarche.com/pt/Content/images/boitmal/produit/zoom/193B6BA07710373997636A43021AF4C5.jpg,,,,2025-03-05T23:59:59.999999999Z,PROSPECTUS,12,3,,
34878,5604260285471,1500.0,PorSi,Maçã fuji categoria II Origens,Embalagem de 1.5 kg,1.99,1.33,0,kg,€/Kg,,,https://driveimg1.intermarche.com/pt/Content/images/boitmal/produit/zoom/4C54AE3F50E349B56A904BBA50CB93F2.jpg,,,,2025-02-19T23:59:59.999999999Z,PROSPECTUS,12,3,,
43768,7613287121783,187.0,Smarties,"Smarties mini chocolate, 187g",,3.39,18.13,0,kg,€/Kg,,,https://driveimg1.intermarche.com/pt/Content/images/boitmal/produit/zoom/044C78E073B5B5B26D68268157615A9F.jpg,https://driveimg1.intermarche.com/pt/Content/images/boitmal/produit/zoom/E8FEE980732B87942B93ED2D1ABFFA78.jpg,https://driveimg1.intermarche.com/pt/Content/images/boitmal/produit/zoom/E8FEE980732B87942B93ED2D1ABFFA78.jpg,https://driveimg1.intermarche.com/pt/Content/images/boitmal/produit/zoom/E8FEE980732B87942B93ED2D1ABFFA78.jpg,2025-02-19T23:59:59.999999999Z,PROSPECTUS,12,3,https://driveimg1.intermarche.com/pt/Content/images/boitmal/produit/zoom/E8FEE980732B87942B93ED2D1ABFFA78.jpg,
49085,5604260323555,300.0,PorSi,8 rissóis de camarão,Embalagem de 300g,1.25,4.17,0,kg,€/Kg,,Tipo de stockagem,https://driveimg1.intermarche.com/pt/Content/images/boitmal/produit/zoom/27AD02C29085241986914670AC32532C.jpg,,,,2025-02-19T23:59:59.999999999Z,PROSPECTUS,12,3,,
8521,5601119956810,120.0,Nobre,"Fiambre perna extra fatiado, embalagem de 120g",,1.89,15.75,0,kg,€/Kg,,,https://driveimg1.intermarche.com/pt/Content/images/boitmal/produit/zoom/B962872D940BF7EEEBDD095332A56017.jpg,,,,2025-02-19T23:59:59.999999999Z,PROSPECTUS,12,3,,
10849,2895261000000,250.0,Dom Pedro,Queijo meio gordo,Vendido ao peso a partir de 250 gr,2.5,9.99,0,,€/Kg,,,https://driveimg1.intermarche.com/pt/Content/images/boitmal/produit/zoom/2E32C351CB5E4755DE882B4BFEA56EE3.jpg,,,,2025-02-19T23:59:59.999999999Z,PROSPECTUS,12,3,,
15071,2893804000000,1500.0,Bacalhau,Bacalhau Crescido da Noruega,1 un = 1.5 kg (aprox.),14.99,9.99,0,,€/Kg,,,https://driveimg1.intermarche.com/pt/Content/images/boitmal/produit/zoom/F32119EBAAC66B5F19CB4FF16925F2F5.jpg,,,,2025-02-19T23:59:59.999999999Z,PROSPECTUS,12,3,,
20967,5601027002593,175.0,Manhãzitos,5 manhãzitos choco chips,Embalagem de 175 g,2.24,12.8,0,kg,€/Kg,,,https://driveimg1.intermarche.com/pt/Content/images/boitmal/produit/zoom/6EB4FB571FE310CEFF50998F54BCFA17.jpg,,,,2025-02-19T23:59:59.999999999Z,PROSPECTUS,12,3,,
35983,5601027972735,700.0,Bimbo,Pão de forma torradas familiares,Embalagem de 700 g,1.99,2.84,0,kg,€/Kg,,,https://driveimg1.intermarche.com/pt/Content/images/boitmal/produit/zoom/6F4E1280EFC32C3DD99C945770A284F8.jpg,,,,2025-02-19T23:59:59.999999999Z,PROSPECTUS,12,3,,
49964,8719200238176,225.0,Becel,"Creme de barrar, embalagem de 225g",,1.99,8.84,0,kg,€/Kg,,,https://driveimg1.intermarche.com/pt/Content/images/boitmal/produit/zoom/02C3B8CB4BF40DA381639A6BD63AEBA6.jpg,,,,2025-02-19T23:59:59.999999999Z,PROSPECTUS,12,3,,
13000,2892533000000,1000.0,Legumes,Couve branca,1 un= 1 kg aprox,0.89,0.89,0,,€/Kg,,,https://driveimg1.intermarche.com/pt/Content/images/boitmal/produit/zoom/4A118CCD7A01ABE88026942CC385EB6B.jpg,,,,2025-02-19T23:59:59.999999999Z,PROSPECTUS,12,3,,
16933,5604260277292,55.0,PorSi,Café em cápsulas fortíssimo,Embalagem de 55g,1.89,34.36,0,kg,€/Kg,,,https://driveimg1.intermarche.com/pt/Content/images/boitmal/produit/zoom/D2685B35A81DF08A80F802272D6D4C46.jpg,,,,2025-02-19T23:59:59.999999999Z,PROSPECTUS,12,3,,
2073,5604260193547,1000.0,PorSi,"Néctar alperce, prisma",Embalagem de 1 l,1.45,1.45,1000,L,€/L,,,https://driveimg1.intermarche.com/pt/Content/images/boitmal/produit/zoom/5852F28CE802CCE764D08FE69C2FE9F2.jpg,,,,2025-02-19T23:59:59.999999999Z,PROSPECTUS,12,3,,
25735,5000116112173,208.0,Capitão Iglo,"10 nuggets peito de frango e queijo, embalagem de 210g",,2.99,14.38,0,kg,€/Kg,,Tipo de stockagem,https://driveimg1.intermarche.com/pt/Content/images/boitmal/produit/zoom/C51CDDEB144DBFB12E5D153B5560BAD5.jpg,,,,2025-02-19T23:59:59.999999999Z,PROSPECTUS,12,3,,
27950,5604260281404,450.0,PorSi,Mistura saborosa,Embalagem de 450g,1.49,3.31,0,kg,€/Kg,,,https://driveimg1.intermarche.com/pt/Content/images/boitmal/produit/zoom/9FC1BB19FC125562EBD7537C69EF7799.jpg,,,,2025-02-19T23:59:59.999999999Z,PROSPECTUS,12,3,,
35395,5604260285365,1500.0,PorSi,Gasosa,Garrafa de 1.5 l,0.55,0.37,1500,L,€/L,,,https://driveimg1.intermarche.com/pt/Content/images/boitmal/produit/zoom/6C299A974B8769AB0AA8725ECE16AB37.jpg,,,,2025-02-19T23:59:59.999999999Z,PROSPECTUS,12,3,,
43374,5604260307166,250.0,PorSi,Morcela assar fundao,Embalagem de 250g,2.59,10.36,0,kg,€/Kg,,,https://driveimg1.intermarche.com/pt/Content/images/boitmal/produit/zoom/A6811FFD06B5A9C3E2DC28983E04EF86.jpg,https://driveimg1.intermarche.com/pt/Content/images/boitmal/produit/zoom/18CE59FFC257102F97438AA54E07B2CC.jpg,https://driveimg1.intermarche.com/pt/Content/images/boitmal/produit/zoom/18CE59FFC257102F97438AA54E07B2CC.jpg,https://driveimg1.intermarche.com/pt/Content/images/boitmal/produit/zoom/18CE59FFC257102F97438AA54E07B2CC.jpg,2025-03-05T23:59:59.999999999Z,PROSPECTUS,12,3,https://driveimg1.intermarche.com/pt/Content/images/boitmal/produit/zoom/18CE59FFC257102F97438AA54E07B2CC.jpg,
49326,5603722520594,180.0,Milhafre,Queijo açoriano com -50% gordura,Embalagem de 180g,2.09,11.61,0,kg,€/Kg,,,https://driveimg1.intermarche.com/pt/Content/images/boitmal/produit/zoom/47969256C6F61652CFCE8A9B10492F28.jpg,,,,2025-02-19T23:59:59.999999999Z,PROSPECTUS,12,3,,
11942,5603533492202,1000.0,Frize,"Água com gás groselha, pack 4 x 0.25 l",,2.09,2.09,1000,L,€/L,,,https://driveimg1.intermarche.com/pt/Content/images/boitmal/produit/zoom/9F272D120CD1620A52E8FDFD1398797A.jpg,,,,2025-02-19T23:59:59.999999999Z,PROSPECTUS,12,3,,
22395,8712100745614,412.0,HellmannS,"Mionese top down, embalagem de 410g",,3.14,7.62,0,kg,€/Kg,,,https://driveimg1.intermarche.com/pt/Content/images/boitmal/produit/zoom/69FC39D7436E837B71E260D76DC0DC69.jpg,https://driveimg1.intermarche.com/pt/Content/images/boitmal/produit/zoom/8441A970BF19CB238C08CCCD9712CAB2.jpg,https://driveimg1.intermarche.com/pt/Content/images/boitmal/produit/zoom/8441A970BF19CB238C08CCCD9712CAB2.jpg,https://driveimg1.intermarche.com/pt/Content/images/boitmal/produit/zoom/8441A970BF19CB238C08CCCD9712CAB2.jpg,2025-02-19T23:59:59.999999999Z,PROSPECTUS,12,3,,
2608,7622300784751,175.0,Milka,"Bolos cake e chococolate, embalagem de 180g",,2.39,13.66,0,kg,€/Kg,,,https://driveimg1.intermarche.com/pt/Content/images/boitmal/produit/zoom/508F3961E41381F7147F18B3B2743726.jpg,,,,2025-02-19T23:59:59.999999999Z,PROSPECTUS,12,3,,
42847,5604260307999,1000.0,PorSi Bio,Bio bebida aveia,embalagem de 1 litro,1.19,1.19,1000,L,€/L,,Produtos Bio,https://driveimg1.intermarche.com/pt/Content/images/boitmal/produit/zoom/C923FB353F4DBBE9E2E788A0B1D8F2AA.jpg,,,,2025-02-19T23:59:59.999999999Z,PROSPECTUS,12,3,,
49221,5604260322602,90.0,PorSi,Saqueta puré de fruta,Embalagem de 90g,0.57,6.33,0,kg,€/Kg,,,https://driveimg1.intermarche.com/pt/Content/images/boitmal/produit/zoom/FE18E0310A7EAEABBADA4DDB0BF376F2.jpg,,,,2025-02-19T23:59:59.999999999Z,PROSPECTUS,12,3,,
51781,5604260327652,1000.0,PorSi,"Iogurte liquido morango,  1 kg",,1.59,1.59,0,kg,€/Kg,,,https://driveimg1.intermarche.com/pt/Content/images/boitmal/produit/zoom/CC88AAD4451E8700447A902943123884.jpg,,,,2025-02-19T23:59:59.999999999Z,PROSPECTUS,12,3,,
1328,5601165005760,15.0,Lipton,"10 saquetas infusão de cidreira, embalagem de 20g",,0.74,49.33,0,kg,€/Kg,,,https://driveimg1.intermarche.com/pt/Content/images/boitmal/produit/zoom/8EA72609B2FBFE9A06C9099CA2FDB5E1.jpg,,,,2025-02-19T23:59:59.999999999Z,PROSPECTUS,12,3,,
18079,5601066400923,180.0,Nacional,"Bolacha shortcake, embalagem de 180g",,1.24,6.89,0,kg,€/Kg,,,https://driveimg1.intermarche.com/pt/Content/images/boitmal/produit/zoom/4B79AC637369F03F42CAF309849AA6E9.jpg,,,,2025-02-19T23:59:59.999999999Z,PROSPECTUS,12,3,,
2518,7613033814693,400.0,Nestlé,"Fruta para bebé 7 frutos +6 meses, embalagem de 4 x 100g",,2.09,5.23,0,kg,€/Kg,,,https://driveimg1.intermarche.com/pt/Content/images/boitmal/produit/zoom/18CF4010C8E037B64FBADB6A5A35AF8F.jpg,,,,2025-02-19T23:59:59.999999999Z,PROSPECTUS,12,3,,
26645,8434165483965,570.0,Cuétara,"Bolachas tosta rica, embalagem de 570g",,2.99,5.25,0,kg,€/Kg,,,https://driveimg1.intermarche.com/pt/Content/images/boitmal/produit/zoom/280E50EBC29DD4AE6A9CCE7FB9666CBB.jpg,,,,2025-02-19T23:59:59.999999999Z,PROSPECTUS,12,3,,
30170,5604260274956,200.0,PorSi,Alheira Especial de Trás-Os-Montes,200 g,1.39,6.95,0,kg,€/Kg,,,https://driveimg1.intermarche.com/pt/Content/images/boitmal/produit/zoom/19929337FCFE5B600DFE0ACDB988D2AA.jpg,,,,2025-03-05T23:59:59.999999999Z,PROSPECTUS,12,3,,
32342,5603722517334,200.0,Milhafre,Queijo açoriano fatias de textura cremosa,Embalagem de 200g,2.09,10.45,0,kg,€/Kg,,,https://driveimg1.intermarche.com/pt/Content/images/boitmal/produit/zoom/171D35F4FE014EB04FB3B5636B039DB0.jpg,,,,2025-02-19T23:59:59.999999999Z,PROSPECTUS,12,3,,
34456,5604260325726,330.0,PorSi,Salsicha fresca merguez,Embalagem de 330 g,5.29,16.03,0,kg,€/Kg,,,https://driveimg1.intermarche.com/pt/Content/images/boitmal/produit/zoom/5AF24CB9ECB0552B9DC2158D80B5D568.jpg,,,,2025-02-19T23:59:59.999999999Z,PROSPECTUS,12,3,,
44252,5601019012890,210.0,Guloso,"Tomate frito, embalagem de 210g",,0.86,4.1,0,kg,€/Kg,,,https://driveimg1.intermarche.com/pt/Content/images/boitmal/produit/zoom/8B263589AC7E30970A012A4A83920952.jpg,,,,2025-02-19T23:59:59.999999999Z,PROSPECTUS,12,3,,
48176,5604260319800,190.0,PorSi,"Queijo curado mistura, 190 g",,2.49,13.11,0,kg,€/Kg,,,https://driveimg1.intermarche.com/pt/Content/images/boitmal/produit/zoom/628AFDA16D5E6F83BEF936E1A7F80AB8.jpg,,,,2025-03-05T23:59:59.999999999Z,PROSPECTUS,12,3,,
51782,5604260327669,1000.0,PorSi,"Iogurte Liquido Pinacolada,  1 kg",,1.59,1.59,0,kg,€/Kg,,,https://driveimg1.intermarche.com/pt/Content/images/boitmal/produit/zoom/72DCBF92FB9FC3FE1A0ADB9C5783A0CE.jpg,,,,2025-02-19T23:59:59.999999999Z,PROSPECTUS,12,3,,
8658,5601163101716,3000.0,Luso,"Água sem gás, pack 6 x 0.5 l",,2.58,0.86,3000,L,€/L,,,https://driveimg1.intermarche.com/pt/Content/images/boitmal/produit/zoom/13EA35DE036BB24C52BA46395E39799E.jpg,,,,2025-02-19T23:59:59.999999999Z,PROSPECTUS,12,3,,
1128,5601068902647,55.0,Margão,"Alho em pó, frasco, embalagem de 55g",,2.24,40.73,0,kg,€/Kg,,,https://driveimg1.intermarche.com/pt/Content/images/boitmal/produit/zoom/76296439DB3BB5AA7AD903B7D97A9CC8.jpg,,,,2025-02-19T23:59:59.999999999Z,PROSPECTUS,12,3,,
1456,5601286217639,500.0,Milaneza,"Massa farfalle tricolor, embalagem de 500g",,1.26,2.52,0,kg,€/Kg,,,https://driveimg1.intermarche.com/pt/Content/images/boitmal/produit/zoom/7A5B2B4DC71939746663C88EA143AF75.jpg,,,,2025-02-19T23:59:59.999999999Z,PROSPECTUS,12,3,,
21749,7613035766532,250.0,Nestum,"Nestum chocolate, embalagem de 250g",,2.14,8.56,0,kg,€/Kg,,,https://driveimg1.intermarche.com/pt/Content/images/boitmal/produit/zoom/56615AB89B36DE078E553AF04539E1E0.jpg,,,,2025-02-19T23:59:59.999999999Z,PROSPECTUS,12,3,,
23524,5000204922851,750.0,Pato,"Líquido sanitário extra power, marinho, 750 ml",,1.69,2.25,750,L,€/L,,,https://driveimg1.intermarche.com/pt/Content/images/boitmal/produit/zoom/60268FF4016AF8FBA52DB6A9A88D181B.jpg,,,,2025-02-19T23:59:59.999999999Z,PROSPECTUS,12,3,,
36952,7613036862295,,Nescafé,"Café em cápsulas dolce gusto intenso, 16 cápsulas",,5.59,5.59,16,,€/Unidade,,,https://driveimg1.intermarche.com/pt/Content/images/boitmal/produit/zoom/E961429E3414F1C39643E5CB1F2C82A7.jpg,,,,2025-02-19T23:59:59.999999999Z,PROSPECTUS,12,3,,
37443,7613037040869,250.0,Nestum,"Nestum zero espelta/aveia, embalagem de 250g",,2.14,8.56,0,kg,€/Kg,,,https://driveimg1.intermarche.com/pt/Content/images/boitmal/produit/zoom/BF80E2BF1A95765256612BEC5A65D8DD.jpg,,,,2025-02-19T23:59:59.999999999Z,PROSPECTUS,12,3,,
44936,8711327318373,540.0,Olá,"Cornetto clássico, embalagem de 6 x 90 ml",,3.59,6.65,540,L,€/L,,Tipo de stockagem,https://driveimg1.intermarche.com/pt/Content/images/boitmal/produit/zoom/375352E817B7CDAB1DA63F9C8C8FF261.jpg,,,,2025-02-19T23:59:59.999999999Z,PROSPECTUS,12,3,,
45689,5604260313006,300.0,PorSi,Ambientador aerossol 5 em 1 flor laranjeira,300 ml,0.99,3.3,300,L,€/L,,,https://driveimg1.intermarche.com/pt/Content/images/boitmal/produit/zoom/E1F03167637228D4720F79808CEBA654.jpg,,,,2025-02-19T23:59:59.999999999Z,PROSPECTUS,12,3,,
46854,5604260320660,1000.0,PorSi,"Arroz Thai Jasmim, 1 kg",,1.99,1.99,0,kg,€/Kg,,,https://driveimg1.intermarche.com/pt/Content/images/boitmal/produit/zoom/348CC6C115B4BC640D22FCA9445AC7AC.jpg,,,,2025-02-19T23:59:59.999999999Z,PROSPECTUS,12,3,,
50367,5604260326129,300.0,PorSi,8 rissóis de pescada,Embalagem de 300g,1.14,3.8,0,kg,€/Kg,,Tipo de stockagem,https://driveimg1.intermarche.com/pt/Content/images/boitmal/produit/zoom/D16961E3B0472C56A6806953B459DF1C.jpg,,,,2025-02-19T23:59:59.999999999Z,PROSPECTUS,12,3,,
50377,8445290351357,,Nescafé,"Dolce gusto sical espresso cafés 99.2 g, embalagem de 16 unidades",,4.99,4.99,16,,€/Unidade,,,https://driveimg1.intermarche.com/pt/Content/images/boitmal/produit/zoom/44FD43160B41B883D60D056B524E6B93.jpg,,,,2025-02-19T23:59:59.999999999Z,PROSPECTUS,12,3,,
10280,8410469002781,,Colhogar,"Papel higiénico compacto ultra suave xxl, 12 rolos",,5.29,5.29,12,,€/Unidade,,,https://driveimg1.intermarche.com/pt/Content/images/boitmal/produit/zoom/25C6AA40EDFE818F3044E21D30E55D7F.jpg,,,,2025-02-19T23:59:59.999999999Z,PROSPECTUS,12,3,,
16706,5601260592608,67.0,Cigala,"Noodle banzai carne, embalagem de 70g",,1.09,16.27,0,kg,€/Kg,,,https://driveimg1.intermarche.com/pt/Content/images/boitmal/produit/zoom/82737AEBE736E2B8511494BB15EEB657.jpg,,,,2025-02-19T23:59:59.999999999Z,PROSPECTUS,12,3,,
19046,5000116110414,480.0,Capitão Iglo,"8 hamburguers sem glúten frango, embalagem de 480g",,7.99,16.65,0,kg,€/Kg,,Tipo de stockagem,https://driveimg1.intermarche.com/pt/Content/images/boitmal/produit/zoom/B74DC0C9C4A898B602612BD394B808F5.jpg,,,,2025-02-19T23:59:59.999999999Z,PROSPECTUS,12,3,,
2083,5604260193691,1000.0,PorSi,Néctar light de laranja prisma,Embalagem de 1 l,1.49,1.49,1000,L,€/L,,,https://driveimg1.intermarche.com/pt/Content/images/boitmal/produit/zoom/1D4D0AA75BBD1937F2A8A67DCCFD70DB.jpg,,,,2025-02-19T23:59:59.999999999Z,PROSPECTUS,12,3,,
2281,5604260270118,55.0,PorSi,Café em Cápsulas veneza,10 Unidades,1.89,34.36,0,kg,€/Kg,,,https://driveimg1.intermarche.com/pt/Content/images/boitmal/produit/zoom/D116B291766A226D4C93852C6F88B818.jpg,,,,2025-02-19T23:59:59.999999999Z,PROSPECTUS,12,3,,
24410,8710908859502,750.0,Cif,"Spray power&shine multiusos com lixívia, de 750 ml",,2.69,3.59,750,L,€/L,,,https://driveimg1.intermarche.com/pt/Content/images/boitmal/produit/zoom/BC1FC8E39B43E72D32F4657C6D001534.jpg,,,,2025-02-19T23:59:59.999999999Z,PROSPECTUS,12,3,,
37045,5601217132659,500.0,Cillitbang,"Spray bolor e sujidade, garrafa de 500 ml",,2.49,4.98,500,L,€/L,,,https://driveimg1.intermarche.com/pt/Content/images/boitmal/produit/zoom/2A51671BCEA4544BF377B06769DE1169.jpg,,,,2025-02-19T23:59:59.999999999Z,PROSPECTUS,12,3,,
42777,5604260307159,250.0,PorSi,Farinheira do fundão,Embalagem de 250g,2.49,9.96,0,kg,€/Kg,,,https://driveimg1.intermarche.com/pt/Content/images/boitmal/produit/zoom/AE100699EBB2063DCA1EEE97793A4DD8.jpg,,,,2025-03-05T23:59:59.999999999Z,PROSPECTUS,12,3,,
49225,5604260322657,90.0,PorSi,Saqueta puré de fruta,Embalagem de 90g,0.57,6.33,0,kg,€/Kg,,,https://driveimg1.intermarche.com/pt/Content/images/boitmal/produit/zoom/F26EB3AA594068D55AC2A50A60DEDC46.jpg,,,,2025-02-19T23:59:59.999999999Z,PROSPECTUS,12,3,,
5008,5601028000383,,Renova,"Lenços de bolso sensi, brancos, 10 unidades",Uma embalagem de 6x10,0.89,0.89,0,,€/Unidade,,,https://driveimg1.intermarche.com/pt/Content/images/boitmal/produit/zoom/A7E56C5340E5213CBF3A606D0311258B.jpg,,,,2025-02-19T23:59:59.999999999Z,PROSPECTUS,12,3,,
5028,5601028006231,,Renova,"Lenços de bolso sensitive brancos, 24 unidades",,2.89,2.89,0,,€/Unidade,,,https://driveimg1.intermarche.com/pt/Content/images/boitmal/produit/zoom/0CC244AFF55976B3210C6D16467CD206.jpg,,,,2025-02-19T23:59:59.999999999Z,PROSPECTUS,12,3,,
51783,5604260327676,1000.0,PorSi,"Iogurte Liquido Morango e Banana, 1 kg",,1.59,1.59,0,kg,€/Kg,,,https://driveimg1.intermarche.com/pt/Content/images/boitmal/produit/zoom/568FFCB442AD5B312FACD9B2980ADD4A.jpg,,,,2025-02-19T23:59:59.999999999Z,PROSPECTUS,12,3,,
6061,5608527000562,5000.0,Dom Campos,"Vinho branco região da península de setúbal, bag in box",Garrafa de 5 l,7.99,1.6,5000,L,€/L,,,https://driveimg1.intermarche.com/pt/Content/images/boitmal/produit/zoom/BA44EC5E1422F4CEC2E3E732DF2E9AB6.jpg,,,,2025-03-05T23:59:59.999999999Z,PROSPECTUS,12,3,,
9696,5604260270774,400.0,PorSi,Queijo cura 2 meses,Embalagem de 400 g,4.59,11.48,0,kg,€/Kg,,,https://driveimg1.intermarche.com/pt/Content/images/boitmal/produit/zoom/6E8E22E6DA159DA9622585B340AAF71A.jpg,,,,2025-03-05T23:59:59.999999999Z,PROSPECTUS,12,3,,
1141,5601082026930,55.0,Delta Q,Cápsulas de café qharacter,Embalagem de 60g,4.69,85.27,0,kg,€/Kg,,,https://driveimg1.intermarche.com/pt/Content/images/boitmal/produit/zoom/ED78713935358B06CEC6FAE9E6288EA3.jpg,,,,2025-02-19T23:59:59.999999999Z,PROSPECTUS,12,3,,
1146,5601082027029,55.0,Delta Q,Café em cápsulas deqafeitatus,Embalagem de 55 g,4.69,85.27,0,kg,€/Kg,,,https://driveimg1.intermarche.com/pt/Content/images/boitmal/produit/zoom/245DF90A4F20DF617A9331E6A54D24B0.jpg,,,,2025-02-19T23:59:59.999999999Z,PROSPECTUS,12,3,,
12471,8435257040868,640.0,Nestlé,"Iogurte líquido yoggi morango/banana, embalagem de 4 x 160g",,1.99,3.11,0,kg,€/Kg,,,https://driveimg1.intermarche.com/pt/Content/images/boitmal/produit/zoom/E92C48D7A1A5BA67322D0E6250F5BAFF.jpg,,,,2025-02-19T23:59:59.999999999Z,PROSPECTUS,12,3,,
1274,5601151070758,410.0,Compal,"Feijão manteiga, lata de 410 ml",,1.09,2.66,410,L,€/L,,,https://driveimg1.intermarche.com/pt/Content/images/boitmal/produit/zoom/F168BC675838A1B24B473123F714EAB2.jpg,,,,2025-02-19T23:59:59.999999999Z,PROSPECTUS,12,3,,
1301,5601151660751,410.0,Compal,"Feijão encarnado, lata de 410ml",,1.09,2.66,410,L,€/L,,,https://driveimg1.intermarche.com/pt/Content/images/boitmal/produit/zoom/8777874F846E4C62B1CDEE04A734A2E1.jpg,,,,2025-02-19T23:59:59.999999999Z,PROSPECTUS,12,3,,
14372,8712100599392,550.0,Calvé,"Ketchup top down, embalagem de 550g",,2.89,5.25,0,kg,€/Kg,,,https://driveimg1.intermarche.com/pt/Content/images/boitmal/produit/zoom/6D3218F33B22BC3205033BC41E176600.jpg,https://driveimg1.intermarche.com/pt/Content/images/boitmal/produit/zoom/FE7F103C359D2D1FD7BF3FDC8DD381BA.jpg,https://driveimg1.intermarche.com/pt/Content/images/boitmal/produit/zoom/FE7F103C359D2D1FD7BF3FDC8DD381BA.jpg,https://driveimg1.intermarche.com/pt/Content/images/boitmal/produit/zoom/FE7F103C359D2D1FD7BF3FDC8DD381BA.jpg,2025-02-19T23:59:59.999999999Z,PROSPECTUS,12,3,,
2076,5604260193585,1000.0,PorSi,Nectar tuttifruti,Embalagem de 1 l,1.09,1.09,1000,L,€/L,,,https://driveimg1.intermarche.com/pt/Content/images/boitmal/produit/zoom/F71C24EE65BBACD19D0B795025D59BB2.jpg,,,,2025-02-19T23:59:59.999999999Z,PROSPECTUS,12,4,,
20912,5601096227309,750.0,Aveleda,"Vinho verde branco loureiro/alvarinho, garrafa de 0.75 l",,3.89,5.19,750,L,€/L,,,https://driveimg1.intermarche.com/pt/Content/images/boitmal/produit/zoom/0EDCFE54C28A289AA37078E6B8F87858.jpg,,,,2025-03-05T23:59:59.999999999Z,PROSPECTUS,12,4,,
28572,8434165484054,240.0,Cuétara,"Tosta rica mini go, 240g",,2.09,8.71,0,kg,€/Kg,,,https://driveimg1.intermarche.com/pt/Content/images/boitmal/produit/zoom/CCBAB5A351E77407DEF26B46DA9AE965.jpg,,,,2025-02-19T23:59:59.999999999Z,PROSPECTUS,12,4,,
29591,3387390339505,375.0,Nestlé,"Cereais golden grahams, embalagem de 380g",,2.99,7.97,0,kg,€/Kg,,,https://driveimg1.intermarche.com/pt/Content/images/boitmal/produit/zoom/52B010047394B5E18C21D533AA60A41C.jpg,,,,2025-02-19T23:59:59.999999999Z,PROSPECTUS,12,4,,
38402,5603550000121,1000.0,Legumes,Batata branca para assar,embalagem de 1 kg,1.19,1.19,0,kg,€/Kg,,,https://driveimg1.intermarche.com/pt/Content/images/boitmal/produit/zoom/D0CF9E3502C9BEBB7009F554AB9278B1.jpg,,,,2025-02-19T23:59:59.999999999Z,PROSPECTUS,12,4,,
41895,5000116125784,220.0,Capitão Iglo,"12 nuggets frango polme americano, embalagem de 220g",,2.99,13.59,0,kg,€/Kg,,Tipo de stockagem,https://driveimg1.intermarche.com/pt/Content/images/boitmal/produit/zoom/E342C1C812C93A809F88301C9A1AFE84.jpg,,,,2025-02-19T23:59:59.999999999Z,PROSPECTUS,12,4,,
49763,5601050037579,460.0,Danone,"Iogurte activia fibras aveia & frutos secos, 4x115g",,2.39,5.2,0,kg,€/Kg,,,https://driveimg1.intermarche.com/pt/Content/images/boitmal/produit/zoom/D3105D0A7021B60785802EF13F61AE8F.jpg,,,,2025-02-19T23:59:59.999999999Z,PROSPECTUS,12,4,,
52302,3600542512428,400.0,Garnier,Champô Ultra Suave Carvão,Embalagem de 400ml,3.79,9.48,400,L,€/L,,Produtos Bio,https://driveimg1.intermarche.com/pt/Content/images/boitmal/produit/zoom/C53BE5FF3815607BB10E6D7A8D669C09.jpg,,,,2025-02-19T23:59:59.999999999Z,PROSPECTUS,12,4,,
11503,5601050019100,600.0,Danone,"Danacol frutos exóticos, embalagem de 6 x 100 g",,2.99,4.98,0,kg,€/Kg,,,https://driveimg1.intermarche.com/pt/Content/images/boitmal/produit/zoom/2A16EAD58E7A10ECD338C77C33D25273.jpg,,,,2025-02-19T23:59:59.999999999Z,PROSPECTUS,12,4,,
17665,8712100745591,754.0,Calvé,"Maionese top down, embalagem de 753 g",,3.69,4.89,0,kg,€/Kg,,,https://driveimg1.intermarche.com/pt/Content/images/boitmal/produit/zoom/C6F00A8AA4D7D21E56D34CFA61170423.jpg,,,,2025-02-19T23:59:59.999999999Z,PROSPECTUS,12,4,,
1815,5604260030552,250.0,PorSi,"Massa de letras, embalagem de 250g",,0.55,2.2,0,kg,€/Kg,,,https://driveimg1.intermarche.com/pt/Content/images/boitmal/produit/zoom/ADD207FFC4765928155A6C2D6E490CBF.jpg,,,,2025-02-19T23:59:59.999999999Z,PROSPECTUS,12,4,,
2237,5604260267200,1000.0,PorSi,"Néctar frutos vermelhos, prisma",Embalagem de 1 l,0.99,0.99,1000,L,€/L,,,https://driveimg1.intermarche.com/pt/Content/images/boitmal/produit/zoom/603718AD338D3557433C94F8C4C28BE1.jpg,,,,2025-02-19T23:59:59.999999999Z,PROSPECTUS,12,4,,
29374,5601146530304,500.0,Bandida do Pomar,"Sidra maçã, lata de 500 ml",,1.19,2.38,500,L,€/L,,,https://driveimg1.intermarche.com/pt/Content/images/boitmal/produit/zoom/BCB2E29A160CFF6D3AE7FEB90426D1E6.jpg,,,,2025-02-19T23:59:59.999999999Z,PROSPECTUS,12,4,,
42849,5604260308019,1000.0,PorSi Bio,Bio bebida soja natural,embalagem de 1 litro,0.94,0.94,1000,L,€/L,,Produtos Bio,https://driveimg1.intermarche.com/pt/Content/images/boitmal/produit/zoom/D68BCA87C01974D9C9D9721C9B8735AE.jpg,https://driveimg1.intermarche.com/pt/Content/images/boitmal/produit/zoom/A719986887CCAA7BB37BDD96A9897A6B.jpg,https://driveimg1.intermarche.com/pt/Content/images/boitmal/produit/zoom/A719986887CCAA7BB37BDD96A9897A6B.jpg,https://driveimg1.intermarche.com/pt/Content/images/boitmal/produit/zoom/A719986887CCAA7BB37BDD96A9897A6B.jpg,2025-02-19T23:59:59.999999999Z,PROSPECTUS,12,4,https://driveimg1.intermarche.com/pt/Content/images/boitmal/produit/zoom/A719986887CCAA7BB37BDD96A9897A6B.jpg,
49761,8410500024574,460.0,Danone,"Iogurte bifidus activia chia amêndoa 0%, embalagem 4x120g",,2.39,5.2,0,kg,€/Kg,,,https://driveimg1.intermarche.com/pt/Content/images/boitmal/produit/zoom/3B9FB91C5154914AE2B2128ACA4CA281.jpg,,,,2025-02-19T23:59:59.999999999Z,PROSPECTUS,12,4,,
7166,2895224000000,250.0,São Jorge,Queijo da Ilha DOP Cura 4 Meses,Vendido ao peso a partir de 250 gr,3.75,14.99,0,,€/Kg,,,https://driveimg1.intermarche.com/pt/Content/images/boitmal/produit/zoom/702004FBEA1D5588A2791A027C546286.jpg,,,,2025-03-05T23:59:59.999999999Z,PROSPECTUS,12,4,,
8657,5601163081711,1980.0,Luso,"Água sem gás, pack 6 x 0.33 l",,2.35,1.19,1980,L,€/L,,,https://driveimg1.intermarche.com/pt/Content/images/boitmal/produit/zoom/443B50B4BA27541FFD3067F816F7D24A.jpg,,,,2025-02-19T23:59:59.999999999Z,PROSPECTUS,12,4,,
9681,5604260270194,250.0,PorSi,Chouriço mouro fundão,Embalagem de 250g,2.79,11.16,0,kg,€/Kg,,,https://driveimg1.intermarche.com/pt/Content/images/boitmal/produit/zoom/92303740D425F2ABD1C9CDF43553E405.jpg,,,,2025-03-05T23:59:59.999999999Z,PROSPECTUS,12,4,,
10351,8411134103338,,Control,6 Preservativos Adapta Nature,,3.84,3.84,0,,€/Unidade,,,https://driveimg1.intermarche.com/pt/Content/images/boitmal/produit/zoom/48CE3E2F5F38469DD564602B7B9F53DF.jpg,https://driveimg1.intermarche.com/pt/Content/images/boitmal/produit/zoom/E904E0E3DEA92FC0A6E00A850118F1A2.jpg,,,2025-02-19T23:59:59.999999999Z,PROSPECTUS,12,4,,
11922,5603089001125,200.0,Parmalat,"Molho bechamel, embalagem de 200 ml",,1.03,5.15,200,L,€/L,,,https://driveimg1.intermarche.com/pt/Content/images/boitmal/produit/zoom/20AABBCEA69E570B184582BA9E9011F8.jpg,,,,2025-02-19T23:59:59.999999999Z,PROSPECTUS,12,4,,
12468,8435250439584,256.0,Nestlé,"Iogurte mix in smarties morango, embalagem de 2 x 128 g",,2.09,8.16,0,kg,€/Kg,,,https://driveimg1.intermarche.com/pt/Content/images/boitmal/produit/zoom/546EB338CC6149CC0CDDECE6E5ABF48D.jpg,,,,2025-02-19T23:59:59.999999999Z,PROSPECTUS,12,4,,
1287,5601151260753,410.0,Compal,"Grão de bico, lata de 410 ml",,1.09,2.66,410,L,€/L,,,https://driveimg1.intermarche.com/pt/Content/images/boitmal/produit/zoom/731C3C517063722402F07A7D8ECB2B92.jpg,,,,2025-02-19T23:59:59.999999999Z,PROSPECTUS,12,4,,
1457,5601286218575,500.0,Milaneza,"Massa spaghetti tricolore, embalagem de 500g",,1.26,2.52,0,kg,€/Kg,,,https://driveimg1.intermarche.com/pt/Content/images/boitmal/produit/zoom/6B9BA7FC4D3F653ECA0B2B44CB0BA38A.jpg,,,,2025-02-19T23:59:59.999999999Z,PROSPECTUS,12,4,,
18426,3600541887817,400.0,Garnier,Champô Ultra Suave Delicias de Aveia,Embalagem de 400 ml,3.79,9.48,400,L,€/L,,,https://driveimg1.intermarche.com/pt/Content/images/boitmal/produit/zoom/FB3520AB0507187656A408B0D650CF4F.jpg,,,,2025-02-19T23:59:59.999999999Z,PROSPECTUS,12,4,,
20032,5602947000010,750.0,Quinta da Pacheca,Vinho tinto doc douro,Garrafa de 750 ml,5.49,7.32,750,L,€/L,,,https://driveimg1.intermarche.com/pt/Content/images/boitmal/produit/zoom/7E98EA253AD421BB8B156D996574E752.jpg,,,,2025-03-05T23:59:59.999999999Z,PROSPECTUS,12,4,,
20621,5601260591601,67.0,Cigala,"Noodles de caril banzai, 70g",,1.09,16.27,0,kg,€/Kg,,,https://driveimg1.intermarche.com/pt/Content/images/boitmal/produit/zoom/37D3A056B1CD5DC7680C3B2D265F5035.jpg,,,,2025-02-19T23:59:59.999999999Z,PROSPECTUS,12,4,,
2503,7613033156212,85.0,Purina Gourmet,"Comida húmida para gato mousse com salmão, embalagem de 90g",,0.87,10.24,0,kg,€/Kg,,,https://driveimg1.intermarche.com/pt/Content/images/boitmal/produit/zoom/BCD32627F59A029C2931D459EC84583E.jpg,,,,2025-02-19T23:59:59.999999999Z,PROSPECTUS,12,4,,
26341,5601012011920,750.0,Papa Figos,"Vinho doc douro branco, garrafa de 750 ml",,5.99,7.99,750,L,€/L,,,https://driveimg1.intermarche.com/pt/Content/images/boitmal/produit/zoom/47C911133755ED927EA5820F32D168BD.jpg,,,,2025-03-05T23:59:59.999999999Z,PROSPECTUS,12,4,,
28609,5604260282951,55.0,PorSi,Café em cápsulas ristreto,Embalagem de 55g,1.89,34.36,0,kg,€/Kg,,,https://driveimg1.intermarche.com/pt/Content/images/boitmal/produit/zoom/98A2B27B97561600F2789C49300E14CC.jpg,,,,2025-02-19T23:59:59.999999999Z,PROSPECTUS,12,4,,
35704,3021768203639,360.0,Gogo,"Conjunto de saquetas de fruta maçã e banana, embalagem de 4 x 90g",,2.69,7.47,0,kg,€/Kg,,,https://driveimg1.intermarche.com/pt/Content/images/boitmal/produit/zoom/3B0800B00BAA9EFC0F6FD35BCC52240D.jpg,,,,2025-02-19T23:59:59.999999999Z,PROSPECTUS,12,4,,
40545,5604260302055,1000.0,PorSi,"Néctar de maracujá, maçã e manga",Embalagem de 1 litro,1.09,1.09,1000,L,€/L,,,https://driveimg1.intermarche.com/pt/Content/images/boitmal/produit/zoom/52605F595177DD9CC3CCB277C3B240E3.jpg,,,,2025-02-19T23:59:59.999999999Z,PROSPECTUS,12,4,,
42848,5604260308002,1000.0,PorSi Bio,Bebida de Arroz e Amêndoa,Embalagem de 1 litro,1.59,1.59,1000,L,€/L,,Produtos Bio,https://driveimg1.intermarche.com/pt/Content/images/boitmal/produit/zoom/81A370F69C8A1D55E5B27BE530E01F4F.jpg,,,,2025-02-19T23:59:59.999999999Z,PROSPECTUS,12,4,,
46518,5000204208856,750.0,Pato,"Líquido sanitário ação total menta, 750 ml",,1.94,2.59,750,L,€/L,,,https://driveimg1.intermarche.com/pt/Content/images/boitmal/produit/zoom/8D02BC7C70B0CBFEDA11FE724DDAAE84.jpg,,,,2025-02-19T23:59:59.999999999Z,PROSPECTUS,12,4,,
477,3010470159051,2000.0,Friskies,"Ração para gato adulto com coelho, frango e legumes",Embalagem de 2kg,6.74,3.37,0,kg,€/Kg,,,https://driveimg1.intermarche.com/pt/Content/images/boitmal/produit/zoom/7DEEDCA72B128992156D55C0C8DE0876.jpg,,,,2025-02-19T23:59:59.999999999Z,PROSPECTUS,12,4,,
49222,5604260322619,90.0,PorSi,Saqueta puré de fruta,Embalagem de 90g,0.57,6.33,0,kg,€/Kg,,,https://driveimg1.intermarche.com/pt/Content/images/boitmal/produit/zoom/78A4B5359AA31F2BAC835B28784B51CB.jpg,,,,2025-02-19T23:59:59.999999999Z,PROSPECTUS,12,4,,
49223,5604260322633,90.0,PorSi,Saqueta puré de fruta e bolacha,Embalagem de 90g,0.57,6.33,0,kg,€/Kg,,,https://driveimg1.intermarche.com/pt/Content/images/boitmal/produit/zoom/DA8856F1A86ADE412D28F784DF5FB61A.jpg,,,,2025-02-19T23:59:59.999999999Z,PROSPECTUS,12,4,,
50933,5604260325764,200.0,PorSi,"Alheira de Aves de Trás-Os-Montes, 200 g",,1.49,7.45,0,kg,€/Kg,,,https://driveimg1.intermarche.com/pt/Content/images/boitmal/produit/zoom/4CFF5DC7EA7B1E63268454B229FF0772.jpg,,,,2025-03-05T23:59:59.999999999Z,PROSPECTUS,12,4,,
51751,8720181338502,435.0,Cif,"Spray remove bolores, 435 ml",,2.49,5.72,435,L,€/L,,,https://driveimg1.intermarche.com/pt/Content/images/boitmal/produit/zoom/380C503403FDBF9BBCD37132FDE8F56E.jpg,,,,2025-02-19T23:59:59.999999999Z,PROSPECTUS,12,4,,
51896,8719200253377,400.0,Planta,"Creme vegetal para barrar original, 400g",,2.54,6.35,0,kg,€/Kg,,,https://driveimg1.intermarche.com/pt/Content/images/boitmal/produit/zoom/0265DFAAA6CC23B5D28B5523E860ECEF.jpg,,,,2025-02-19T23:59:59.999999999Z,PROSPECTUS,12,4,,
52525,5604260328048,150.0,PorSi,"Presunto do Minho Fatias Finas 9 Meses de Cura, 150 g",,3.99,26.6,0,kg,€/Kg,,,https://driveimg1.intermarche.com/pt/Content/images/boitmal/produit/zoom/DB5A9158CE300CE982F72315A23DE09B.jpg,,,,2025-03-05T23:59:59.999999999Z,PROSPECTUS,12,4,,
53667,5054563109705,75.0,Sensodyne,Pasta de Dentes Multiprotection Branqueadora,Embalagem de 75ml,3.95,52.67,75,L,€/L,,,https://driveimg1.intermarche.com/pt/Content/images/boitmal/produit/zoom/94E99A1DF4FA94D15532DE9F772BF6D5.jpg,https://driveimg1.intermarche.com/pt/Content/images/boitmal/produit/zoom/79C3CD129F06F9A8E203F1CDCCF40417.jpg,https://driveimg1.intermarche.com/pt/Content/images/boitmal/produit/zoom/79C3CD129F06F9A8E203F1CDCCF40417.jpg,https://driveimg1.intermarche.com/pt/Content/images/boitmal/produit/zoom/79C3CD129F06F9A8E203F1CDCCF40417.jpg,2025-02-19T23:59:59.999999999Z,PROSPECTUS,12,4,https://driveimg1.intermarche.com/pt/Content/images/boitmal/produit/zoom/79C3CD129F06F9A8E203F1CDCCF40417.jpg,https://driveimg1.intermarche.com/pt/Content/images/boitmal/produit/zoom/79C3CD129F06F9A8E203F1CDCCF40417.jpg
5632,5602445000536,750.0,Encosta das Perdizes,Vinho regional alentejano tinto,Garrafa de 750 ml,2.69,3.59,750,L,€/L,,,https://driveimg1.intermarche.com/pt/Content/images/boitmal/produit/zoom/ADC7AAF1E42FC34FB14363D21F98FEE3.jpg,,,,2025-03-05T23:59:59.999999999Z,PROSPECTUS,12,4,,
8398,5601050016024,600.0,Danone,"Danacol natural, embalagem de 6 x 100g",,2.99,4.98,0,kg,€/Kg,,,https://driveimg1.intermarche.com/pt/Content/images/boitmal/produit/zoom/E05E5353FD11FB2707504DEA431D86EA.jpg,,,,2025-02-19T23:59:59.999999999Z,PROSPECTUS,12,4,,
994,5601038001400,240.0,Knorr,"Caldo de carne 24 cubos, embalagem de 240g",,2.49,10.38,0,kg,€/Kg,,,https://driveimg1.intermarche.com/pt/Content/images/boitmal/produit/zoom/111ACC6539DBD1BD4431EF700197763E.jpg,,,,2025-02-19T23:59:59.999999999Z,PROSPECTUS,12,4,,
11904,5602527589423,,Palhais,"Queijo de cabra gourmet, embalagem de 180g",,3.99,3.99,1,,€/Unidade,,,https://driveimg1.intermarche.com/pt/Content/images/boitmal/produit/zoom/7D2E52E3033F90721952E6C7B5B20714.jpg,,,,2025-03-05T23:59:59.999999999Z,PROSPECTUS,12,4,,
18024,2696283000000,250.0,Pastelaria,"Baguete Constance Cereais, 250 g",,1.09,4.36,0,kg,€/Kg,,,https://driveimg1.intermarche.com/pt/Content/images/boitmal/produit/zoom/CA22C31024FFE026D063A83A78526055.jpg,,,,2025-02-19T23:59:59.999999999Z,PROSPECTUS,12,4,,
18942,5601989950086,750.0,Monte Velho,"Vinho rosé, região do alentejo, garrafa de 0,75 l",,3.49,4.65,750,L,€/L,,,https://driveimg1.intermarche.com/pt/Content/images/boitmal/produit/zoom/492FA643C4A4901779ACEB329DDE602F.jpg,,,,2025-03-05T23:59:59.999999999Z,PROSPECTUS,12,4,,
20201,5603722516221,1500.0,Pleno,"Tisana chá camomila e romã, de 1,5 l",,1.59,1.06,1500,L,€/L,,,https://driveimg1.intermarche.com/pt/Content/images/boitmal/produit/zoom/7D295EE342D567A594A666D24B68A8E1.jpg,,,,2025-02-19T23:59:59.999999999Z,PROSPECTUS,12,4,,
20202,5601151976456,1000.0,Frize,"Água com gás limão/pepino/gengibre, pack 4 x 0.25 l",,2.09,2.09,1000,L,€/L,,,https://driveimg1.intermarche.com/pt/Content/images/boitmal/produit/zoom/8CC607BECDA933771553297655559077.jpg,,,,2025-02-19T23:59:59.999999999Z,PROSPECTUS,12,4,,
33400,5604260285228,4000.0,PorSi,Alimento seco para cão mix,Embalagem de 4 kg,5.99,1.5,0,kg,€/Kg,,,https://driveimg1.intermarche.com/pt/Content/images/boitmal/produit/zoom/3AA045D73049470D10C23032126C6A0F.jpg,,,,2025-02-19T23:59:59.999999999Z,PROSPECTUS,12,4,,
