identifier,produitEan13,capacite,marque,libelle,conditionnement,prix,unitPrice,volume,typeProduit_uniteByCode,unit_value,pictogrammes_0,pictogrammes_libelleCategorie,images_0,images_1,images_2,images_3,avantages_dateFin,avantages_categorie,nro_paginas,page,images_4,images_5,images_6,images_7
11961,5603722505607,1000.0,Mimosa,"Leite sem lactose meio gordo, de 1l",,1.15,1.15,1000,L,€/L,,,https://driveimg1.intermarche.com/pt/Content/images/boitmal/produit/zoom/A98ED8A0E5E675A3AC1A551BCE75B0AB.jpg,https://driveimg1.intermarche.com/pt/Content/images/boitmal/produit/zoom/4E57BFE09E8D859BDBE1705476BB9F1B.jpg,https://driveimg1.intermarche.com/pt/Content/images/boitmal/produit/zoom/E1F70144AAFCC0EAEBFF05614177D009.jpg,,2025-12-31T23:59:59Z,PROSPECTUS,14,1,,,,
18488,5600744051013,220.0,Saborosa,"Bolacha de manteiga belga original, embalagem de 220g",,1.49,6.77,0,kg,€/Kg,,,https://driveimg1.intermarche.com/pt/Content/images/boitmal/produit/zoom/435E3C8EAE2EA4A45A8BB3A81B14CF20.jpg,,,,2025-12-31T23:59:59Z,PROSPECTUS,14,1,,,,
8383,5601049132995,1000.0,Mimosa,"Leite uht meio gordo, embalagem de 1litro",,0.9,0.9,1000,L,€/L,,,https://driveimg1.intermarche.com/pt/Content/images/boitmal/produit/zoom/6FB52C843F677BD37D399D45BB10B38B.jpg,https://driveimg1.intermarche.com/pt/Content/images/boitmal/produit/zoom/AE810093A08CEBD60415DCC626CF5804.jpg,https://driveimg1.intermarche.com/pt/Content/images/boitmal/produit/zoom/A0562293538F541B1B99592AA046327B.jpg,,2025-12-31T23:59:59Z,PROSPECTUS,14,1,,,,
56411,5604260333677,750.0,Labell,Gel de Banho Cremoso 750 ml,,1.59,2.12,750,L,€/L,,,https://driveimg1.intermarche.com/pt/Content/images/boitmal/produit/zoom/63812397800413571F258C3D09EF338D.jpg,,,,2025-12-31T23:59:59Z,PROSPECTUS,14,1,,,,
13048,2893561000000,250.0,Marisco,Ameijoa Branca Vietnamita Congelada,Vendido a partir de 250 gr  (aprox.),0.5,1.99,0,,€/Kg,,Avantages !,https://driveimg1.intermarche.com/pt/Content/images/boitmal/produit/zoom/EB1BC296FF41180E6F3E1626AD4F78AA.jpg,,,,2025-12-31T23:59:59Z,PROSPECTUS,14,1,,,,
14007,2696358000000,800.0,Pastelaria,Bolo Brigadeiro 800 g,,7.49,9.36,0,kg,€/Kg,,,https://driveimg1.intermarche.com/pt/Content/images/boitmal/produit/zoom/2D16DABCE965696E3586CDB9A87DB71C.jpg,,,,2025-12-31T23:59:59Z,PROSPECTUS,14,1,,,,
24393,5601028000352,,Renova,Guardanapos Red Label 1 folha |Branco,Dim: 30x32cm |70 unidades,0.79,0.79,0,,€/Unidade,,,https://driveimg1.intermarche.com/pt/Content/images/boitmal/produit/zoom/8EB475C9EAB7F71BAD24D03BE60490C5.jpg,,,,2025-12-31T23:59:59Z,PROSPECTUS,14,1,,,,
12906,2892001000000,100.0,Fruta,Clementinas,1 un = 100 gr (aprox.),0.2,1.99,0,,€/Kg,,,https://driveimg1.intermarche.com/pt/Content/images/boitmal/produit/zoom/91DC72E142D597026B000E92136FFB70.jpg,,,,2025-12-31T23:59:59Z,PROSPECTUS,14,1,,,,
5143,5601096201309,750.0,Casal Garcia,"Vinho verde branco, garrafa de 0.75 l",,3.49,4.65,750,L,€/L,,,https://driveimg1.intermarche.com/pt/Content/images/boitmal/produit/zoom/C499325EC5B55389E1608DCDF3310034.jpg,,,,2025-12-31T23:59:59Z,PROSPECTUS,14,1,,,,
41901,7613037677591,250.0,Cerelac,"Papa Infantil Farinha Láctea com 40% Menos Açúcares +6M,  emb. 250 gr",,2.49,9.96,0,kg,€/Kg,,,https://driveimg1.intermarche.com/pt/Content/images/boitmal/produit/zoom/029375962274AEB82420915E9195E54A.jpg,,,,2025-12-31T23:59:59Z,PROSPECTUS,14,1,,,,
29738,8410436324533,1300.0,Sonasol,"Lava Tudo Flores Montanha, 1.3 l",,2.24,1.72,1300,L,€/L,,,https://driveimg1.intermarche.com/pt/Content/images/boitmal/produit/zoom/13FBFB2C777E7C44B0340328520A2D41.jpg,,,,2025-12-31T23:59:59Z,PROSPECTUS,14,1,,,,
16105,5601146703463,7500.0,Sagres,"Cerveja com Álcool Mini, emb. 30 x 25 cl",,12.99,1.73,7500,L,€/L,,,https://driveimg1.intermarche.com/pt/Content/images/boitmal/produit/zoom/8AED8878F83EE06034073768C464A0DF.jpg,,,,2025-12-31T23:59:59Z,PROSPECTUS,14,1,,,,
54320,8718951559721,100.0,Colgate,"Pasta De Dentes Maximum Caries Protection, 100ml",,2.14,21.4,100,L,€/L,,,https://driveimg1.intermarche.com/pt/Content/images/boitmal/produit/zoom/FB112999317664A7E18AAA81FF2A5D06.jpg,https://driveimg1.intermarche.com/pt/Content/images/boitmal/produit/zoom/3694932EDFE660C6F958943C13CEE297.jpg,https://driveimg1.intermarche.com/pt/Content/images/boitmal/produit/zoom/3694932EDFE660C6F958943C13CEE297.jpg,https://driveimg1.intermarche.com/pt/Content/images/boitmal/produit/zoom/3694932EDFE660C6F958943C13CEE297.jpg,2025-12-31T23:59:59Z,PROSPECTUS,14,1,,,,
42518,8001841677194,,Dodot,Fralda cueca T5 | 12 a 17 kg,Embalagem com 30 unidades,8.39,8.39,0,,€/Unidade,,,https://driveimg1.intermarche.com/pt/Content/images/boitmal/produit/zoom/CD52966267B9BDE508D8314F6FB7A801.jpg,,,,2025-12-31T23:59:59Z,PROSPECTUS,14,1,,,,
13541,2893533000000,250.0,Congelado de Aquicultura,Camarão Congelado 60/80,1 un = 250 gr  (aprox.),1.75,6.99,0,,€/Kg,,Avantages !,https://driveimg1.intermarche.com/pt/Content/images/boitmal/produit/zoom/29A2DFA509FFDAFCD18E7F308BD753B4.jpg,,,,2025-12-31T23:59:59Z,PROSPECTUS,14,1,,,,
10091,8410100059839,360.0,Nestlé,"Queijinho petit nesquik, embalagem de 6 x 60g",,2.99,8.31,0,kg,€/Kg,,,https://driveimg1.intermarche.com/pt/Content/images/boitmal/produit/zoom/88B248C453A669F7E350B1DDEC2F3C33.jpg,,,,2025-12-31T23:59:59Z,PROSPECTUS,14,1,,,,
15952,7613032918729,3000.0,Friskies,"Ração para Gato Adulto de Interior Frango, Peru e Legumes, emb. 3 kg",Embalagem de 3 kg,8.74,2.91,0,kg,€/Kg,,,https://driveimg1.intermarche.com/pt/Content/images/boitmal/produit/zoom/750597FE3D8CEBBA8D73F587B10AA8B2.jpg,,,,2025-12-31T23:59:59Z,PROSPECTUS,14,1,,,,
55018,5601027117303,430.0,Bimbo,"Pão de Forma com Côdea, emb. 430 gr",,1.59,3.7,0,kg,€/Kg,,,https://driveimg1.intermarche.com/pt/Content/images/boitmal/produit/zoom/8757FB8F05D49E0A715282DD0C0165A7.jpg,https://driveimg1.intermarche.com/pt/Content/images/boitmal/produit/zoom/4C17DB6C614697DA1B5FB0CE80A911CD.jpg,https://driveimg1.intermarche.com/pt/Content/images/boitmal/produit/zoom/4C17DB6C614697DA1B5FB0CE80A911CD.jpg,,2025-12-31T23:59:59Z,PROSPECTUS,14,1,,,,
12940,2892083000000,200.0,Fruta,Lima,1 un = 200 gr (aprox.),0.6,2.99,0,,€/Kg,,,https://driveimg1.intermarche.com/pt/Content/images/boitmal/produit/zoom/2DD3A3AD2AC0E0F4144D0C1CF845306C.jpg,,,,2025-12-31T23:59:59Z,PROSPECTUS,14,1,,,,
13886,2891108000000,1000.0,Frango,Bife de Frango,Vendido ao peso a partir de 1 kg,5.99,5.99,0,,€/Kg,,,https://driveimg1.intermarche.com/pt/Content/images/boitmal/produit/zoom/519BDC237EE2CC43FB5B010D4FF5A15B.jpg,,,,2025-12-31T23:59:59Z,PROSPECTUS,14,1,,,,
13893,2891043000000,1000.0,Porco,Entrecosto,Vendido ao peso a partir de 1 kg,3.99,3.99,0,,€/Kg,,,https://driveimg1.intermarche.com/pt/Content/images/boitmal/produit/zoom/AA05EE99D302D59771FCC108473E0700.jpg,,,,2025-12-31T23:59:59Z,PROSPECTUS,14,1,,,,
12928,2892050000000,2000.0,Fruta,Abacaxi,1 un = 2kg ( aprox.),1.98,0.99,0,,€/Kg,,,https://driveimg1.intermarche.com/pt/Content/images/boitmal/produit/zoom/90A3F01E4C59C42862CFF43094D79900.jpg,,,,2025-12-31T23:59:59Z,PROSPECTUS,14,1,,,,
11967,5601049612336,250.0,Mimosa,"Manteiga com sal, embalagem de 250g",,2.19,8.76,0,kg,€/Kg,,,https://driveimg1.intermarche.com/pt/Content/images/boitmal/produit/zoom/2C2D066D904F137421CA4F472DC07738.jpg,https://driveimg1.intermarche.com/pt/Content/images/boitmal/produit/zoom/B59AE74FD0DBE6C3112F001AFF69E867.jpg,https://driveimg1.intermarche.com/pt/Content/images/boitmal/produit/zoom/BB9196C3025886DBB6F20EDD70A1CA7A.jpg,,2025-12-31T23:59:59Z,PROSPECTUS,14,1,,,,
2265,5604260269853,175.0,PorSi,Batatas Fritas Lisas Receita Camponesa 175g,,1.19,6.8,0,kg,€/Kg,,,https://driveimg1.intermarche.com/pt/Content/images/boitmal/produit/zoom/447E18276F99BABAF787DD69D7608562.jpg,,,,2025-12-31T23:59:59Z,PROSPECTUS,14,1,,,,
8384,5601049133992,1000.0,Mimosa,"Leite uht magro, embalagem de 1litro",,0.9,0.9,1000,L,€/L,,,https://driveimg1.intermarche.com/pt/Content/images/boitmal/produit/zoom/128AB814EBA9C0783B386EB2E0A38CC9.jpg,https://driveimg1.intermarche.com/pt/Content/images/boitmal/produit/zoom/8C350978140C257D0AAD7365CD133F0C.jpg,https://driveimg1.intermarche.com/pt/Content/images/boitmal/produit/zoom/B9BED9F397071733FB4D36CBE39ECDBA.jpg,,2025-12-31T23:59:59Z,PROSPECTUS,14,1,,,,
9315,5603722509544,1000.0,Mimosa,"Leite 0% lactose magro, de 1l",,1.15,1.15,1000,L,€/L,,,https://driveimg1.intermarche.com/pt/Content/images/boitmal/produit/zoom/0350D0DE44A653A9AB01722B06443E94.jpg,https://driveimg1.intermarche.com/pt/Content/images/boitmal/produit/zoom/DC5219EC1E15E09529E323B7D196FADA.jpg,https://driveimg1.intermarche.com/pt/Content/images/boitmal/produit/zoom/DC48BFFA4281D8016E9FB40168ED4485.jpg,,2025-12-31T23:59:59Z,PROSPECTUS,14,1,,,,
1834,5604260034505,500.0,PorSi,Batatas Fritas Palha Larga 500g,,2.58,5.16,0,kg,€/Kg,,,https://driveimg1.intermarche.com/pt/Content/images/boitmal/produit/zoom/C01ACEDAC47CBE95FC31DF87E03A78AD.jpg,,,,2025-12-31T23:59:59Z,PROSPECTUS,14,1,,,,
23590,5603722514142,1600.0,Agros,"Leite com chocolate, embalagem de 8x200 ml",,2.96,1.85,1600,L,€/L,,,https://driveimg1.intermarche.com/pt/Content/images/boitmal/produit/zoom/4B07C2A65AC5D9D66E12210391EDB136.jpg,,,,2025-12-31T23:59:59Z,PROSPECTUS,14,1,,,,
33302,5604260286973,200.0,PorSi,Amendoim com Sal 200 G,,0.85,4.25,0,kg,€/Kg,,,https://driveimg1.intermarche.com/pt/Content/images/boitmal/produit/zoom/30646EA8E69ADB622FD93C8B47725308.jpg,,,,2025-12-31T23:59:59Z,PROSPECTUS,14,1,,,,
19111,5604649918204,500.0,Fruta,Uva Branca sem grainha,Embalagem de 500 g,2.89,5.78,0,kg,€/Kg,,,https://driveimg1.intermarche.com/pt/Content/images/boitmal/produit/zoom/67F8986763A7150348D1ACB12C17814C.jpg,,,,2025-12-31T23:59:59Z,PROSPECTUS,14,1,,,,
23605,5601024335182,1000.0,Fula,"Óleo Alimentar Especial Fritura, emb. 1 lt",Garrafa de 1 l,1.89,1.89,1000,L,€/L,,,https://driveimg1.intermarche.com/pt/Content/images/boitmal/produit/zoom/69E445CB49A81927EAD36F899A4FF4A1.jpg,,,,2025-12-31T23:59:59Z,PROSPECTUS,14,1,,,,
33304,5604260287130,200.0,PorSi,Passa de Uva 200 G,,1.19,5.95,0,kg,€/Kg,,,https://driveimg1.intermarche.com/pt/Content/images/boitmal/produit/zoom/308A979C192CA2F2012D46EA8868FC1D.jpg,,,,2025-12-31T23:59:59Z,PROSPECTUS,14,1,,,,
36272,5604260300723,414.0,PorSi,Maionese Top Down 414g,,1.68,4.06,0,kg,€/Kg,,,https://driveimg1.intermarche.com/pt/Content/images/boitmal/produit/zoom/8FCA627AE2DB4595C7AF33E2C707EA97.jpg,,,,2025-12-31T23:59:59Z,PROSPECTUS,14,1,,,,
56190,5604260337491,200.0,PorSi,Batatas Fritas Palha Fina 200g,,1.09,5.45,0,kg,€/Kg,,,https://driveimg1.intermarche.com/pt/Content/images/boitmal/produit/zoom/9208BA6719DBDC25994E7345CE7621EB.jpg,,,,2025-12-31T23:59:59Z,PROSPECTUS,14,1,,,,
13821,2892597000000,200.0,Legumes,Tomate Cacho,1 un = 200 gr (aprox.),0.36,1.79,0,,€/Kg,,,https://driveimg1.intermarche.com/pt/Content/images/boitmal/produit/zoom/FD67F77AFAB450B6A4FA38E0279E6686.jpg,,,,2025-12-31T23:59:59Z,PROSPECTUS,14,1,,,,
13892,2891041000000,1000.0,Porco,Costeletas do Lombo,Vendido ao peso a partir de 1 kg,3.99,3.99,0,,€/Kg,,,https://driveimg1.intermarche.com/pt/Content/images/boitmal/produit/zoom/589E4AFE71E19AF7FEB32FB0C0E176FF.jpg,,,,2025-12-31T23:59:59Z,PROSPECTUS,14,1,,,,
14198,5604260273683,800.0,PorSi,Bolacha Tostada 800 G,,1.59,1.99,0,kg,€/Kg,,,https://driveimg1.intermarche.com/pt/Content/images/boitmal/produit/zoom/B2D5FAAB4BD35CE24623ED7F165261C0.jpg,,,,2025-12-31T23:59:59Z,PROSPECTUS,14,1,,,,
23758,5604260282616,150.0,PorSi,Batatas Fritas Lisas Gourmet 150g,,1.23,8.2,0,kg,€/Kg,,,https://driveimg1.intermarche.com/pt/Content/images/boitmal/produit/zoom/086887FDC28498C155F9760C1B0A2422.jpg,,,,2025-12-31T23:59:59Z,PROSPECTUS,14,1,,,,
34875,5604260285457,1500.0,PorSi,Maçã golden categoria II Programa Origens,Embalagem de 1.5 kg,1.79,1.19,0,kg,€/Kg,,,https://driveimg1.intermarche.com/pt/Content/images/boitmal/produit/zoom/56695A5FACFB945E46B511CB21214202.jpg,,,,2025-12-31T23:59:59Z,PROSPECTUS,14,1,,,,
35889,5601151974070,1750.0,Seven Up,"Refrigerante de lima limão free, garrafa de 1.75 l",,1.69,0.97,1750,L,€/L,,,https://driveimg1.intermarche.com/pt/Content/images/boitmal/produit/zoom/9A2F3176B60F6901274BE6108F1FBC7A.jpg,,,,2025-12-31T23:59:59Z,PROSPECTUS,14,1,,,,
13897,2891053000000,1000.0,Porco,Lombo sem Osso,Vendido ao peso a partir de 1 kg,3.99,3.99,0,,€/Kg,,,https://driveimg1.intermarche.com/pt/Content/images/boitmal/produit/zoom/415564DA70574ED3C1D7475F1F28BDB6.jpg,,,,2025-12-31T23:59:59Z,PROSPECTUS,14,1,,,,
13954,2891192000000,500.0,Porco,Tiras da Costela/Piano,1 un = 500 gr (aprox.),3.0,5.99,0,,€/Kg,,,https://driveimg1.intermarche.com/pt/Content/images/boitmal/produit/zoom/7D0B09E93398DFB0B31D06D5AFBD6B99.jpg,,,,2025-12-31T23:59:59Z,PROSPECTUS,14,1,,,,
1437,5601260046101,1000.0,Saludães,Arroz Carolino,Embalagem de 1 kg,1.14,1.14,0,kg,€/Kg,,,https://driveimg1.intermarche.com/pt/Content/images/boitmal/produit/zoom/844734F94E64C7EE2E76F0FC068B9A4B.jpg,,,,2025-12-31T23:59:59Z,PROSPECTUS,14,1,,,,
18489,5600744051020,198.0,Saborosa,"Bolacha de manteiga belga com chocolate, embalagem de 200g",,1.54,7.78,0,kg,€/Kg,,,https://driveimg1.intermarche.com/pt/Content/images/boitmal/produit/zoom/96C31A82D017146C1ADBA7AC747D4690.jpg,,,,2025-12-31T23:59:59Z,PROSPECTUS,14,1,,,,
2749,8410063046532,350.0,Pescanova,"Miolo de Camarão 80/100, emb. 350 gr",,6.99,19.97,0,kg,€/Kg,,Tipo de stockagem,https://driveimg1.intermarche.com/pt/Content/images/boitmal/produit/zoom/0EA75135180DC26543A97F342303334A.jpg,,,,2025-12-31T23:59:59Z,PROSPECTUS,14,1,,,,
33021,5601260048105,1000.0,Saludães,"Arroz basmati, embalagem de 1 kg",,2.49,2.49,0,kg,€/Kg,,,https://driveimg1.intermarche.com/pt/Content/images/boitmal/produit/zoom/69B2912DAB5813399DDCD1424E089110.jpg,,,,2025-12-31T23:59:59Z,PROSPECTUS,14,1,,,,
37604,5601244500148,1000.0,Terra Nostra,"Leite pastagem uht terra nostra inteiro, de 1l",,1.0,1.0,1000,L,€/L,,,https://driveimg1.intermarche.com/pt/Content/images/boitmal/produit/zoom/3B4C7B765CD878B7B162B4FFE368B474.jpg,https://driveimg1.intermarche.com/pt/Content/images/boitmal/produit/zoom/CA7222E1CEE2BE2C3D48716FA51D8421.jpg,,,2025-12-31T23:59:59Z,PROSPECTUS,14,1,,,,
40520,5604260297047,200.0,PorSi,Pickles em Vinagre 350g,,1.13,5.65,0,kg,€/Kg,,,https://driveimg1.intermarche.com/pt/Content/images/boitmal/produit/zoom/F6B7F521514B60ECCF7C2B3661EB50D7.jpg,,,,2025-12-31T23:59:59Z,PROSPECTUS,14,1,,,,
40667,5604260303724,500.0,PorSi,Queijo Vaca Curado Amanteigado Light 500g,,4.99,9.98,0,kg,€/Kg,,,https://driveimg1.intermarche.com/pt/Content/images/boitmal/produit/zoom/A98FAAE3B023E27BEADFFB9F1E5EDBDF.jpg,,,,2025-12-31T23:59:59Z,PROSPECTUS,14,1,,,,
44419,5604260312306,750.0,PorSi,Frutos Vermelhos 750g,,3.49,4.65,0,kg,€/Kg,,Tipo de stockagem,https://driveimg1.intermarche.com/pt/Content/images/boitmal/produit/zoom/C07529F496E6F741E0B22AD4F3607862.jpg,,,,2025-12-31T23:59:59Z,PROSPECTUS,14,1,,,,
54828,5601164906273,7000.0,Super Bock,"Cerveja, 35 x 20 cl",,13.59,1.94,7000,L,€/L,,,https://driveimg1.intermarche.com/pt/Content/images/boitmal/produit/zoom/3EEAE55F901F69F71712A095227D1F3E.jpg,,,,2025-12-31T23:59:59Z,PROSPECTUS,14,1,,,,
7244,3073781050196,140.0,A Vaca Que Ri,"Queijo em palitos, embalagem de 140g",,1.99,14.21,0,kg,€/Kg,,,https://driveimg1.intermarche.com/pt/Content/images/boitmal/produit/zoom/C79A3541C1910B83E7E4B4E57044D0EF.jpg,,,,2025-12-31T23:59:59Z,PROSPECTUS,14,1,,,,
1012,5601043111026,1000.0,Branca de neve,"Farinha de Trigo Super Fina com Fermento, emb. 1 kg",,1.69,1.69,0,kg,€/Kg,,,https://driveimg1.intermarche.com/pt/Content/images/boitmal/produit/zoom/2C1F82D915B4FA8DB609B4607A05BC7E.jpg,,,,2025-12-31T23:59:59Z,PROSPECTUS,14,1,,,,
1188,5601119007970,200.0,Nobre,"Salsichas Frankfurt Originais Lata 8 un, emb. 200 gr",,1.39,6.95,0,kg,€/Kg,,,https://driveimg1.intermarche.com/pt/Content/images/boitmal/produit/zoom/F480FC52D56464F3C1B867155F4A37B9.jpg,,,,2025-12-31T23:59:59Z,PROSPECTUS,14,1,,,,
12046,5604260104116,500.0,PorSi,Molho Béchamel 500ml,,1.69,3.38,500,L,€/L,,,https://driveimg1.intermarche.com/pt/Content/images/boitmal/produit/zoom/B291394A8F64F4ED834F032F124A988C.jpg,,,,2025-12-31T23:59:59Z,PROSPECTUS,14,1,,,,
12889,2892175000000,150.0,Fruta,Kiwi categoria II,1 un = 150 gr (aprox.),0.45,2.99,0,,€/Kg,,,https://driveimg1.intermarche.com/pt/Content/images/boitmal/produit/zoom/39D74C337E358C98856B0EB2FC79D7A8.jpg,,,,2025-12-31T23:59:59Z,PROSPECTUS,14,1,,,,
1305,5601151862155,500.0,Compal,Polpa de tomate 500g,,1.19,2.38,0,kg,€/Kg,,,https://driveimg1.intermarche.com/pt/Content/images/boitmal/produit/zoom/D9FD9B4F4905971874C5E4127C57C62E.jpg,,,,2025-12-31T23:59:59Z,PROSPECTUS,14,1,,,,
13866,2891048000000,1000.0,Porco,Bifanas,Vendido ao peso a partir de 1 kg,3.99,3.99,0,,€/Kg,,,https://driveimg1.intermarche.com/pt/Content/images/boitmal/produit/zoom/72DE0DA6B485199AC995C629E3E4D279.jpg,,,,2025-12-31T23:59:59Z,PROSPECTUS,14,1,,,,
13947,2891125000000,150.0,Peru,Espetadas de Peru,1 un = 150 gr (aprox.),1.02,6.79,0,,€/Kg,,,https://driveimg1.intermarche.com/pt/Content/images/boitmal/produit/zoom/7051DD49B64096A6B46E7815DD618A85.jpg,,,,2025-12-31T23:59:59Z,PROSPECTUS,14,1,,,,
14708,5601244202332,250.0,Terra Nostra,"Manteiga com sal, embalagem de 250g",,2.29,9.16,0,kg,€/Kg,,,https://driveimg1.intermarche.com/pt/Content/images/boitmal/produit/zoom/34C574538A57B9FC15AB22DC51C8B356.jpg,https://driveimg1.intermarche.com/pt/Content/images/boitmal/produit/zoom/9D76B5CC4F670644A71C1CF49788751C.jpg,,,2025-12-31T23:59:59Z,PROSPECTUS,14,1,,,,
16003,5000116109630,300.0,Capitão Iglo,"12 douradinhos forníssimo, embalagem de 300g",,3.98,13.27,0,kg,€/Kg,,Tipo de stockagem,https://driveimg1.intermarche.com/pt/Content/images/boitmal/produit/zoom/544992A31EAE2C5ED6C344C7B21BC2DA.jpg,,,,2025-12-31T23:59:59Z,PROSPECTUS,14,1,,,,
1844,5604260035847,185.0,PorSi,Batatas Fritas Onduladas Sabor a Presunto 185g,,1.25,6.76,0,kg,€/Kg,,,https://driveimg1.intermarche.com/pt/Content/images/boitmal/produit/zoom/29D2C600CBA2711F31E4BCBC05A9C865.jpg,,,,2025-12-31T23:59:59Z,PROSPECTUS,14,1,,,,
19224,5601146000302,330.0,Sagres,"Cerveja com Álcool, emb. 33 cl",,0.59,1.79,330,L,€/L,,,https://driveimg1.intermarche.com/pt/Content/images/boitmal/produit/zoom/021C2A3D686B3B40ECD987D05D836084.jpg,,,,2025-12-31T23:59:59Z,PROSPECTUS,14,1,,,,
20918,5000116110964,840.0,Capitão Iglo,"30 douradinhos, embalagem de 840g",,8.99,10.7,0,kg,€/Kg,,Tipo de stockagem,https://driveimg1.intermarche.com/pt/Content/images/boitmal/produit/zoom/3C52B0905F2F1ACE3D67359B13FE0331.jpg,,,,2025-12-31T23:59:59Z,PROSPECTUS,14,1,,,,
2153,5604260258604,1000.0,PorSi,Polvo Limpo 1kg,,9.99,9.99,0,kg,€/Kg,,Tipo de stockagem,https://driveimg1.intermarche.com/pt/Content/images/boitmal/produit/zoom/FAF7A31A8F79D5C2CCCF361A2228856D.jpg,,,,2025-12-31T23:59:59Z,PROSPECTUS,14,1,,,,
22338,8715700422084,400.0,Heinz,Maionese top down de 400 ml,,2.46,6.15,400,L,€/L,,,https://driveimg1.intermarche.com/pt/Content/images/boitmal/produit/zoom/612634FE8A5F525F53CC12FEFDCD73F6.jpg,,,,2025-12-31T23:59:59Z,PROSPECTUS,14,1,,,,
26772,5449000106186,3500.0,Coca-Cola,"Refrigerante com Gás Cola, emb. 2 x 1,75 lt",,3.77,1.08,3500,L,€/L,,,https://driveimg1.intermarche.com/pt/Content/images/boitmal/produit/zoom/A789E276311FA9DA8F07BCEEEA6CB731.jpg,,,,2025-12-31T23:59:59Z,PROSPECTUS,14,1,,,,
30958,5449000957955,3500.0,Coca-Cola,"Refrigerante com Gás Cola Zero, emb. 2 x 1,75 lt",,3.29,0.94,3500,L,€/L,,,https://driveimg1.intermarche.com/pt/Content/images/boitmal/produit/zoom/F2EAD17F7ACB8ABDBC63DEE76B961767.jpg,,,,2025-12-31T23:59:59Z,PROSPECTUS,14,1,,,,
36523,5604260295661,2500.0,PorSi,"Batata Pré-frita Palitos 2,5kg","Embalagem de 2,5 kg",4.45,1.78,0,kg,€/Kg,,Tipo de stockagem,https://driveimg1.intermarche.com/pt/Content/images/boitmal/produit/zoom/B8BBD039EFBF08C6ABF444D64CA5907E.jpg,,,,2025-12-31T23:59:59Z,PROSPECTUS,14,1,,,,
36692,5604260295487,180.0,PorSi,Batatas Fritas Receita Caseira 180g,,1.25,6.94,0,kg,€/Kg,,,https://driveimg1.intermarche.com/pt/Content/images/boitmal/produit/zoom/3A9943BE33357DB46051EEA5F4495FA9.jpg,,,,2025-12-31T23:59:59Z,PROSPECTUS,14,1,,,,
41716,5604260303809,90.0,PorSi,Puré Fruta Multifrutos Maçã / Pêssego / Banana / Pera 90g,,0.67,7.44,0,kg,€/Kg,,,https://driveimg1.intermarche.com/pt/Content/images/boitmal/produit/zoom/1CAFF4A82E080C7A12967171C7D2027F.jpg,,,,2025-12-31T23:59:59Z,PROSPECTUS,14,1,,,,
47102,5603722520198,250.0,Mimosa,"Manteiga com sal e sem lactose, embalagem de 250g",,2.44,9.76,0,kg,€/Kg,,,https://driveimg1.intermarche.com/pt/Content/images/boitmal/produit/zoom/93C16F859411D0EBAFBF43E49FD1DA1B.jpg,https://driveimg1.intermarche.com/pt/Content/images/boitmal/produit/zoom/03F85375587D6FDFB4925819A11BDAE0.jpg,https://driveimg1.intermarche.com/pt/Content/images/boitmal/produit/zoom/851EE75BBBA7A9986AE9578DEC17E3F9.jpg,,2025-12-31T23:59:59Z,PROSPECTUS,14,1,,,,
8312,5604260318728,,PorSi,Rolo de Cozinha Multiusos 2 Folhas 1 Rolo,,2.95,2.95,0,,€/Unidade,,,https://driveimg1.intermarche.com/pt/Content/images/boitmal/produit/zoom/2CC07BB275A924BB79BAF68BD05975F4.jpg,,,,2025-12-31T23:59:59Z,PROSPECTUS,14,1,,,,
8802,5601244202363,400.0,Terra Nostra,"Queijo em fatias, embalagem de 400g",,4.29,10.73,0,kg,€/Kg,,,https://driveimg1.intermarche.com/pt/Content/images/boitmal/produit/zoom/902CA7799BBBA9029457B2CA9E0FB1C4.jpg,,,,2025-12-31T23:59:59Z,PROSPECTUS,14,1,,,,
978,5601024134136,750.0,Oliveira da Serra,Azeite,Embalagem de 750 ml,3.89,5.19,750,L,€/L,,,https://driveimg1.intermarche.com/pt/Content/images/boitmal/produit/zoom/9CC9A85673AA0BF0B09481F106398AA6.jpg,,,,2025-12-31T23:59:59Z,PROSPECTUS,14,1,,,,
10272,8410436240109,50.0,Sonasol,"Bloco sanitário blue activ, eucalio",Embalagem de 50 g,1.98,39.6,0,kg,€/Kg,,,https://driveimg1.intermarche.com/pt/Content/images/boitmal/produit/zoom/AD6EF490A116ED8448E270834FD13125.jpg,,,,2025-12-31T23:59:59Z,PROSPECTUS,14,1,,,,
10859,3023290400395,230.0,Nestlé,"Iogurte mix in kit kat, embalagem de 2 x 115g",,2.19,9.52,0,kg,€/Kg,,,https://driveimg1.intermarche.com/pt/Content/images/boitmal/produit/zoom/46A338E8D7EAC63B8EF63808F7DF5998.jpg,,,,2025-12-31T23:59:59Z,PROSPECTUS,14,1,,,,
11960,5603722505300,250.0,Mimosa,"Manteiga magra, embalagem de 250g",,2.09,8.36,0,kg,€/Kg,,,https://driveimg1.intermarche.com/pt/Content/images/boitmal/produit/zoom/C74CBDA10A089507D586E060E46ABF03.jpg,https://driveimg1.intermarche.com/pt/Content/images/boitmal/produit/zoom/C2F91C79228A3ADF27E4AEC55908D66D.jpg,https://driveimg1.intermarche.com/pt/Content/images/boitmal/produit/zoom/8234260C017BAB3AE2C659FDE5BBED44.jpg,,2025-12-31T23:59:59Z,PROSPECTUS,14,1,,,,
11963,5603722505775,250.0,Mimosa,"Manteiga sem sal, embalagem de 250g",,2.19,8.76,0,kg,€/Kg,,,https://driveimg1.intermarche.com/pt/Content/images/boitmal/produit/zoom/9BCF64C54A7D7626D65710EBF82436CC.jpg,https://driveimg1.intermarche.com/pt/Content/images/boitmal/produit/zoom/1EA90F949357E7F98D48732996035C6E.jpg,https://driveimg1.intermarche.com/pt/Content/images/boitmal/produit/zoom/1F0AD169BB42B947BB5B96F6E89FDECD.jpg,,2025-12-31T23:59:59Z,PROSPECTUS,14,1,,,,
1228,5601146230518,1500.0,Joi,"Refrigerante sem gás, laranja, garrafa de 1,5 l",,1.29,0.86,1500,L,€/L,,,https://driveimg1.intermarche.com/pt/Content/images/boitmal/produit/zoom/9CFD5D319CF23E8EEE61B6DFE693387D.jpg,,,,2025-12-31T23:59:59Z,PROSPECTUS,14,1,,,,
12468,8435250439584,256.0,Nestlé,"Iogurte mix in smarties morango, embalagem de 2 x 128 g",,2.19,8.55,0,kg,€/Kg,,,https://driveimg1.intermarche.com/pt/Content/images/boitmal/produit/zoom/546EB338CC6149CC0CDDECE6E5ABF48D.jpg,,,,2025-12-31T23:59:59Z,PROSPECTUS,14,1,,,,
1272,5601151060254,500.0,Compal,"Tomate triturado, embalagem de 500g",,1.49,2.98,0,kg,€/Kg,,,https://driveimg1.intermarche.com/pt/Content/images/boitmal/produit/zoom/F73D2E34D160FB2C4040DA3AD1BBEF87.jpg,,,,2025-12-31T23:59:59Z,PROSPECTUS,14,1,,,,
13566,2893560000000,250.0,Congelado de Aquicultura,Camarão Congelado 20/30,1 un = 250 gr  (aprox.),2.25,8.99,0,,€/Kg,,Avantages !,https://driveimg1.intermarche.com/pt/Content/images/boitmal/produit/zoom/863DB9F10BE616A55736AB7A17BC6BB5.jpg,,,,2025-12-31T23:59:59Z,PROSPECTUS,14,1,,,,
13839,2891006000000,800.0,Novilho,Bife da Pá,Vendido ao peso a partir de 800 g,10.39,12.99,0,,€/Kg,,,https://driveimg1.intermarche.com/pt/Content/images/boitmal/produit/zoom/5626B1315F40E59D057B37FBCA18064B.jpg,,,,2025-12-31T23:59:59Z,PROSPECTUS,14,1,,,,
14196,5604260272105,250.0,PorSi,Salsichas Hot Dog Frasco 540g,,3.1,12.4,0,kg,€/Kg,,,https://driveimg1.intermarche.com/pt/Content/images/boitmal/produit/zoom/DEA11230BF1CF561F20B184084F0CF0F.jpg,,,,2025-12-31T23:59:59Z,PROSPECTUS,14,1,,,,
14301,5000116105199,1125.0,Iglo,"Ervilhas, embalagem de 1,125 kg",,4.99,4.44,0,kg,€/Kg,,Tipo de stockagem,https://driveimg1.intermarche.com/pt/Content/images/boitmal/produit/zoom/2A12D381A70EA524D1800DAB02CBAB7B.jpg,,,,2025-12-31T23:59:59Z,PROSPECTUS,14,1,,,,
1465,5601286234773,250.0,Milaneza,"Massa de letras, embalagem de 250g",,0.61,2.44,0,kg,€/Kg,,,https://driveimg1.intermarche.com/pt/Content/images/boitmal/produit/zoom/93F4FB7CE3C81A4CA398AFB1F88C82DD.jpg,,,,2025-12-31T23:59:59Z,PROSPECTUS,14,1,,,,
1467,5601286236784,500.0,Milaneza,"Massa de espirais, embalagem de 500g",,1.04,2.08,0,kg,€/Kg,,,https://driveimg1.intermarche.com/pt/Content/images/boitmal/produit/zoom/90F3AD9985391E2BB3C76374F1217643.jpg,,,,2025-12-31T23:59:59Z,PROSPECTUS,14,1,,,,
20434,5601244500063,1000.0,Terra Nostra,"Leite de pastagem meio gordo, embalagem de 1litro",,0.89,0.89,1000,L,€/L,,,https://driveimg1.intermarche.com/pt/Content/images/boitmal/produit/zoom/416A848D81A31A3BE14CC7E8951CC4DA.jpg,https://driveimg1.intermarche.com/pt/Content/images/boitmal/produit/zoom/E82125FE177156A16B33D08208F11D7F.jpg,,,2025-12-31T23:59:59Z,PROSPECTUS,14,1,,,,
2270,5604260269976,250.0,PorSi,Gressinos com Sésamo 250g,,2.14,8.56,0,kg,€/Kg,,,https://driveimg1.intermarche.com/pt/Content/images/boitmal/produit/zoom/BDF586C2CDA278F8774B7C2113F5E39C.jpg,,,,2025-12-31T23:59:59Z,PROSPECTUS,14,1,,,,
23353,5000116112197,375.0,Capitão Iglo,"18 nuggets de frango, embalagem de 380g",,4.99,13.31,0,kg,€/Kg,,Tipo de stockagem,https://driveimg1.intermarche.com/pt/Content/images/boitmal/produit/zoom/F26C89B365D9DC17E138C74AB049DE6B.jpg,,,,2025-12-31T23:59:59Z,PROSPECTUS,14,1,,,,
24411,8410436297752,1300.0,Sonasol,"Lava tudo rosas e jasmim, 1,3l",,2.24,1.72,1300,L,€/L,,,https://driveimg1.intermarche.com/pt/Content/images/boitmal/produit/zoom/A8DAC5F038BB6C2FB23FB3C7F35CC590.jpg,,,,2025-12-31T23:59:59Z,PROSPECTUS,14,1,,,,
24415,8410436299961,1300.0,Sonasol,"Lava tudo lavanda, 1,3l",,2.24,1.72,1300,L,€/L,,,https://driveimg1.intermarche.com/pt/Content/images/boitmal/produit/zoom/7357FEB6EC6D53B795AF0EA5889F5ADF.jpg,,,,2025-12-31T23:59:59Z,PROSPECTUS,14,1,,,,
25068,8715700423852,560.0,Heinz,Ketchup menos sal e açucares,Embalagem de 560g,3.24,5.79,0,kg,€/Kg,,,https://driveimg1.intermarche.com/pt/Content/images/boitmal/produit/zoom/643B7D3C7E6184C42BB65F3C1C4B7F40.jpg,,,,2025-12-31T23:59:59Z,PROSPECTUS,14,1,,,,
2589,7622300281182,154.0,Oreo,"Bolachas, tubo, embalagem de 150g",,1.49,9.68,0,kg,€/Kg,,,https://driveimg1.intermarche.com/pt/Content/images/boitmal/produit/zoom/46D952192D83520413CC02FFD2B835D0.jpg,,,,2025-12-31T23:59:59Z,PROSPECTUS,14,1,,,,
2748,8410063044521,200.0,Pescanova,"Miolo de Camarão Cozido 40/60 Ultracongelado, emb. 200 gr",,6.39,31.95,0,kg,€/Kg,,Tipo de stockagem,https://driveimg1.intermarche.com/pt/Content/images/boitmal/produit/zoom/D50FF0C33F27025B364B2A0F02EC1F36.jpg,,,,2025-12-31T23:59:59Z,PROSPECTUS,14,1,,,,
2753,8410066113484,400.0,Heinz,Maionese de cebola e alho 400 ml,,2.89,7.23,400,L,€/L,,,https://driveimg1.intermarche.com/pt/Content/images/boitmal/produit/zoom/CB59DADB624294DBACBA357544AFD162.jpg,,,,2025-12-31T23:59:59Z,PROSPECTUS,14,1,,,,
27713,5604260281237,250.0,Porsi Programa Origens,Caldo Verde 250 G,1 Embalagem,0.99,3.96,0,kg,€/Kg,,,https://driveimg1.intermarche.com/pt/Content/images/boitmal/produit/zoom/2F605C6093C10332FD3D8A8E032FB106.jpg,,,,2025-12-31T23:59:59Z,PROSPECTUS,14,1,,,,
29313,8710552260594,500.0,Calgon,"Anticalcário paramáquina roupa em pó, embalagem de 500g",,6.99,13.98,0,kg,€/Kg,,,https://driveimg1.intermarche.com/pt/Content/images/boitmal/produit/zoom/3E718FA9AB627D41193B01D91DE49D1F.jpg,,,,2025-12-31T23:59:59Z,PROSPECTUS,14,1,,,,
319,8414100301141,1000.0,Schweppes,"Água Tónica, emb. 1 lt",Embalagem de 1 l,1.65,1.65,1000,L,€/L,,,https://driveimg1.intermarche.com/pt/Content/images/boitmal/produit/zoom/2AAFBB7AE67B2030674C90B3750F7A2E.jpg,,,,2025-12-31T23:59:59Z,PROSPECTUS,14,1,,,,
35888,5601151973752,3500.0,Sumol,"Refrigerante com gás de ananás, 2 x 1.75 l",,2.84,0.81,3500,L,€/L,,,https://driveimg1.intermarche.com/pt/Content/images/boitmal/produit/zoom/088D8DA34921F50F39B725B4135D000A.jpg,,,,2025-12-31T23:59:59Z,PROSPECTUS,14,2,,,,
36728,5604260294343,1000.0,PorSi,Arroz Carolino 1000g,,1.15,1.15,0,kg,€/Kg,,,https://driveimg1.intermarche.com/pt/Content/images/boitmal/produit/zoom/E73547DEDC8C241F694472535154DB1E.jpg,,,,2025-12-31T23:59:59Z,PROSPECTUS,14,2,,,,
37574,8717163836835,2000.0,Lipton,"Ice tea de pêssego sem açúcar, garrafa de 2l",,1.99,1.0,2000,L,€/L,,,https://driveimg1.intermarche.com/pt/Content/images/boitmal/produit/zoom/B0D164F35BECC5A6CA9E515D71ED323C.jpg,,,,2025-12-31T23:59:59Z,PROSPECTUS,14,2,,,,
392,8712566173860,68.0,Knorr,"Canja com aletria, embalagem de 70g",,1.6,23.53,0,kg,€/Kg,,,https://driveimg1.intermarche.com/pt/Content/images/boitmal/produit/zoom/0FDE190C3180267DE92D355FE905E718.jpg,,,,2025-12-31T23:59:59Z,PROSPECTUS,14,2,,,,
40348,8410076481597,185.0,Old El Paso,"Nachips, 185g",,2.19,11.84,0,kg,€/Kg,,,https://driveimg1.intermarche.com/pt/Content/images/boitmal/produit/zoom/5D0BB0FFEBC832CC2B7352D32F3DE088.jpg,,,,2025-12-31T23:59:59Z,PROSPECTUS,14,2,,,,
40592,5603722519420,480.0,Mimosa,"Iogurte fruta batida banana, laranja e bolacha, 4 x 120 g",,1.69,3.52,0,kg,€/Kg,,,https://driveimg1.intermarche.com/pt/Content/images/boitmal/produit/zoom/3DD4F4ED13036BE4F0A8D47DB404A192.jpg,,,,2025-12-31T23:59:59Z,PROSPECTUS,14,2,,,,
41128,5604260303212,180.0,PorSi Select,Batatas Fritas Palha Finíssima 180g,,1.59,8.83,0,kg,€/Kg,,,https://driveimg1.intermarche.com/pt/Content/images/boitmal/produit/zoom/812AC943F9D2E6012814FABECADD39D4.jpg,,,,2025-12-31T23:59:59Z,PROSPECTUS,14,2,,,,
41719,5604260303793,90.0,PorSi,Puré de Fruta Maçã Banana 90g,,0.67,7.44,0,kg,€/Kg,,,https://driveimg1.intermarche.com/pt/Content/images/boitmal/produit/zoom/2E481D69677BD2CA4465286377A9A6E3.jpg,,,,2025-12-31T23:59:59Z,PROSPECTUS,14,2,,,,
41720,5604260303786,90.0,PorSi,Puré de Fruta Maçã Banana e Morango 90g,,0.67,7.44,0,kg,€/Kg,,,https://driveimg1.intermarche.com/pt/Content/images/boitmal/produit/zoom/EB59B6CAE9A8CD6FFFC194AC89C34DBC.jpg,,,,2025-12-31T23:59:59Z,PROSPECTUS,14,2,,,,
42576,5604260304615,200.0,PorSi,Molho Béchamel 200ml,,0.89,4.45,200,L,€/L,,,https://driveimg1.intermarche.com/pt/Content/images/boitmal/produit/zoom/6EB95311E9A7982125D3313FC46AEA69.jpg,https://driveimg1.intermarche.com/pt/Content/images/boitmal/produit/zoom/873E688259483F162720EC00DE7C700F.jpg,https://driveimg1.intermarche.com/pt/Content/images/boitmal/produit/zoom/873E688259483F162720EC00DE7C700F.jpg,https://driveimg1.intermarche.com/pt/Content/images/boitmal/produit/zoom/873E688259483F162720EC00DE7C700F.jpg,2025-12-31T23:59:59Z,PROSPECTUS,14,2,https://driveimg1.intermarche.com/pt/Content/images/boitmal/produit/zoom/873E688259483F162720EC00DE7C700F.jpg,,,
44701,5053990156009,175.0,Pringles,"Snacks Batata Original, emb. 175 gr",,1.99,11.37,0,kg,€/Kg,,,https://driveimg1.intermarche.com/pt/Content/images/boitmal/produit/zoom/BE87AADF1BA674A5818FDF008937F90A.jpg,https://driveimg1.intermarche.com/pt/Content/images/boitmal/produit/zoom/843E1395B62C4B40E91467CF90852642.jpg,https://driveimg1.intermarche.com/pt/Content/images/boitmal/produit/zoom/843E1395B62C4B40E91467CF90852642.jpg,https://driveimg1.intermarche.com/pt/Content/images/boitmal/produit/zoom/843E1395B62C4B40E91467CF90852642.jpg,2025-12-31T23:59:59Z,PROSPECTUS,14,2,,,,
4484,4002448003533,,Calgon,"Anti calcário para máquina de roupa, embalagem de 15 pastilhas",,6.99,6.99,15,,€/Unidade,,,https://driveimg1.intermarche.com/pt/Content/images/boitmal/produit/zoom/A44E08731433528E1B37AF8859C05AB4.jpg,,,,2025-12-31T23:59:59Z,PROSPECTUS,14,2,,,,
4687,5000116105212,375.0,Iglo,"Ervilhas, embalagem de 375g",,1.89,5.04,0,kg,€/Kg,,Tipo de stockagem,https://driveimg1.intermarche.com/pt/Content/images/boitmal/produit/zoom/6C528FEBBEDC5462386A3AB117EEBFD4.jpg,,,,2025-12-31T23:59:59Z,PROSPECTUS,14,2,,,,
47653,8414100306559,330.0,Schweppes,"Ginger ale, lata 33 cl",,0.72,2.18,330,L,€/L,,,https://driveimg1.intermarche.com/pt/Content/images/boitmal/produit/zoom/AF2113C89BE09A44CC79705B477BE6A0.jpg,,,,2025-12-31T23:59:59Z,PROSPECTUS,14,2,,,,
48650,5000116126798,533.0,Iglo,"Brócolos, embalagem de 533g",,2.99,5.61,0,kg,€/Kg,,Tipo de stockagem,https://driveimg1.intermarche.com/pt/Content/images/boitmal/produit/zoom/76CD423231FBCBDAF8A979F66D7E1329.jpg,,,,2025-12-31T23:59:59Z,PROSPECTUS,14,2,,,,
50458,5603722521003,160.0,Mimosa,"Manteiga com sal, 160g",,2.24,14.0,0,kg,€/Kg,,,https://driveimg1.intermarche.com/pt/Content/images/boitmal/produit/zoom/09C6645B0E41FE4C659D6FBAFCE3C138.jpg,,,,2025-12-31T23:59:59Z,PROSPECTUS,14,2,,,,
50949,8410104898298,750.0,Vanish,"Tira nódoas spray desengordurante, 750 ml",,4.49,5.99,750,L,€/L,,,https://driveimg1.intermarche.com/pt/Content/images/boitmal/produit/zoom/30BFC1FBF59084C87DB41E232C17BF7C.jpg,,,,2025-12-31T23:59:59Z,PROSPECTUS,14,2,,,,
53044,8720181368769,4320.0,Omo,"Detergente roupa máquina líquido, 96 doses",,8.99,2.08,4320,L,€/L,,,https://driveimg1.intermarche.com/pt/Content/images/boitmal/produit/zoom/30BA46CDC8291B3E0F7206BAD1197FAE.jpg,,,,2025-12-31T23:59:59Z,PROSPECTUS,14,2,,,,
54646,8720181542121,,Skip,"Detergente Máquina Roupa Líquido Active Clean, 100D",,15.99,15.99,0,,€/Unidade,,,https://driveimg1.intermarche.com/pt/Content/images/boitmal/produit/zoom/D3E9B1DE5F09D8B3FD221502F3C133F1.jpg,,,,2025-12-31T23:59:59Z,PROSPECTUS,14,2,,,,
54795,5603722521225,604.0,Mimosa,"Iogurte magro liquido morango, 4x151 ml",,1.54,2.55,604,L,€/L,,,https://driveimg1.intermarche.com/pt/Content/images/boitmal/produit/zoom/075603ECF4916B645B9AA45146480552.jpg,,,,2025-12-31T23:59:59Z,PROSPECTUS,14,2,,,,
54806,5603722521232,604.0,Mimosa,"Iogurte magro liquido ananás, 4x151ml",,1.54,2.55,604,L,€/L,,,https://driveimg1.intermarche.com/pt/Content/images/boitmal/produit/zoom/D981284783DF4A8CA45CC5B90BEC5E71.jpg,,,,2025-12-31T23:59:59Z,PROSPECTUS,14,2,,,,
54842,8720181536984,,Skip,"Detergente Máquina Roupa Líquido Ciclos Curtos Cuidado Express, 54D",,9.99,9.99,0,,€/Unidade,,,https://driveimg1.intermarche.com/pt/Content/images/boitmal/produit/zoom/8D3D6F071A231FE643F904F474F5FD89.jpg,,,,2025-12-31T23:59:59Z,PROSPECTUS,14,2,,,,
55538,8711327629028,2000.0,Lipton,"Ice Tea Manga, 2L",,1.99,1.0,2000,L,€/L,,,https://driveimg1.intermarche.com/pt/Content/images/boitmal/produit/zoom/EE658F311958138E137C06A1B588782D.jpg,,,,2025-12-31T23:59:59Z,PROSPECTUS,14,2,,,,
56252,5604260337453,150.0,PorSi,Batatas Fritas Onduladas com Sabor a Molho de Leitão,,1.49,9.93,0,kg,€/Kg,,,https://driveimg1.intermarche.com/pt/Content/images/boitmal/produit/zoom/15E70907D69BEAF1DED2C70D6C1B1593.jpg,,,,2025-12-31T23:59:59Z,PROSPECTUS,14,2,,,,
56695,5604260334858,4300.0,PorSi,Detergente Máquina Roupa Colónia 86d,,6.19,1.44,4300,L,€/L,,,https://driveimg1.intermarche.com/pt/Content/images/boitmal/produit/zoom/ED8D49E6A36E2B5C10BDE598D182FF11.jpg,,,,2025-12-31T23:59:59Z,PROSPECTUS,14,2,,,,
6205,8001480020450,2000.0,Neoblanc,Lixívia Denso-Activa Harmonias Florais p/ Casa e Roupa,Embalagem de 2 l,2.99,1.5,2000,L,€/L,,,https://driveimg1.intermarche.com/pt/Content/images/boitmal/produit/zoom/C3481E94CAB9959473CAD676E85F2973.jpg,,,,2025-12-31T23:59:59Z,PROSPECTUS,14,2,,,,
638,3250390207481,150.0,Bouton D'or,Pistácios Torrados Salgados 150g,Embalagem de 150g,2.07,13.8,0,kg,€/Kg,,,https://driveimg1.intermarche.com/pt/Content/images/boitmal/produit/zoom/5779B2DB338F1A6B8B46C20197F52833.jpg,,,,2025-12-31T23:59:59Z,PROSPECTUS,14,2,,,,
6460,8410436216777,53.0,Sonasol,Bloco Sanitário Poder Activo Floral,Embalagem de 50 g,1.98,37.36,0,kg,€/Kg,,,https://driveimg1.intermarche.com/pt/Content/images/boitmal/produit/zoom/428A90D17C72E1CEA455915A18AE3510.jpg,,,,2025-12-31T23:59:59Z,PROSPECTUS,14,2,,,,
6988,0000056090017,100.0,Eru,Queijo creme real,Embalagem de 100 g,1.38,13.8,0,kg,€/Kg,,,https://driveimg1.intermarche.com/pt/Content/images/boitmal/produit/zoom/903838029622B2F4259D8E514B009979.jpg,,,,2025-12-31T23:59:59Z,PROSPECTUS,14,2,,,,
6992,0000056090864,100.0,Eru,Queijo creme light,Embalagem de 100 g,1.38,13.8,0,kg,€/Kg,,,https://driveimg1.intermarche.com/pt/Content/images/boitmal/produit/zoom/7AF7CD5AB1E6FD4B4EE6ADE4EE7D3004.jpg,,,,2025-12-31T23:59:59Z,PROSPECTUS,14,2,,,,
6993,0000056091151,100.0,Eru,"Queijo creme, presunto",Embalagem de 100 g,1.38,13.8,0,kg,€/Kg,,,https://driveimg1.intermarche.com/pt/Content/images/boitmal/produit/zoom/18F3A18A3116B3716EC2E65028430488.jpg,,,,2025-12-31T23:59:59Z,PROSPECTUS,14,2,,,,
8521,5601119956810,120.0,Nobre,"Fiambre perna extra fatiado, embalagem de 120g",,1.99,16.58,0,kg,€/Kg,,,https://driveimg1.intermarche.com/pt/Content/images/boitmal/produit/zoom/B962872D940BF7EEEBDD095332A56017.jpg,,,,2025-12-31T23:59:59Z,PROSPECTUS,14,2,,,,
8670,5601164900004,6000.0,Carlsberg,"Cerveja com Álcool, emb. 24 x 25 cl",,12.99,2.17,6000,L,€/L,,,https://driveimg1.intermarche.com/pt/Content/images/boitmal/produit/zoom/974095AD2AA090B34BBE60CDC13FDA25.jpg,,,,2025-12-31T23:59:59Z,PROSPECTUS,14,2,,,,
8801,5601244201960,350.0,Terra Nostra,"Queijo flamengo, bola quartos, embalagem de 350g",,3.49,9.97,0,kg,€/Kg,,,https://driveimg1.intermarche.com/pt/Content/images/boitmal/produit/zoom/6383E3291BF534B2B32E49FC441DAF9D.jpg,,,,2025-12-31T23:59:59Z,PROSPECTUS,14,2,,,,
9012,5601531101119,750.0,Muralhas,"Vinho verde alvarinho trajadura branco, garrafa de 750 ml",,3.74,4.99,750,L,€/L,,,https://driveimg1.intermarche.com/pt/Content/images/boitmal/produit/zoom/7365479DE84D61DF4FED74F10B0D972D.jpg,,,,2025-12-31T23:59:59Z,PROSPECTUS,14,2,,,,
924,5601001120503,370.0,Nestlé,"Leite condensado, embalagem de 370g",,1.99,5.38,0,kg,€/Kg,,,https://driveimg1.intermarche.com/pt/Content/images/boitmal/produit/zoom/FBAB8756051E4890009C5246CFA3D443.jpg,,,,2025-12-31T23:59:59Z,PROSPECTUS,14,2,,,,
9311,5603722502064,250.0,Mimosa,"Manteiga fácil de barrar, embalagem de 250g",,2.24,8.96,0,kg,€/Kg,,,https://driveimg1.intermarche.com/pt/Content/images/boitmal/produit/zoom/FEF75CFD36A5CE8709DF5D4930F11917.jpg,https://driveimg1.intermarche.com/pt/Content/images/boitmal/produit/zoom/A8C47E9F1F12DFE2439D3530C38E2D87.jpg,https://driveimg1.intermarche.com/pt/Content/images/boitmal/produit/zoom/2EE410FD3A0147BBB442FA96902FFF46.jpg,,2025-12-31T23:59:59Z,PROSPECTUS,14,2,,,,
9621,5604260264766,150.0,PorSi,Batatas Fritas em Azeite 150g,,1.45,9.67,0,kg,€/Kg,,,https://driveimg1.intermarche.com/pt/Content/images/boitmal/produit/zoom/6D03FBEB7A98191F27E0B9F42498BD17.jpg,,,,2025-12-31T23:59:59Z,PROSPECTUS,14,2,,,,
972,5601024030056,750.0,Oliveira da Serra,"Azeite extra virgem, azeitonas verdes, garrafa de 750 ml",,5.89,7.85,750,L,€/L,,,https://driveimg1.intermarche.com/pt/Content/images/boitmal/produit/zoom/2775848F23153ACAF6624BDC341B21AA.jpg,,,,2025-12-31T23:59:59Z,PROSPECTUS,14,2,,,,
989,5601029004014,120.0,Bom Petisco,"Atum posta em óleo, embalagem de 120g",,1.29,10.75,0,kg,€/Kg,,,https://driveimg1.intermarche.com/pt/Content/images/boitmal/produit/zoom/0EDE399096BE62933DCF2A734D746C1A.jpg,,,,2025-12-31T23:59:59Z,PROSPECTUS,14,2,,,,
10065,8410063044606,255.0,Pescanova,"Delícias do Mar em Forma de Lagosta Ultracongeladas, emb. 255 gr",,2.19,8.59,0,kg,€/Kg,,Tipo de stockagem,https://driveimg1.intermarche.com/pt/Content/images/boitmal/produit/zoom/AE290AE6F57FE3D6649376D93272D7F4.jpg,,,,2025-12-31T23:59:59Z,PROSPECTUS,14,2,,,,
10094,8435257040776,640.0,Nestlé,"Iogurte líquido yoggi banana, embalagem de 4 x 160 g",,1.99,3.11,0,kg,€/Kg,,,https://driveimg1.intermarche.com/pt/Content/images/boitmal/produit/zoom/6885FCEF2FEF4752D565E64A3BDEE242.jpg,,,,2025-12-31T23:59:59Z,PROSPECTUS,14,2,,,,
10095,8435257040899,640.0,Nestlé,"Iogurte líquido yoggi morango, embalagem de 4 x 160g",,1.99,3.11,0,kg,€/Kg,,,https://driveimg1.intermarche.com/pt/Content/images/boitmal/produit/zoom/BCBB1C4518CDF8045B46EB41CD173E54.jpg,,,,2025-12-31T23:59:59Z,PROSPECTUS,14,2,,,,
10463,5604260324163,250.0,PorSi,Gel Íntimo,Embalagem de 250 ml,1.99,7.96,250,L,€/L,,,https://driveimg1.intermarche.com/pt/Content/images/boitmal/produit/zoom/B588051D80FCE942C70A87697EAC487E.jpg,,,,2025-12-31T23:59:59Z,PROSPECTUS,14,2,,,,
10512,8435250439577,232.0,Nestlé,"Iogurte Mix-In Cereais Nesquik Infantil, emb. 232 gr (2 x 116 gr)",,2.19,9.44,0,kg,€/Kg,,,https://driveimg1.intermarche.com/pt/Content/images/boitmal/produit/zoom/6C2207480393D760FBF1824B2B4CD877.jpg,,,,2025-12-31T23:59:59Z,PROSPECTUS,14,2,,,,
10884,3147690051206,700.0,Label 5,Whisky blended,"Garrafa de 0,70 l",11.99,17.13,700,L,€/L,,,https://driveimg1.intermarche.com/pt/Content/images/boitmal/produit/zoom/C08CAF9ADA1BDE594E3803CD3B274AB6.jpg,,,,2025-12-31T23:59:59Z,PROSPECTUS,14,2,,,,
1136,5601082022765,250.0,Delta,"Café Moído Torrado para Saco Lote Chávena Int 12, emb. 250 gr",Embalagem de 250g,3.99,15.96,0,kg,€/Kg,,,https://driveimg1.intermarche.com/pt/Content/images/boitmal/produit/zoom/7F2116263816AF75A6AD47598CE14D0D.jpg,,,,2025-12-31T23:59:59Z,PROSPECTUS,14,2,,,,
11501,5601049612084,125.0,Mimosa,"Manteiga com sal, embalagem de 130g",,1.39,11.12,0,kg,€/Kg,,,https://driveimg1.intermarche.com/pt/Content/images/boitmal/produit/zoom/C0A3DF0B7623AAEE8B7C1B9626AECDDA.jpg,https://driveimg1.intermarche.com/pt/Content/images/boitmal/produit/zoom/1207D37BB442FDD5C918BE023189F00C.jpg,,,2025-12-31T23:59:59Z,PROSPECTUS,14,2,,,,
11650,5601192201104,200.0,Agros,Nata uht 200 ml,,0.89,4.45,200,L,€/L,,,https://driveimg1.intermarche.com/pt/Content/images/boitmal/produit/zoom/478AC7EFE77B8590BBD8EF6C88C17807.jpg,,,,2025-12-31T23:59:59Z,PROSPECTUS,14,2,,,,
11656,5601195510128,1000.0,Pedras Salgadas,"Água com gás limão, pack 4 x 0.25 l",,2.19,2.19,1000,L,€/L,,,https://driveimg1.intermarche.com/pt/Content/images/boitmal/produit/zoom/B17C3B681260FB1EF3C3D602C2A48DB7.jpg,,,,2025-12-31T23:59:59Z,PROSPECTUS,14,2,,,,
11672,5601217126399,1650.0,Woolite,Detergente líquido p/ máquina lavar roupa cores escuras,"Garrafa de 1,65 l",6.99,4.24,1650,L,€/L,,,https://driveimg1.intermarche.com/pt/Content/images/boitmal/produit/zoom/FC5980949C1223101DAEB813C8710D22.jpg,,,,2025-12-31T23:59:59Z,PROSPECTUS,14,2,,,,
1196,5601119942608,200.0,Nobre,"Salsichas de Aves Lata 8 un, emb. 200 gr",,1.39,6.95,0,kg,€/Kg,,,https://driveimg1.intermarche.com/pt/Content/images/boitmal/produit/zoom/C3D289F4C441D4785985F7C225CA4543.jpg,,,,2025-12-31T23:59:59Z,PROSPECTUS,14,2,,,,
1224,5601146000104,1000.0,Sagres,"Cerveja com álcool, garrafa de 1l",,1.79,1.79,1000,L,€/L,,,https://driveimg1.intermarche.com/pt/Content/images/boitmal/produit/zoom/B73052CDDDC1D5B2607AF6499F6FC79B.jpg,,,,2025-12-31T23:59:59Z,PROSPECTUS,14,2,,,,
1225,5601146000319,500.0,Sagres,"Cerveja com Álcool, lata 50 cl",,0.85,1.7,500,L,€/L,,,https://driveimg1.intermarche.com/pt/Content/images/boitmal/produit/zoom/B1B5F95DEB5BC6A9F4E736C209DD9550.jpg,,,,2025-12-31T23:59:59Z,PROSPECTUS,14,2,,,,
12449,8416400906132,128.0,Halls,"Rebuçados de Eucalipto sem Açúcar, Pack 4 x 32 g",,1.99,15.55,0,kg,€/Kg,,,https://driveimg1.intermarche.com/pt/Content/images/boitmal/produit/zoom/DF00187CA827E016CD77FE34A43CDD61.jpg,,,,2025-12-31T23:59:59Z,PROSPECTUS,14,2,,,,
1270,5601151023150,500.0,Compal,"Polpa de tomate com cebola e alho, embalagem de 500g",,1.49,2.98,0,kg,€/Kg,,,https://driveimg1.intermarche.com/pt/Content/images/boitmal/produit/zoom/195ABA90C0C8B2FE1D9EE0202B59D28C.jpg,,,,2025-12-31T23:59:59Z,PROSPECTUS,14,2,,,,
13201,2893186000000,800.0,Peixaria,Pargo Mulato, 1un = 800 gr (aprox.),5.59,6.99,0,,€/Kg,,,https://driveimg1.intermarche.com/pt/Content/images/boitmal/produit/zoom/11C32BE0B2CE482787FEFB1794945225.jpg,,,,2025-12-31T23:59:59Z,PROSPECTUS,14,2,,,,
1326,5601164113701,500.0,Super Bock,"Cerveja com álcool, lata, garrafa de 500 ml",,0.85,1.7,500,L,€/L,,,https://driveimg1.intermarche.com/pt/Content/images/boitmal/produit/zoom/0AB2770B97F8A4B3E443129A7F4E33FA.jpg,,,,2025-12-31T23:59:59Z,PROSPECTUS,14,2,,,,
1327,5601164115606,1000.0,Super Bock,"Cerveja com Álcool, garrafa 1 lt",,1.79,1.79,1000,L,€/L,,,https://driveimg1.intermarche.com/pt/Content/images/boitmal/produit/zoom/73F2D859CCD8D2800F2C691289AD7AE3.jpg,,,,2025-12-31T23:59:59Z,PROSPECTUS,14,2,,,,
1332,5601165006279,258.0,Calvé,Molho de whisky cocktail 250 ml,,1.79,6.94,0,kg,€/Kg,,,https://driveimg1.intermarche.com/pt/Content/images/boitmal/produit/zoom/C7155C8CF8BA05234BDEE31CA7C70EBB.jpg,https://driveimg1.intermarche.com/pt/Content/images/boitmal/produit/zoom/6A3EC69CF4C27CD9078CE26776992F21.jpg,https://driveimg1.intermarche.com/pt/Content/images/boitmal/produit/zoom/6A3EC69CF4C27CD9078CE26776992F21.jpg,https://driveimg1.intermarche.com/pt/Content/images/boitmal/produit/zoom/6A3EC69CF4C27CD9078CE26776992F21.jpg,2025-12-31T23:59:59Z,PROSPECTUS,14,2,,,,
13511,2893503000000,500.0,Nossa Seleção,Camarão Tigre Congelado 20/30,,6.0,11.99,0,,€/Kg,,Avantages !,https://driveimg1.intermarche.com/pt/Content/images/boitmal/produit/zoom/1AB7522A797A777AAC7B006F84F3F7FF.jpg,,,,2025-12-31T23:59:59Z,PROSPECTUS,14,2,,,,
13567,2893562000000,250.0,Marisco,Ameijoa Castanha Vietnamita Congelada,vendido ao peso a partir de 250 g,0.75,2.99,0,,€/Kg,,Avantages !,https://driveimg1.intermarche.com/pt/Content/images/boitmal/produit/zoom/33CC3279E2741F227440A7AFDC3AEEF9.jpg,,,,2025-12-31T23:59:59Z,PROSPECTUS,14,2,,,,
13602,2893597000000,500.0,Peixaria,Pescada Média Argentina Congelada,+ de 500 g,2.45,4.89,0,,€/Kg,,Avantages !,https://driveimg1.intermarche.com/pt/Content/images/boitmal/produit/zoom/0D3A6A42D4C22CDA932A00A286926BF6.jpg,,,,2025-12-31T23:59:59Z,PROSPECTUS,14,2,,,,
1438,5601260047108,1000.0,Saludães,Arroz agulha,Embalagem de 1kg,1.35,1.35,0,kg,€/Kg,,,https://driveimg1.intermarche.com/pt/Content/images/boitmal/produit/zoom/B47152EFC4F603CBADD3130829B29F08.jpg,,,,2025-12-31T23:59:59Z,PROSPECTUS,14,2,,,,
1459,5601286221780,500.0,Milaneza,"Massa de cotovelos finos, embalagem de 500g",,1.04,2.08,0,kg,€/Kg,,,https://driveimg1.intermarche.com/pt/Content/images/boitmal/produit/zoom/34E88CB07300F13C23DF7BCC4E861747.jpg,,,,2025-12-31T23:59:59Z,PROSPECTUS,14,2,,,,
1463,5601286232779,250.0,Milaneza,"Massa pevide, embalagem de 250g",,0.61,2.44,0,kg,€/Kg,,,https://driveimg1.intermarche.com/pt/Content/images/boitmal/produit/zoom/7FABF67C8683DAD5B618F045601E14A4.jpg,,,,2025-12-31T23:59:59Z,PROSPECTUS,14,2,,,,
14854,2891117000000,2350.0,PorSi,Pato inteiro com miúdos,1 un = 2.250 kg (aprox.),9.38,3.99,0,,€/Kg,,,https://driveimg1.intermarche.com/pt/Content/images/boitmal/produit/zoom/E5F2031D60089F4C13D404725928D593.jpg,,,,2025-12-31T23:59:59Z,PROSPECTUS,14,2,,,,
1512,5601383029128,250.0,Izidoro,"Salsichas aves, frasco com 5 unidad",Embalagem de 250g,1.98,7.92,0,kg,€/Kg,,,https://driveimg1.intermarche.com/pt/Content/images/boitmal/produit/zoom/D6BD3A6096F982A2C1401CEF6014CDF6.jpg,,,,2025-12-31T23:59:59Z,PROSPECTUS,14,2,,,,
1539,5601489135150,500.0,Du Bois de la Roche,"Bolachas Crackers com Sal, emb. 500 gr (20 un.)",,2.99,5.98,0,kg,€/Kg,,,https://driveimg1.intermarche.com/pt/Content/images/boitmal/produit/zoom/F0B5FA8856EDB5A939AB82442E09EFE5.jpg,,,,2025-12-31T23:59:59Z,PROSPECTUS,14,2,,,,
15980,5601119244368,210.0,Nobre,"Salsichas de Peru Cuida-t+ Frasco 4 un sem Glúten, frasco 210 gr",,2.55,12.14,0,kg,€/Kg,,,https://driveimg1.intermarche.com/pt/Content/images/boitmal/produit/zoom/CFAE20131139C70D365FB7E596D49C5A.jpg,,,,2025-12-31T23:59:59Z,PROSPECTUS,14,2,,,,
15981,5601119244375,210.0,Nobre,"Salsichas de Frango Cuida-t+ Frasco 4 un, emb. 210 gr",,2.55,12.14,0,kg,€/Kg,,,https://driveimg1.intermarche.com/pt/Content/images/boitmal/produit/zoom/FF112EFB90E4953B2240BF7E131FD2C0.jpg,,,,2025-12-31T23:59:59Z,PROSPECTUS,14,2,,,,
1611,5601736901293,250.0,Mar Ibérica,"Cubos de Tamboril, emb. 250 gr",Embalagem de 250 g,3.39,13.56,0,kg,€/Kg,,Tipo de stockagem,https://driveimg1.intermarche.com/pt/Content/images/boitmal/produit/zoom/B7F6A60B0D063C4286B9079B713072D6.jpg,,,,2025-12-31T23:59:59Z,PROSPECTUS,14,2,,,,
16565,5060166690380,500.0,Monster,"Bebida Energética Energy Green, emb. 50 cl",,1.39,2.78,500,L,€/L,,,https://driveimg1.intermarche.com/pt/Content/images/boitmal/produit/zoom/0007D6DA22B3DA6620347D4A495B2B12.jpg,,,,2025-12-31T23:59:59Z,PROSPECTUS,14,2,,,,
16695,7622210480002,154.0,Oreo,Bolacha golden,Embalagem de 154 g,1.49,9.68,0,kg,€/Kg,,,https://driveimg1.intermarche.com/pt/Content/images/boitmal/produit/zoom/838CC6F368FD2767C7E228B5A889ABC3.jpg,,,,2025-12-31T23:59:59Z,PROSPECTUS,14,2,,,,
17114,5000116110148,320.0,Capitão Iglo,"4 hamburguers vaca sem glúten, embalagem de 320g",,4.49,14.03,0,kg,€/Kg,,Tipo de stockagem,https://driveimg1.intermarche.com/pt/Content/images/boitmal/produit/zoom/F31F98EC751272F860D1F790EE53DF35.jpg,,,,2025-12-31T23:59:59Z,PROSPECTUS,14,2,,,,
17174,2891285000000,1000.0,Novilho,Costeletão,Vendido ao peso a partir de 1 kg,11.99,11.99,0,,€/Kg,,,https://driveimg1.intermarche.com/pt/Content/images/boitmal/produit/zoom/3119B572BBCB66D5B0D8D4234718B722.jpg,,,,2025-12-31T23:59:59Z,PROSPECTUS,14,2,,,,
17598,8410063027388,200.0,Pescanova,"Miolo de Camarão Grande 40/60 Ultracongelado, emb. 200 gr",,4.59,22.95,0,kg,€/Kg,,Tipo de stockagem,https://driveimg1.intermarche.com/pt/Content/images/boitmal/produit/zoom/0C1F59B1F980C278906E3C4AADA0A2F0.jpg,,,,2025-12-31T23:59:59Z,PROSPECTUS,14,2,,,,
17827,5603344531022,110.0,General,Atum posta em óleo,Embalagem de 110g,1.89,17.18,0,kg,€/Kg,,,https://driveimg1.intermarche.com/pt/Content/images/boitmal/produit/zoom/6CF8780AD6CFF5E4D2703538338330A5.jpg,,,,2025-12-31T23:59:59Z,PROSPECTUS,14,2,,,,
17893,5601082039817,220.0,Delta Q,Café xl qharacter cápsulas,40 Cápsulas,15.99,72.68,0,kg,€/Kg,,,https://driveimg1.intermarche.com/pt/Content/images/boitmal/produit/zoom/A33D46B8BEAE0A6886B2052A87431B6E.jpg,,,,2025-12-31T23:59:59Z,PROSPECTUS,14,2,,,,
19203,5000116110407,240.0,Capitão Iglo,"4 hamburguers frango sem glúten, embalagem de 240g",,4.49,18.71,0,kg,€/Kg,,Tipo de stockagem,https://driveimg1.intermarche.com/pt/Content/images/boitmal/produit/zoom/DBCAABB905B293E30250F00FBA9411C4.jpg,,,,2025-12-31T23:59:59Z,PROSPECTUS,14,2,,,,
19702,4008429059278,60.0,Catisfactions,"Snack para gato de galinha e pato, embalagem de 60g",,1.69,28.17,0,kg,€/Kg,,,https://driveimg1.intermarche.com/pt/Content/images/boitmal/produit/zoom/5ED7681CBE5EE32EEFB9EC4EB630A10B.jpg,,,,2025-12-31T23:59:59Z,PROSPECTUS,14,2,,,,
20233,8410436275798,50.0,Sonasol,"Bloco sanitário, Blue Active Floral",Embalagem de 50 g,1.98,39.6,0,kg,€/Kg,,,https://driveimg1.intermarche.com/pt/Content/images/boitmal/produit/zoom/DC5810AD157B74D3DE9D316FD35B4F6E.jpg,,,,2025-12-31T23:59:59Z,PROSPECTUS,14,2,,,,
20936,5606293015025,150.0,Vitacress,"Espinafres, embalagem de 150g",,1.49,9.93,0,kg,€/Kg,,,https://driveimg1.intermarche.com/pt/Content/images/boitmal/produit/zoom/921778280BBA70A0BD92D93C5FCAA42A.jpg,,,,2025-12-31T23:59:59Z,PROSPECTUS,14,2,,,,
21442,5600744051051,198.0,Saborosa,"Bolacha de manteiga belga com chocolate branco, embalagem de 198 g",,1.69,8.54,0,kg,€/Kg,,,https://driveimg1.intermarche.com/pt/Content/images/boitmal/produit/zoom/95634BC2CC50F334D4F0AE7BB19F8AC6.jpg,,,,2025-12-31T23:59:59Z,PROSPECTUS,14,2,,,,
2268,5604260269952,250.0,PorSi,Gressinos com Azeitona Preta 250g,,1.99,7.96,0,kg,€/Kg,,,https://driveimg1.intermarche.com/pt/Content/images/boitmal/produit/zoom/A043D7E90AA990A3052B9B47E82507F9.jpg,,,,2025-12-31T23:59:59Z,PROSPECTUS,14,2,,,,
22840,7613035268388,125.0,Nestlé,"Tablete de Chocolate de Leite Extrafino sem Glúten, emb. 125 gr",,2.19,17.52,0,kg,€/Kg,,,https://driveimg1.intermarche.com/pt/Content/images/boitmal/produit/zoom/AA1F9149962828BE7A13B8577DE5A654.jpg,,,,2025-12-31T23:59:59Z,PROSPECTUS,14,2,,,,
2415,5609060006608,100.0,Delta,Café solúvel c/ cafeína,Embalagem de 100g,3.69,36.9,0,kg,€/Kg,,,https://driveimg1.intermarche.com/pt/Content/images/boitmal/produit/zoom/23018616506690E6539F7D3E3843D149.jpg,,,,2025-12-31T23:59:59Z,PROSPECTUS,14,2,,,,
24414,8410436297691,1300.0,Sonasol,"Lava tudo camomila e flor de laranjeira, 1,3l",,2.24,1.72,1300,L,€/L,,,https://driveimg1.intermarche.com/pt/Content/images/boitmal/produit/zoom/C67C521AD0B096D9F596A17B56363CA4.jpg,,,,2025-12-31T23:59:59Z,PROSPECTUS,14,2,,,,
24838,5601164903722,7500.0,Super Bock,"Cerveja com Álcool Mini, emb. 30 x 25 cl",,14.95,1.99,7500,L,€/L,,,https://driveimg1.intermarche.com/pt/Content/images/boitmal/produit/zoom/F70F225DD8BCAD2EFB4E63DAAFD05BBF.jpg,,,,2025-12-31T23:59:59Z,PROSPECTUS,14,2,,,,
25187,8001090371980,,Evax,Pensos higiénicos liberty noite abas,Embalagem com 9 un.,2.79,2.79,0,,€/Unidade,,,https://driveimg1.intermarche.com/pt/Content/images/boitmal/produit/zoom/A7B851A6C9585B69A4599E34A676A85B.jpg,,,,2025-12-31T23:59:59Z,PROSPECTUS,14,2,,,,
25262,5000116112166,208.0,Capitão Iglo,"10 nuggets de frango, embalagem de 210g",,2.99,14.38,0,kg,€/Kg,,Tipo de stockagem,https://driveimg1.intermarche.com/pt/Content/images/boitmal/produit/zoom/CF1467DF1CD91C352F5C2C303E0557A7.jpg,,,,2025-12-31T23:59:59Z,PROSPECTUS,14,2,,,,
2534,7613034155160,397.0,Nestlé,"Leite condensado cozido, embalagem de 397g",,2.19,5.52,0,kg,€/Kg,,,https://driveimg1.intermarche.com/pt/Content/images/boitmal/produit/zoom/7F1A4CD3925F133CB52FB643A8011E1E.jpg,,,,2025-12-31T23:59:59Z,PROSPECTUS,14,2,,,,
2543,7613034465689,387.0,Nestlé,"Leite condensado magro, embalagem de 390g",,2.09,5.4,0,kg,€/Kg,,,https://driveimg1.intermarche.com/pt/Content/images/boitmal/produit/zoom/550282655C8CD4805DB04276CFECA7D7.jpg,,,,2025-12-31T23:59:59Z,PROSPECTUS,14,2,,,,
2549,7613034717931,200.0,Nestlé,"Tablete de Chocolate Culinária 44%, emb. 200 gr",,2.89,14.45,0,kg,€/Kg,,,https://driveimg1.intermarche.com/pt/Content/images/boitmal/produit/zoom/3B153FC5DBA6E54FFCBD8019E97BAF3D.jpg,,,,2025-12-31T23:59:59Z,PROSPECTUS,14,2,,,,
25539,7613035799837,3000.0,Friskies,Ração para gato esterilizado com peru,Embalagem de 3 kg,8.74,2.91,0,kg,€/Kg,,,https://driveimg1.intermarche.com/pt/Content/images/boitmal/produit/zoom/6753096F838736845D00B1BB9E9BE49E.jpg,,,,2025-12-31T23:59:59Z,PROSPECTUS,14,2,,,,
25735,5000116112173,208.0,Capitão Iglo,"10 nuggets peito de frango e queijo, embalagem de 210g",,3.49,16.78,0,kg,€/Kg,,Tipo de stockagem,https://driveimg1.intermarche.com/pt/Content/images/boitmal/produit/zoom/C51CDDEB144DBFB12E5D153B5560BAD5.jpg,,,,2025-12-31T23:59:59Z,PROSPECTUS,14,2,,,,
2603,7622300631574,100.0,Milka,"Tablete de chocolate, embalagem de 100g",,1.99,19.9,0,kg,€/Kg,,,https://driveimg1.intermarche.com/pt/Content/images/boitmal/produit/zoom/E3F38363C2A3F262A9AF1A2E55D5BF55.jpg,,,,2025-12-31T23:59:59Z,PROSPECTUS,14,2,,,,
26153,8001090229083,,Ausonia,Pensos Higiênicos com Abas Super,embalagem com 12 un.,1.94,1.94,0,,€/Unidade,,,https://driveimg1.intermarche.com/pt/Content/images/boitmal/produit/zoom/4FCDBAAA6006F704DA8CF068ABE27C13.jpg,,,,2025-12-31T23:59:59Z,PROSPECTUS,14,2,,,,
26414,5000116110919,1042.0,Capitão Iglo,"50 nuggets de frango, embalagem de 1042g",,12.99,12.47,0,kg,€/Kg,,Tipo de stockagem,https://driveimg1.intermarche.com/pt/Content/images/boitmal/produit/zoom/D97E3080A57234D7462734347713E694.jpg,,,,2025-12-31T23:59:59Z,PROSPECTUS,14,2,,,,
26475,5601252115211,250.0,Gallo,"Vinagre Balsâmico de Sidra, emb. 250 ml",,1.99,7.96,250,L,€/L,,,https://driveimg1.intermarche.com/pt/Content/images/boitmal/produit/zoom/C88E39F6F7D009CCC3A6C8AE0ADDADDE.jpg,,,,2025-12-31T23:59:59Z,PROSPECTUS,14,2,,,,
26592,7622210776167,154.0,Oreo,"Bolachas de Chocolate com Recheio Brownie, emb. 154 gr",Embalagem de 150g,1.49,9.68,0,kg,€/Kg,,,https://driveimg1.intermarche.com/pt/Content/images/boitmal/produit/zoom/91AC0972A758ADEFF656D9B5BBE3103A.jpg,,,,2025-12-31T23:59:59Z,PROSPECTUS,14,3,,,,
27521,7622210163899,100.0,Milka,"Tablete de Chocolate Confetti, emb. 100 gr",,1.99,19.9,0,kg,€/Kg,,,https://driveimg1.intermarche.com/pt/Content/images/boitmal/produit/zoom/64621400B4271A0FDF48B76C5F59B14D.jpg,,,,2025-12-31T23:59:59Z,PROSPECTUS,14,3,,,,
27574,8410063055930,800.0,Pescanova,"Camarão de Moçambique 32/48 Ultracongelado, emb. 800 gr",,19.49,24.36,0,kg,€/Kg,,Tipo de stockagem,https://driveimg1.intermarche.com/pt/Content/images/boitmal/produit/zoom/00BF9808ADA0B9EE45601C004600010A.jpg,,,,2025-12-31T23:59:59Z,PROSPECTUS,14,3,,,,
29591,3387390339505,375.0,Nestlé,"Cereais golden grahams, embalagem de 380g",,2.98,7.95,0,kg,€/Kg,,,https://driveimg1.intermarche.com/pt/Content/images/boitmal/produit/zoom/52B010047394B5E18C21D533AA60A41C.jpg,,,,2025-12-31T23:59:59Z,PROSPECTUS,14,3,,,,
300,0011210000889,60.0,Tabasco,Molho picante,Garrafa de 60 ml,2.37,39.5,60,L,€/L,,,https://driveimg1.intermarche.com/pt/Content/images/boitmal/produit/zoom/513E7907BD2D93422664E790FE0A1850.jpg,,,,2025-12-31T23:59:59Z,PROSPECTUS,14,3,,,,
31141,3073781094930,140.0,A Vaca Que Ri,"Queijo fundido palitos light 140g, embalagem de 140g",,1.99,14.21,0,kg,€/Kg,,,https://driveimg1.intermarche.com/pt/Content/images/boitmal/produit/zoom/F66CF0DE9FAADEC9E619DBA8AD59FC6D.jpg,,,,2025-12-31T23:59:59Z,PROSPECTUS,14,3,,,,
31436,5607233508829,750.0,Panrico,Pão de forma especial torradas,Embalagem de 750g,1.89,2.52,0,kg,€/Kg,,,https://driveimg1.intermarche.com/pt/Content/images/boitmal/produit/zoom/E55F9FC30ED3A9561F136B69689D41FE.jpg,,,,2025-12-31T23:59:59Z,PROSPECTUS,14,3,,,,
32074,7613036488402,340.0,Purina One,"Comida Húmida para Gato Adulto Frango e Vaca Saquetas, emb. 350 gr (4 x 85 gr)",,2.59,7.62,0,kg,€/Kg,,,https://driveimg1.intermarche.com/pt/Content/images/boitmal/produit/zoom/7C69B3F68B06FF88501E698801F8DD83.jpg,,,,2025-12-31T23:59:59Z,PROSPECTUS,14,3,,,,
32397,5601217131324,950.0,Vanish,"Champô 3 em 1 karpex, 950 ml",,5.19,5.46,950,L,€/L,,,https://driveimg1.intermarche.com/pt/Content/images/boitmal/produit/zoom/13808E866A8DBDE3D591B754B97F4DF3.jpg,,,,2025-12-31T23:59:59Z,PROSPECTUS,14,3,,,,
33299,5604260287000,500.0,PorSi,Amendoim com Casca Torrado 500 G,,1.89,3.78,0,kg,€/Kg,,,https://driveimg1.intermarche.com/pt/Content/images/boitmal/produit/zoom/7D718FEC53D58E5A51CAB89DC632E0C2.jpg,,,,2025-12-31T23:59:59Z,PROSPECTUS,14,3,,,,
33391,7613036525893,250.0,Pensal,"Farinha com Cacau e Alfarroba +3A, emb. 250 gr",,2.24,8.96,0,kg,€/Kg,,,https://driveimg1.intermarche.com/pt/Content/images/boitmal/produit/zoom/68797A6078949F0AB61C8E5E40A31566.jpg,,,,2025-12-31T23:59:59Z,PROSPECTUS,14,3,,,,
33537,7322540851946,,Tena,"Pensos Incontinência Discreet Normal, emb. 24 un.",,4.19,4.19,0,,€/Unidade,,,https://driveimg1.intermarche.com/pt/Content/images/boitmal/produit/zoom/7C59E6324002FD297B7822230472C200.jpg,https://driveimg1.intermarche.com/pt/Content/images/boitmal/produit/zoom/CB70A1227AD176055ED5E5D7CFE5FA5C.jpg,https://driveimg1.intermarche.com/pt/Content/images/boitmal/produit/zoom/239247C82FD5A3214B6AAB7D9E485524.jpg,https://driveimg1.intermarche.com/pt/Content/images/boitmal/produit/zoom/56D712C22E1950AC6B27A5FB93C6EE48.jpg,2025-12-31T23:59:59Z,PROSPECTUS,14,3,,,,
33563,5609060007070,200.0,Delta,Cevada solúvel,Embalagem de 200 g,2.69,13.45,0,kg,€/Kg,,,https://driveimg1.intermarche.com/pt/Content/images/boitmal/produit/zoom/9DB066DE69C74BAF6E3C3065BCCE0FA7.jpg,,,,2025-12-31T23:59:59Z,PROSPECTUS,14,3,,,,
33631,5601217130631,,Finish,"Ambientador para a máquina da loiça de lima e limão, 1 un.",,3.99,3.99,1,,€/Unidade,,,https://driveimg1.intermarche.com/pt/Content/images/boitmal/produit/zoom/59B0AD9BB7EBD8E68264D646B0B54FF9.jpg,,,,2025-12-31T23:59:59Z,PROSPECTUS,14,3,,,,
34819,5604260287086,200.0,PorSi,Pistácios com Sal 200 G,,2.95,14.75,0,kg,€/Kg,,,https://driveimg1.intermarche.com/pt/Content/images/boitmal/produit/zoom/06DFDFDB876D979F9A2D0C2CB8D82E66.jpg,,,,2025-12-31T23:59:59Z,PROSPECTUS,14,3,,,,
35395,5604260285365,1500.0,PorSi,"Gasosa 1,5l",,0.49,0.33,1500,L,€/L,,,https://driveimg1.intermarche.com/pt/Content/images/boitmal/produit/zoom/F268F2F3F8A288608F857CA027910F9E.jpg,,,,2025-12-31T23:59:59Z,PROSPECTUS,14,3,,,,
36186,8715700017006,570.0,Heinz,"Ketchup top down, 570g",,3.24,5.68,0,kg,€/Kg,,,https://driveimg1.intermarche.com/pt/Content/images/boitmal/produit/zoom/61C6EABD68232C332B75678207D54C3E.jpg,,,,2025-12-31T23:59:59Z,PROSPECTUS,14,3,,,,
36242,5000204117585,,Glade,Ambientador elétrico pure clean linen + recarga,1 unidade,4.49,4.49,0,,€/Unidade,,,https://driveimg1.intermarche.com/pt/Content/images/boitmal/produit/zoom/9A7A8E7742D78EC7287B88FEA90BB41B.jpg,,,,2025-12-31T23:59:59Z,PROSPECTUS,14,3,,,,
36263,5601027973060,480.0,Bimbo,"Pão de Forma Integral com Côdea, emb. 480 gr",Embalagem de 480 g,1.79,3.73,0,kg,€/Kg,,,https://driveimg1.intermarche.com/pt/Content/images/boitmal/produit/zoom/D41990E6C0A0B7F82C9AD26E46EBDC0E.jpg,,,,2025-12-31T23:59:59Z,PROSPECTUS,14,3,,,,
36282,5602016061096,750.0,Cacho Fresco,"Vinho branco frisante, garrafa de 0.75 l",,2.19,2.92,750,L,€/L,,,https://driveimg1.intermarche.com/pt/Content/images/boitmal/produit/zoom/6D86515914160CB8CA3A3E44260175D9.jpg,,,,2025-12-31T23:59:59Z,PROSPECTUS,14,3,,,,
36691,5604260295494,500.0,PorSi,Batatas Fritas Receita Caseira 500g,,2.99,5.98,0,kg,€/Kg,,,https://driveimg1.intermarche.com/pt/Content/images/boitmal/produit/zoom/DAEA6F181C6503AEC9D28EE895AA0F9A.jpg,,,,2025-12-31T23:59:59Z,PROSPECTUS,14,3,,,,
36915,5604260287024,200.0,PorSi,Caju com Sal 200 G,,2.59,12.95,0,kg,€/Kg,,,https://driveimg1.intermarche.com/pt/Content/images/boitmal/produit/zoom/075A53BDDAC45CA28F3D3AC429ABCDEB.jpg,,,,2025-12-31T23:59:59Z,PROSPECTUS,14,3,,,,
37045,5601217132659,500.0,Cillitbang,"Spray bolor e sujidade, garrafa de 500 ml",,2.49,4.98,500,L,€/L,,,https://driveimg1.intermarche.com/pt/Content/images/boitmal/produit/zoom/2A51671BCEA4544BF377B06769DE1169.jpg,,,,2025-12-31T23:59:59Z,PROSPECTUS,14,3,,,,
37603,5601244700005,250.0,Terra Nostra,"Manteiga sem sal terra nostra, embalagem de 250g",,2.29,9.16,0,kg,€/Kg,,,https://driveimg1.intermarche.com/pt/Content/images/boitmal/produit/zoom/317E2CDE181AB3CCD0895012A2A6754F.jpg,,,,2025-12-31T23:59:59Z,PROSPECTUS,14,3,,,,
37948,5601217132697,500.0,Cillitbang,"Spray limpeza casa de banho, embalagem de 500 ml",,2.49,4.98,500,L,€/L,,,https://driveimg1.intermarche.com/pt/Content/images/boitmal/produit/zoom/62E5A8E0A6D5CF81B7A29AA6D1070117.jpg,,,,2025-12-31T23:59:59Z,PROSPECTUS,14,3,,,,
38308,8410436341011,150.0,Sonasol,Bloco WC Poder Activo Eucalipto,Embalagem 3 x 50 g,4.39,29.27,0,kg,€/Kg,,,https://driveimg1.intermarche.com/pt/Content/images/boitmal/produit/zoom/82ED9D6125B06B5AB3E7C3747C99F060.jpg,,,,2025-12-31T23:59:59Z,PROSPECTUS,14,3,,,,
38312,8410104702663,,Finish,"Limpa máquinas de loiça limão, embalagem com 250 ml",,3.99,3.99,1,,€/Unidade,,,https://driveimg1.intermarche.com/pt/Content/images/boitmal/produit/zoom/543AF0EA0E513D87A0B6AA970DE2490B.jpg,,,,2025-12-31T23:59:59Z,PROSPECTUS,14,3,,,,
38934,5601164863217,500.0,Somersby,"Sidra com Álcool Maçã, emb. 50 cl",,1.29,2.58,500,L,€/L,,,https://driveimg1.intermarche.com/pt/Content/images/boitmal/produit/zoom/A3D6F4DDF9AFF4F9F8F47269DBD60191.jpg,,,,2025-12-31T23:59:59Z,PROSPECTUS,14,3,,,,
393,8712566173945,72.0,Knorr,"Creme marisco, embalagem de 70g",,1.6,22.22,0,kg,€/Kg,,,https://driveimg1.intermarche.com/pt/Content/images/boitmal/produit/zoom/42380F997942E9C34D4500FD929708AF.jpg,,,,2025-12-31T23:59:59Z,PROSPECTUS,14,3,,,,
40347,8410076471604,350.0,Old El Paso,"6 tortilhas de trigo wrap, embalagem de 350g",,2.69,7.69,0,kg,€/Kg,,,https://driveimg1.intermarche.com/pt/Content/images/boitmal/produit/zoom/1EB2056E778DEB67B0CA58563B07CF9B.jpg,,,,2025-12-31T23:59:59Z,PROSPECTUS,14,3,,,,
40465,5604260283194,460.0,PorSi,Pera Metades em Calda 820g,,2.69,5.85,0,kg,€/Kg,,,https://driveimg1.intermarche.com/pt/Content/images/boitmal/produit/zoom/D15D12400FFE46E4E5B04B3AF0C1BCB2.jpg,,,,2025-12-31T23:59:59Z,PROSPECTUS,14,3,,,,
40578,5604260299997,1000.0,PorSi,Camarão Cozido 50/70 1 kg,,11.99,11.99,0,kg,€/Kg,,,https://driveimg1.intermarche.com/pt/Content/images/boitmal/produit/zoom/F77F2719F75EC4D041ACF0F09BF45879.jpg,,,,2025-12-31T23:59:59Z,PROSPECTUS,14,3,,,,
40594,5603722519468,480.0,Mimosa,"Iogurte fruta batida banana e morango, 4 x 120 g",,1.69,3.52,0,kg,€/Kg,,,https://driveimg1.intermarche.com/pt/Content/images/boitmal/produit/zoom/783BF0B8040C15143355DB1E8A912AD4.jpg,,,,2025-12-31T23:59:59Z,PROSPECTUS,14,3,,,,
41115,8712000310011,330.0,Heineken,"Cerveja sem Álcool, emb. 33 cl",,0.99,3.0,330,L,€/L,,,https://driveimg1.intermarche.com/pt/Content/images/boitmal/produit/zoom/9E28EF00D416D58210C445A87E80C40B.jpg,,,,2025-12-31T23:59:59Z,PROSPECTUS,14,3,,,,
41137,5604260306282,180.0,PorSi,Salsichas Cocktail Lata,,1.69,9.39,0,kg,€/Kg,,,https://driveimg1.intermarche.com/pt/Content/images/boitmal/produit/zoom/97E3E178C33B44AD5436FE4E2B4367C7.jpg,,,,2025-12-31T23:59:59Z,PROSPECTUS,14,3,,,,
41138,5604260303199,170.0,PorSi,Batatas Fritas Onduladas com Sabor a Ketchup 170g,,1.29,7.59,0,kg,€/Kg,,,https://driveimg1.intermarche.com/pt/Content/images/boitmal/produit/zoom/BF85983DE9C11CE6295F4F4113FD56C5.jpg,,,,2025-12-31T23:59:59Z,PROSPECTUS,14,3,,,,
41289,8718951312319,75.0,Colgate,"Pasta de dentes sensation white, 75 ml",,1.99,26.53,75,L,€/L,,,https://driveimg1.intermarche.com/pt/Content/images/boitmal/produit/zoom/22BEC3D6BF2DBA57D9A3EEAAC1E33FD8.jpg,,,,2025-12-31T23:59:59Z,PROSPECTUS,14,3,,,,
41717,5604260303816,90.0,PorSi,Puré de Fruta Maçã Pera 90g,,0.67,7.44,0,kg,€/Kg,,,https://driveimg1.intermarche.com/pt/Content/images/boitmal/produit/zoom/5127251097DF39368C903E9B3834E6D6.jpg,,,,2025-12-31T23:59:59Z,PROSPECTUS,14,3,,,,
41718,5604260303823,90.0,PorSi,Puré de Fruta Maçã Manga Pessego 90g,,0.67,7.44,0,kg,€/Kg,,,https://driveimg1.intermarche.com/pt/Content/images/boitmal/produit/zoom/9B27C39372BB074FB232EB9A2E0BB35A.jpg,,,,2025-12-31T23:59:59Z,PROSPECTUS,14,3,,,,
42057,8428076000489,,Durex,Preservativo prazer prolongado,Embalagem de 12 unidades,10.19,10.19,12,,€/Unidade,,,https://driveimg1.intermarche.com/pt/Content/images/boitmal/produit/zoom/F4F1942376B85CA504D2512A6DE1C2A1.jpg,,,,2025-12-31T23:59:59Z,PROSPECTUS,14,3,,,,
42837,5604260301645,800.0,PorSi,Mariscada 800g,,5.99,7.49,0,kg,€/Kg,,Tipo de stockagem,https://driveimg1.intermarche.com/pt/Content/images/boitmal/produit/zoom/89E86F34301A6FAB07ACAA44ED0B3DC4.jpg,https://driveimg1.intermarche.com/pt/Content/images/boitmal/produit/zoom/3AF80338884737A4D61D15EE7B350FE6.jpg,https://driveimg1.intermarche.com/pt/Content/images/boitmal/produit/zoom/3AF80338884737A4D61D15EE7B350FE6.jpg,https://driveimg1.intermarche.com/pt/Content/images/boitmal/produit/zoom/3AF80338884737A4D61D15EE7B350FE6.jpg,2025-12-31T23:59:59Z,PROSPECTUS,14,3,https://driveimg1.intermarche.com/pt/Content/images/boitmal/produit/zoom/3AF80338884737A4D61D15EE7B350FE6.jpg,https://driveimg1.intermarche.com/pt/Content/images/boitmal/produit/zoom/3AF80338884737A4D61D15EE7B350FE6.jpg,,
42864,5604260298280,750.0,Selecção de Enófilos,"Vinho Espumante de Qualidade Meio Seco-branco 0,75l","Garrafa de 0,75 l",3.29,4.39,750,L,€/L,,,https://driveimg1.intermarche.com/pt/Content/images/boitmal/produit/zoom/AB830930C23CDD2AF027FCDF3672C11A.jpg,,,,2025-12-31T23:59:59Z,PROSPECTUS,14,3,,,,
43081,5604260308989,750.0,PorSi,Creme Limpeza com Lixívia 750ml,,1.19,1.59,750,L,€/L,,,https://driveimg1.intermarche.com/pt/Content/images/boitmal/produit/zoom/E078DBAF790AA9775E83C7CFA1776954.jpg,https://driveimg1.intermarche.com/pt/Content/images/boitmal/produit/zoom/46E14346C7A61E4D63FF4CE13D6AE781.jpg,https://driveimg1.intermarche.com/pt/Content/images/boitmal/produit/zoom/46E14346C7A61E4D63FF4CE13D6AE781.jpg,https://driveimg1.intermarche.com/pt/Content/images/boitmal/produit/zoom/46E14346C7A61E4D63FF4CE13D6AE781.jpg,2025-12-31T23:59:59Z,PROSPECTUS,14,3,https://driveimg1.intermarche.com/pt/Content/images/boitmal/produit/zoom/46E14346C7A61E4D63FF4CE13D6AE781.jpg,https://driveimg1.intermarche.com/pt/Content/images/boitmal/produit/zoom/46E14346C7A61E4D63FF4CE13D6AE781.jpg,https://driveimg1.intermarche.com/pt/Content/images/boitmal/produit/zoom/46E14346C7A61E4D63FF4CE13D6AE781.jpg,https://driveimg1.intermarche.com/pt/Content/images/boitmal/produit/zoom/46E14346C7A61E4D63FF4CE13D6AE781.jpg
43334,5604260309016,150.0,PorSi,Batata - Doce Frita 150g,,1.72,11.47,0,kg,€/Kg,,,https://driveimg1.intermarche.com/pt/Content/images/boitmal/produit/zoom/15D30152D7918DBA1EAAAB219957875A.jpg,,,,2025-12-31T23:59:59Z,PROSPECTUS,14,3,,,,
43407,8710847961137,360.0,Linic,"Champô cabelos oleosos para mulher, 360 ml",,4.94,13.72,360,L,€/L,,,https://driveimg1.intermarche.com/pt/Content/images/boitmal/produit/zoom/D99FE8D2453A231FCFB1F4A24A0F5403.jpg,,,,2025-12-31T23:59:59Z,PROSPECTUS,14,3,,,,
43625,5604260309047,140.0,PorSi,Fiambre Cubos 2x70g,,1.29,9.21,0,kg,€/Kg,,,https://driveimg1.intermarche.com/pt/Content/images/boitmal/produit/zoom/FABFBB7917A6408E5B31D4318D2BF190.jpg,https://driveimg1.intermarche.com/pt/Content/images/boitmal/produit/zoom/257270CA2E82FDBD7804782135AFF633.jpg,https://driveimg1.intermarche.com/pt/Content/images/boitmal/produit/zoom/257270CA2E82FDBD7804782135AFF633.jpg,https://driveimg1.intermarche.com/pt/Content/images/boitmal/produit/zoom/257270CA2E82FDBD7804782135AFF633.jpg,2025-12-31T23:59:59Z,PROSPECTUS,14,3,,,,
43733,5604260310388,200.0,PorSi,Miolo de Caju Cru 200 G,,2.49,12.45,0,kg,€/Kg,,,https://driveimg1.intermarche.com/pt/Content/images/boitmal/produit/zoom/A3B47F02CEC27AC325CB72A510AA2BBA.jpg,,,,2025-12-31T23:59:59Z,PROSPECTUS,14,3,,,,
44045,8714789738536,,Colgate,Escova de dentes tripla ação,4 unidades,3.19,3.19,0,,€/Unidade,,,https://driveimg1.intermarche.com/pt/Content/images/boitmal/produit/zoom/23A259AB9A4B7731DB0A485A7770805A.jpg,,,,2025-12-31T23:59:59Z,PROSPECTUS,14,3,,,,
44610,5604260312702,750.0,PorSi,Creme Limpeza Ecológico 750ml,,1.49,1.99,750,L,€/L,,,https://driveimg1.intermarche.com/pt/Content/images/boitmal/produit/zoom/4459A51FB000C5E21146639E4DE41BEF.jpg,,,,2025-12-31T23:59:59Z,PROSPECTUS,14,3,,,,
44634,8711327485082,330.0,Magnum,"Gelados mini double gold caramel billionaire, embalagem de 6x55 ml",,4.49,13.61,330,L,€/L,,Tipo de stockagem,https://driveimg1.intermarche.com/pt/Content/images/boitmal/produit/zoom/42AC7934AA428100845DBDC81A00E314.jpg,,,,2025-12-31T23:59:59Z,PROSPECTUS,14,3,,,,
44702,5053990155354,175.0,Pringles,"Snacks Batata Natas & Cebola, emb. 175 gr",,1.99,11.37,0,kg,€/Kg,,,https://driveimg1.intermarche.com/pt/Content/images/boitmal/produit/zoom/0C0E56E5BC42C468A1D6A594D5BD0C63.jpg,https://driveimg1.intermarche.com/pt/Content/images/boitmal/produit/zoom/3743B152C095FACA5BB155343DC8A7EE.jpg,https://driveimg1.intermarche.com/pt/Content/images/boitmal/produit/zoom/3743B152C095FACA5BB155343DC8A7EE.jpg,https://driveimg1.intermarche.com/pt/Content/images/boitmal/produit/zoom/3743B152C095FACA5BB155343DC8A7EE.jpg,2025-12-31T23:59:59Z,PROSPECTUS,14,3,https://driveimg1.intermarche.com/pt/Content/images/boitmal/produit/zoom/3743B152C095FACA5BB155343DC8A7EE.jpg,,,
44771,8710438109009,500.0,MCCAIN,"Palito Fry N Dip, emb. 500 gr",,3.19,6.38,0,kg,€/Kg,,Tipo de stockagem,https://driveimg1.intermarche.com/pt/Content/images/boitmal/produit/zoom/1F1D7AB4DB15838743957D2491BA0251.jpg,https://driveimg1.intermarche.com/pt/Content/images/boitmal/produit/zoom/170A8C7D758318133491D25E6C2FF3D3.jpg,,,2025-12-31T23:59:59Z,PROSPECTUS,14,3,,,,
44902,5601286248787,500.0,Milaneza,"Massa conchas, 500g",,1.04,2.08,0,kg,€/Kg,,,https://driveimg1.intermarche.com/pt/Content/images/boitmal/produit/zoom/47B035D4D71BAB8FACEBBDD297C9B9B8.jpg,,,,2025-12-31T23:59:59Z,PROSPECTUS,14,3,,,,
44960,7613287192103,228.0,Purina Gourmet,"Alimento húmido de atum para gato, 4 x 57 g",,2.59,11.36,0,kg,€/Kg,,,https://driveimg1.intermarche.com/pt/Content/images/boitmal/produit/zoom/3B86485FF2866DC9AF819D0D12762AD2.jpg,,,,2025-12-31T23:59:59Z,PROSPECTUS,14,3,,,,
452,8888056603862,85.0,Koka,"Massa Instantânea com Sabor a Galinha, emb. 85 gr",,0.69,8.12,0,kg,€/Kg,,,https://driveimg1.intermarche.com/pt/Content/images/boitmal/produit/zoom/B2968A264D894B9BD28BB6D7AD2B2C1C.jpg,,,,2025-12-31T23:59:59Z,PROSPECTUS,14,3,,,,
45213,5604260313457,,PorSi,Toalhitas Bebé Recarga Agilidade X72,Embalagem de 72 unidades,1.05,1.05,0,,€/Unidade,,,https://driveimg1.intermarche.com/pt/Content/images/boitmal/produit/zoom/1996F880CAB177D56AAE94C8688AC6DA.jpg,,,,2025-12-31T23:59:59Z,PROSPECTUS,14,3,,,,
453,8888056604012,85.0,Koka,"Massa instantânea com cogumelos, embalagem de 90g",,0.69,8.12,0,kg,€/Kg,,,https://driveimg1.intermarche.com/pt/Content/images/boitmal/produit/zoom/743F0CEC755705C1667F17EADAF83C5D.jpg,,,,2025-12-31T23:59:59Z,PROSPECTUS,14,3,,,,
454,8888056604067,85.0,Koka,"Massa instantânea com sabor a camarão, embalagem de 90g",,0.69,8.12,0,kg,€/Kg,,,https://driveimg1.intermarche.com/pt/Content/images/boitmal/produit/zoom/D2FB050AC0A3AFD73E7D3F6CF3CD2DF9.jpg,,,,2025-12-31T23:59:59Z,PROSPECTUS,14,3,,,,
457,8888056708604,85.0,Koka,"Massa instantânea com sabor a tomat, embalagem de 90g",,0.69,8.12,0,kg,€/Kg,,,https://driveimg1.intermarche.com/pt/Content/images/boitmal/produit/zoom/AD98A53E030FCB903604F246B7338CDE.jpg,,,,2025-12-31T23:59:59Z,PROSPECTUS,14,3,,,,
46433,5604260298273,750.0,Selecção de Enófilos,"Vinho Espumante de Qualidade Doce-branco 0,75l",Garrafa de 0.75 l,3.29,4.39,750,L,€/L,,,https://driveimg1.intermarche.com/pt/Content/images/boitmal/produit/zoom/C4C3DAA8AD4A8EBCF8A4CAFDD8D3670F.jpg,,,,2025-12-31T23:59:59Z,PROSPECTUS,14,3,,,,
46436,5601578131018,750.0,Terras do Demo,Espumante Rosé Bruto,Garrafa de 0.75 l,8.79,11.72,750,L,€/L,,,https://driveimg1.intermarche.com/pt/Content/images/boitmal/produit/zoom/101CF071A993AA402B99D175EC96A727.jpg,,,,2025-12-31T23:59:59Z,PROSPECTUS,14,3,,,,
47981,5000116126828,360.0,Capitão Iglo,"12 douradinhos de peixe sem glúten, embalagem de 360g",,4.97,13.81,0,kg,€/Kg,,Tipo de stockagem,https://driveimg1.intermarche.com/pt/Content/images/boitmal/produit/zoom/E088C1996A4222DF68B662FD3DF061BC.jpg,,,,2025-12-31T23:59:59Z,PROSPECTUS,14,3,,,,
48391,5604260320776,,PorSi,Pensos Diários Normal Aloe Vera - 30 Unidades,,1.49,1.49,0,,€/Unidade,,,https://driveimg1.intermarche.com/pt/Content/images/boitmal/produit/zoom/426BC6B3A43ECA8BD3AF55D0BF70998F.jpg,,,,2025-12-31T23:59:59Z,PROSPECTUS,14,3,,,,
48426,4005900845702,50.0,Nivea Men,"Desodorizante roll on cool kick, 50 ml",,2.69,53.8,50,L,€/L,,,https://driveimg1.intermarche.com/pt/Content/images/boitmal/produit/zoom/9A906FA410C547B80F0C3BC1C3C86CB6.jpg,,,,2025-12-31T23:59:59Z,PROSPECTUS,14,3,,,,
485,3036810201280,215.0,Maille,"Mostarda dijon, embalagem de 220g",,3.19,14.84,0,kg,€/Kg,,,https://driveimg1.intermarche.com/pt/Content/images/boitmal/produit/zoom/62618DF63BD11F55FFEE9176972D4CEF.jpg,https://driveimg1.intermarche.com/pt/Content/images/boitmal/produit/zoom/1ABADBA923A5257BF5D8A92B53110481.jpg,https://driveimg1.intermarche.com/pt/Content/images/boitmal/produit/zoom/1ABADBA923A5257BF5D8A92B53110481.jpg,https://driveimg1.intermarche.com/pt/Content/images/boitmal/produit/zoom/1ABADBA923A5257BF5D8A92B53110481.jpg,2025-12-31T23:59:59Z,PROSPECTUS,14,3,,,,
48767,5603722520433,750.0,Mimosa,"Leite uht morango sem lactose, pack 3 x 250 ml",,2.97,3.96,750,L,€/L,,,https://driveimg1.intermarche.com/pt/Content/images/boitmal/produit/zoom/131DD82E3B8B5964AC434CC4107E77EC.jpg,https://driveimg1.intermarche.com/pt/Content/images/boitmal/produit/zoom/C20EBB17C29A9F7AF802FE40FE4174C4.jpg,https://driveimg1.intermarche.com/pt/Content/images/boitmal/produit/zoom/8E7049719679131E7E9A0796D176D29B.jpg,https://driveimg1.intermarche.com/pt/Content/images/boitmal/produit/zoom/4D7C8BB6B0E88069DB4AB5DBD121C211.jpg,2025-12-31T23:59:59Z,PROSPECTUS,14,3,,,,
48920,8006540417119,300.0,Pantene,Máscara Hidratante repara e protege,300 ml,4.89,16.3,300,L,€/L,,,https://driveimg1.intermarche.com/pt/Content/images/boitmal/produit/zoom/95D6A29803B1871F5E587094E1F38E98.jpg,,,,2025-12-31T23:59:59Z,PROSPECTUS,14,3,,,,
49083,5604260320929,,PorSi,Tampões Super com Aplicador Compacto - 16 Unidades,,1.79,1.79,0,,€/Unidade,,,https://driveimg1.intermarche.com/pt/Content/images/boitmal/produit/zoom/7867E54AE047523809A413160FD139BA.jpg,,,,2025-12-31T23:59:59Z,PROSPECTUS,14,3,,,,
49221,5604260322602,90.0,PorSi,Puré de Fruta Maçã Banana Laranja 90g,,0.67,7.44,0,kg,€/Kg,,,https://driveimg1.intermarche.com/pt/Content/images/boitmal/produit/zoom/3EA2B765FDE0704D86E3A5E9BB105514.jpg,,,,2025-12-31T23:59:59Z,PROSPECTUS,14,3,,,,
49225,5604260322657,90.0,PorSi,Puré de Fruta Maçã Cenoura e Manga 90g,,0.67,7.44,0,kg,€/Kg,,,https://driveimg1.intermarche.com/pt/Content/images/boitmal/produit/zoom/F2927F311C77003403604CF61E0E5035.jpg,,,,2025-12-31T23:59:59Z,PROSPECTUS,14,3,,,,
49446,5601063060717,35.0,Margão,"Paprika, embalagem de 35g",,1.08,30.86,0,kg,€/Kg,,,https://driveimg1.intermarche.com/pt/Content/images/boitmal/produit/zoom/D9A2343A7ABE7A08CCD5234326210C72.jpg,,,,2025-12-31T23:59:59Z,PROSPECTUS,14,3,,,,
49504,5604260322626,90.0,PorSi,Puré de Fruta Pera 90g,,0.67,7.44,0,kg,€/Kg,,,https://driveimg1.intermarche.com/pt/Content/images/boitmal/produit/zoom/EF34005718301CA3FAF65368F399B814.jpg,,,,2025-12-31T23:59:59Z,PROSPECTUS,14,3,,,,
4985,5601012045505,750.0,Gazela,"Gazela DOC Vinho Verde Branco, garrafa 75 cl",,2.99,3.99,750,L,€/L,,,https://driveimg1.intermarche.com/pt/Content/images/boitmal/produit/zoom/EF597CF55A23ED9453F03A3DE7FD131F.jpg,,,,2025-12-31T23:59:59Z,PROSPECTUS,14,3,,,,
4987,5601012115505,750.0,Planalto,"Vinho doc douro branco, garrafa de 0.75 l",,3.99,5.32,750,L,€/L,,,https://driveimg1.intermarche.com/pt/Content/images/boitmal/produit/zoom/D4AD0E54C5A44C41C52E5EE1F77D08EB.jpg,,,,2025-12-31T23:59:59Z,PROSPECTUS,14,3,,,,
49989,5601063060755,35.0,Margão,"Paprika fumada, embalagem de 35g",,1.19,34.0,0,kg,€/Kg,,,https://driveimg1.intermarche.com/pt/Content/images/boitmal/produit/zoom/A1577E4833E6A4B0930D6E468239DDD1.jpg,https://driveimg1.intermarche.com/pt/Content/images/boitmal/produit/zoom/3ABF6E474C953BD2486CDD9B53840AB7.jpg,,,2025-12-31T23:59:59Z,PROSPECTUS,14,3,,,,
50493,8414100306245,200.0,Schweppes,"Água Tónica Zero, garrafa 20 cl",,0.89,4.45,200,L,€/L,,,https://driveimg1.intermarche.com/pt/Content/images/boitmal/produit/zoom/3A897E1E276941B51E5504DC645247C6.jpg,,,,2025-12-31T23:59:59Z,PROSPECTUS,14,3,,,,
50602,5609060339263,160.0,Delta,Delta solúvel creme,Embalagem de 160g,6.99,43.69,0,kg,€/Kg,,,https://driveimg1.intermarche.com/pt/Content/images/boitmal/produit/zoom/22D18315971ECD7C68E3843D30FEA68D.jpg,,,,2025-12-31T23:59:59Z,PROSPECTUS,14,3,,,,
51046,8410436430302,,Persil,Detergente máquina roupa 4 em 1 higiene,40 cápsulas,9.99,9.99,0,,€/Unidade,,,https://driveimg1.intermarche.com/pt/Content/images/boitmal/produit/zoom/1A35A40B1D47567C66546C5B85A9EC6E.jpg,,,,2025-12-31T23:59:59Z,PROSPECTUS,14,3,,,,
51280,5602348102733,240.0,Izidoro,"Salsichas frankfurt 12 unidades izidoro, embalagem de 240g",,1.49,6.21,0,kg,€/Kg,,,https://driveimg1.intermarche.com/pt/Content/images/boitmal/produit/zoom/F4B7B7DC4DB9CF01DF9A310A71DD546D.jpg,,,,2025-12-31T23:59:59Z,PROSPECTUS,14,3,,,,
51315,5601252118991,250.0,Gallo,"Vinagre de vinho branco chardonnay, 250 ml",,1.99,7.96,250,L,€/L,,,https://driveimg1.intermarche.com/pt/Content/images/boitmal/produit/zoom/F16DE9E57D34C6B9D68315A7D6746D42.jpg,,,,2025-12-31T23:59:59Z,PROSPECTUS,14,3,,,,
51350,5601096020498,750.0,Aveleda,Vinho rosé fonte vinhos verdes 0.75l,,3.49,4.65,750,L,€/L,,,https://driveimg1.intermarche.com/pt/Content/images/boitmal/produit/zoom/613AA8CA83589361337BA141CC0DB152.jpg,,,,2025-12-31T23:59:59Z,PROSPECTUS,14,3,,,,
51369,5000116125791,1400.0,Capitão Iglo,"50 douradinhos de peixe ómega 3 iglo, embalagem de 1.4 kg",,13.99,9.99,0,kg,€/Kg,,Tipo de stockagem,https://driveimg1.intermarche.com/pt/Content/images/boitmal/produit/zoom/6C5BC15FEE115209F2EC3E0B9DBA1CCD.jpg,,,,2025-12-31T23:59:59Z,PROSPECTUS,14,3,,,,
5147,5601098045802,,Paiva,"Queijo curado, amanteigado, embalagem de 550g",,6.29,6.29,1,,€/Unidade,,,https://driveimg1.intermarche.com/pt/Content/images/boitmal/produit/zoom/6FA80FA6E105FE4E2226FAE041ACFD1E.jpg,,,,2025-12-31T23:59:59Z,PROSPECTUS,14,3,,,,
51518,8445290071996,800.0,Purina One,Ração para gato júnior frango,Embalagem de 800 g,5.59,6.99,0,kg,€/Kg,,,https://driveimg1.intermarche.com/pt/Content/images/boitmal/produit/zoom/7349519394CE1E2314E4BE439006AD7A.jpg,,,,2025-12-31T23:59:59Z,PROSPECTUS,14,3,,,,
51837,8711327587205,2000.0,Lipton,Ice tea lipton pessego 2l,,1.99,1.0,2000,L,€/L,,,https://driveimg1.intermarche.com/pt/Content/images/boitmal/produit/zoom/337078DD8DFA2309401BA5C925E0DABA.jpg,,,,2025-12-31T23:59:59Z,PROSPECTUS,14,3,,,,
51925,8711327587632,2000.0,Lipton,Ice tea lipton chá preto manga zero 2l,,1.99,1.0,2000,L,€/L,,,https://driveimg1.intermarche.com/pt/Content/images/boitmal/produit/zoom/241DBF240C312378317C24947EDC5453.jpg,,,,2025-12-31T23:59:59Z,PROSPECTUS,14,3,,,,
52049,3073781193091,250.0,A Vaca Que Ri,"Queijo fundido, 250g",,2.95,11.8,0,kg,€/Kg,,,https://driveimg1.intermarche.com/pt/Content/images/boitmal/produit/zoom/95197B9CF404BE8AF1D5A1B4E7B898B7.jpg,,,,2025-12-31T23:59:59Z,PROSPECTUS,14,3,,,,
52073,8445290728791,330.0,Nestlé,"Cereais Chocolate de Leitet, emb. 330 gr",,2.94,8.91,0,kg,€/Kg,,,https://driveimg1.intermarche.com/pt/Content/images/boitmal/produit/zoom/CC00E8EA351EED284E50F20A3C7AAEBA.jpg,,,,2025-12-31T23:59:59Z,PROSPECTUS,14,3,,,,
52304,8006540346891,250.0,Pantene,Laca Cabelo Volume Perfeito,Embalagem de 250ml,3.99,15.96,250,L,€/L,,,https://driveimg1.intermarche.com/pt/Content/images/boitmal/produit/zoom/B4BC585D383475BEE87A7AE2CA305595.jpg,,,,2025-12-31T23:59:59Z,PROSPECTUS,14,3,,,,
52523,5604260328055,350.0,PorSi,Presunto Minho 9 Meses de Cura Pedaço 350g,,4.99,14.26,0,kg,€/Kg,,,https://driveimg1.intermarche.com/pt/Content/images/boitmal/produit/zoom/890A27B96329E8B84091CA489B3547BF.jpg,,,,2025-12-31T23:59:59Z,PROSPECTUS,14,3,,,,
52541,8718951471481,75.0,Colgate,Pasta de Dentes Total Limpeza Interdentária,Embalagem de 75ml,3.24,43.2,75,L,€/L,,,https://driveimg1.intermarche.com/pt/Content/images/boitmal/produit/zoom/6D85DE284240C11A2BE41AFFF7E4AE6B.jpg,,,,2025-12-31T23:59:59Z,PROSPECTUS,14,3,,,,
52785,5900020043504,310.0,Nestlé,"Cereais de Trigo, Aveia e Quinoa de Mel Fibra sem Açúcar, emb. 310 gr",,2.99,9.65,0,kg,€/Kg,,,https://driveimg1.intermarche.com/pt/Content/images/boitmal/produit/zoom/8279A6B5BC166AA60A43E6EF7802287B.jpg,,,,2025-12-31T23:59:59Z,PROSPECTUS,14,3,,,,
52786,5900020043481,310.0,Nestlé,"Cereais de Trigo, Aveia e Quinoa de Cacau Proteína sem Açúcar, emb. 310 gr",,2.99,9.65,0,kg,€/Kg,,,https://driveimg1.intermarche.com/pt/Content/images/boitmal/produit/zoom/619233658842A9E70E868A5A69A9679E.jpg,,,,2025-12-31T23:59:59Z,PROSPECTUS,14,3,,,,
52787,5900020044129,80.0,Nestlé,"Barras de Trigo, Aveia e Quinoa de Mel Fibra sem Açúcar, emb. 80 gr (4 un)",,1.79,22.38,0,kg,€/Kg,,,https://driveimg1.intermarche.com/pt/Content/images/boitmal/produit/zoom/187D25227C186EA7E6F2778C2AF07CC6.jpg,,,,2025-12-31T23:59:59Z,PROSPECTUS,14,3,,,,
52889,8720181385094,945.0,Skip,"Detergente líquido máquina de roupa baby, 21 doses",,3.99,4.22,945,L,€/L,,,https://driveimg1.intermarche.com/pt/Content/images/boitmal/produit/zoom/88B9AA7AC23F4BC407E554F7DDCFF45B.jpg,https://driveimg1.intermarche.com/pt/Content/images/boitmal/produit/zoom/F71A2C4911172C11157AB331E2B3BEF3.jpg,https://driveimg1.intermarche.com/pt/Content/images/boitmal/produit/zoom/F71A2C4911172C11157AB331E2B3BEF3.jpg,,2025-12-31T23:59:59Z,PROSPECTUS,14,3,,,,
53061,5601096013551,750.0,Casal Garcia,"Espumante fruitzy pêssego, garrafa de 750 ml",,3.99,5.32,750,L,€/L,,,https://driveimg1.intermarche.com/pt/Content/images/boitmal/produit/zoom/89C11F064427F4005D021C42628CF7E1.jpg,,,,2025-12-31T23:59:59Z,PROSPECTUS,14,3,,,,
53210,8719200260313,200.0,Tulicreme,"Creme de barrar de cacau, 200g",,1.49,7.45,0,kg,€/Kg,,,https://driveimg1.intermarche.com/pt/Content/images/boitmal/produit/zoom/B830145A76E98B2DF2235A66EC3F737D.jpg,https://driveimg1.intermarche.com/pt/Content/images/boitmal/produit/zoom/227625047AD5029BEC7D9A670DE11417.jpg,https://driveimg1.intermarche.com/pt/Content/images/boitmal/produit/zoom/227625047AD5029BEC7D9A670DE11417.jpg,https://driveimg1.intermarche.com/pt/Content/images/boitmal/produit/zoom/227625047AD5029BEC7D9A670DE11417.jpg,2025-12-31T23:59:59Z,PROSPECTUS,14,3,https://driveimg1.intermarche.com/pt/Content/images/boitmal/produit/zoom/227625047AD5029BEC7D9A670DE11417.jpg,https://driveimg1.intermarche.com/pt/Content/images/boitmal/produit/zoom/227625047AD5029BEC7D9A670DE11417.jpg,,
53323,4006000016535,50.0,Nivea,"Desodorizante roll, 50 ml",,2.99,59.8,50,L,€/L,,,https://driveimg1.intermarche.com/pt/Content/images/boitmal/produit/zoom/3A6936F863BB0F669CB9934ACABBAA00.jpg,https://driveimg1.intermarche.com/pt/Content/images/boitmal/produit/zoom/73D7C290A444C09FFB90A8B5FB5A6FA4.jpg,https://driveimg1.intermarche.com/pt/Content/images/boitmal/produit/zoom/73D7C290A444C09FFB90A8B5FB5A6FA4.jpg,https://driveimg1.intermarche.com/pt/Content/images/boitmal/produit/zoom/73D7C290A444C09FFB90A8B5FB5A6FA4.jpg,2025-12-31T23:59:59Z,PROSPECTUS,14,3,,,,
53349,5000204314595,250.0,Pronto,"Limpa Móveis, 250ml",,3.39,13.56,250,L,€/L,,,https://driveimg1.intermarche.com/pt/Content/images/boitmal/produit/zoom/B67A395061B35EF34EAA1625DF9B6EA1.jpg,https://driveimg1.intermarche.com/pt/Content/images/boitmal/produit/zoom/1D217222CE95C7E20C669A2882D0AEE6.jpg,https://driveimg1.intermarche.com/pt/Content/images/boitmal/produit/zoom/1D217222CE95C7E20C669A2882D0AEE6.jpg,,2025-12-31T23:59:59Z,PROSPECTUS,14,3,,,,
53598,3574669907675,300.0,Johnson's Baby,Champô Bons Sonhos,Embalagem de 300ml,2.99,9.97,300,L,€/L,,,https://driveimg1.intermarche.com/pt/Content/images/boitmal/produit/zoom/AE7378B139D7E5EE860621E9D729DCDC.jpg,,,,2025-12-31T23:59:59Z,PROSPECTUS,14,3,,,,
54321,8718951477957,100.0,Colgate,"Pasta De Dentes Tripla Ação, 100ml",,2.14,21.4,100,L,€/L,,,https://driveimg1.intermarche.com/pt/Content/images/boitmal/produit/zoom/314A8AD6D21192FE5E061EE56C598725.jpg,https://driveimg1.intermarche.com/pt/Content/images/boitmal/produit/zoom/9ADDEB220D16C8DAE54C517CBC09DC55.jpg,https://driveimg1.intermarche.com/pt/Content/images/boitmal/produit/zoom/9ADDEB220D16C8DAE54C517CBC09DC55.jpg,https://driveimg1.intermarche.com/pt/Content/images/boitmal/produit/zoom/9ADDEB220D16C8DAE54C517CBC09DC55.jpg,2025-12-31T23:59:59Z,PROSPECTUS,14,4,,,,
54348,5601217138064,1332.0,Quanto,"Amaciador roupa concentrado ouro e orquídea branca, 74d",,2.99,2.24,1332,L,€/L,,,https://driveimg1.intermarche.com/pt/Content/images/boitmal/produit/zoom/0C119962D33161B345F6A902867F6FC1.jpg,,,,2025-12-31T23:59:59Z,PROSPECTUS,14,4,,,,
54355,9000100656863,,Bref,"Bloco Sanitário Poder Activo Aqua Duplo, 2un.",,2.99,2.99,0,,€/Unidade,,,https://driveimg1.intermarche.com/pt/Content/images/boitmal/produit/zoom/2D4402DF4DBC8F18978353140489AAE1.jpg,,,,2025-12-31T23:59:59Z,PROSPECTUS,14,4,,,,
54361,8410104915186,,Finish,"Detergente Loiça Máquina Quantum Limão, 28 Pastilhas",,5.99,5.99,0,,€/Unidade,,,https://driveimg1.intermarche.com/pt/Content/images/boitmal/produit/zoom/AF6445EE2B2537230E8784866A377CB3.jpg,,,,2025-12-31T23:59:59Z,PROSPECTUS,14,4,,,,
54365,8410104915209,,Finish,"Detergente Loiça Máquina Quantum Limão, 64 Pastilhas",,12.99,12.99,0,,€/Unidade,,,https://driveimg1.intermarche.com/pt/Content/images/boitmal/produit/zoom/D395D7FB7505791938B52E99053AC6D0.jpg,,,,2025-12-31T23:59:59Z,PROSPECTUS,14,4,,,,
54373,8435495842828,,A+,"Detergente Máquina Roupa Líquido Optimal, 56D",,8.99,8.99,0,,€/Unidade,,,https://driveimg1.intermarche.com/pt/Content/images/boitmal/produit/zoom/1E48C4CC1DB3FDB2A49FC1D0EA8EC591.jpg,,,,2025-12-31T23:59:59Z,PROSPECTUS,14,4,,,,
54385,8410436468336,,Xtra,"Detergente Máquina Roupa Líquido Universal, 100D",,10.99,10.99,0,,€/Unidade,,,https://driveimg1.intermarche.com/pt/Content/images/boitmal/produit/zoom/E8F2FF6B445C975DC5B49244638348C0.jpg,,,,2025-12-31T23:59:59Z,PROSPECTUS,14,4,,,,
5439,5601314228248,750.0,Vitalis,"Água sem Gás Sport, emb. 75 cl",,0.57,0.76,750,L,€/L,,,https://driveimg1.intermarche.com/pt/Content/images/boitmal/produit/zoom/010F08729D04976DF26AE7ABDA2D160B.jpg,,,,2025-12-31T23:59:59Z,PROSPECTUS,14,4,,,,
54537,8700216323154,,Fairy,"Detergente Máquina Loiça Pastilhas Original Tudo em 1 Limão, 41D",,9.99,9.99,0,,€/Unidade,,,https://driveimg1.intermarche.com/pt/Content/images/boitmal/produit/zoom/2B102A42507542D79E488629773354F9.jpg,,,,2025-12-31T23:59:59Z,PROSPECTUS,14,4,,,,
54578,5604260332847,200.0,Labell Men,Deo Antitranspirante Invisible 200ml,,1.39,6.95,200,L,€/L,,,https://driveimg1.intermarche.com/pt/Content/images/boitmal/produit/zoom/9F97A1D9614F72330708B76934B0733F.jpg,,,,2025-12-31T23:59:59Z,PROSPECTUS,14,4,,,,
54647,8720181542169,,Skip,"Detergente Máquina Roupa Líquido Active Fresh, 100D",,15.99,15.99,0,,€/Unidade,,,https://driveimg1.intermarche.com/pt/Content/images/boitmal/produit/zoom/69D15CDE37B1E6AB89791358688DF042.jpg,,,,2025-12-31T23:59:59Z,PROSPECTUS,14,4,,,,
54671,8711327587199,2000.0,Lipton,"Ice tea limao, 2 l",,1.99,1.0,2000,L,€/L,,,https://driveimg1.intermarche.com/pt/Content/images/boitmal/produit/zoom/50E0AE93B7B2DC79031DA2E6F9D15838.jpg,,,,2025-12-31T23:59:59Z,PROSPECTUS,14,4,,,,
54735,5601164864719,330.0,Somersby,"Sidra com Álcool Maçã, emb. 33 cl",,0.99,3.0,330,L,€/L,,,https://driveimg1.intermarche.com/pt/Content/images/boitmal/produit/zoom/E33E9C4DA8A55D334C3B66C34E70F9E2.jpg,,,,2025-12-31T23:59:59Z,PROSPECTUS,14,4,,,,
54805,5603722521256,604.0,Mimosa,"Iogurte magro liquido morango e kiwi, 4 x 151ml",,1.54,2.55,604,L,€/L,,,https://driveimg1.intermarche.com/pt/Content/images/boitmal/produit/zoom/A3858514DE6D6159040FFCC958098D81.jpg,,,,2025-12-31T23:59:59Z,PROSPECTUS,14,4,,,,
54891,8700216443647,325.0,Pantene,"Champô Pro-V Active Nutri-Plex Anticaspa, 325ml",,4.79,14.74,325,L,€/L,,,https://driveimg1.intermarche.com/pt/Content/images/boitmal/produit/zoom/866D8EA218892925315346F23B26BAF5.jpg,,,,2025-12-31T23:59:59Z,PROSPECTUS,14,4,,,,
54894,8700216443814,325.0,Pantene,"Champô Pro-V Active Nutri-Plex Caracóis Perfeitos, 325ml",,3.94,12.12,325,L,€/L,,,https://driveimg1.intermarche.com/pt/Content/images/boitmal/produit/zoom/2CFDF04ECD7279040CD660975322260E.jpg,,,,2025-12-31T23:59:59Z,PROSPECTUS,14,4,,,,
54896,8700216442374,275.0,Pantene,"Condicionador Pro-V Active Nutri-Plex Caracóis Perfeitos, 275ml",,3.94,14.33,275,L,€/L,,,https://driveimg1.intermarche.com/pt/Content/images/boitmal/produit/zoom/6EC57A04C9F9C56D34F130944EEE05AE.jpg,,,,2025-12-31T23:59:59Z,PROSPECTUS,14,4,,,,
54905,8700216547154,250.0,Pantene,"Champô Pro-V Active Nutri-Plex Miracle Repara E Protege, 250ml",,4.94,19.76,250,L,€/L,,,https://driveimg1.intermarche.com/pt/Content/images/boitmal/produit/zoom/93D994A47CD22D1A55F5D6280EDD0DC8.jpg,,,,2025-12-31T23:59:59Z,PROSPECTUS,14,4,,,,
5498,5601531300123,750.0,Muralhas,"Vinho verde rosé monção, garrafa de 750 ml",,3.74,4.99,750,L,€/L,,,https://driveimg1.intermarche.com/pt/Content/images/boitmal/produit/zoom/D851F4F763EA7B60DAF7E4FF9807C34C.jpg,,,,2025-12-31T23:59:59Z,PROSPECTUS,14,4,,,,
55005,8720181519161,2800.0,Skip,"Detergente Máquina Roupa Pó Active Clean, 56D",,11.99,4.28,0,kg,€/Kg,,,https://driveimg1.intermarche.com/pt/Content/images/boitmal/produit/zoom/4C9F722309C33286502DDFA92799B62A.jpg,,,,2025-12-31T23:59:59Z,PROSPECTUS,14,4,,,,
55020,8414100380320,1000.0,Schweppes,"Água Tónica Pink Zero, 1L",,1.65,1.65,1000,L,€/L,,,https://driveimg1.intermarche.com/pt/Content/images/boitmal/produit/zoom/9F64E8CCCCADC48ABA4E2110848C4A2E.jpg,,,,2025-12-31T23:59:59Z,PROSPECTUS,14,4,,,,
55022,8711327624917,280.0,Magnum,"Gelado After Dinner, 8 x 35ml",,4.19,14.96,280,L,€/L,,Tipo de stockagem,https://driveimg1.intermarche.com/pt/Content/images/boitmal/produit/zoom/01E85D0D7CFD27050DD90D8BA136172A.jpg,,,,2025-12-31T23:59:59Z,PROSPECTUS,14,4,,,,
55088,5059319023106,330.0,Kellogg's,"Cereais Smacks, 330g",,3.34,10.12,0,kg,€/Kg,,,https://driveimg1.intermarche.com/pt/Content/images/boitmal/produit/zoom/FC2EF7AD6ED15E98F3685697ECA60571.jpg,https://driveimg1.intermarche.com/pt/Content/images/boitmal/produit/zoom/E4F54A9BDF0A66A8443AF61F28821A12.jpg,,,2025-12-31T23:59:59Z,PROSPECTUS,14,4,,,,
55107,5061013944748,500.0,Monster,"Bebida Energética Energy Bad Apple, emb. 50 cl",,1.39,2.78,500,L,€/L,,,https://driveimg1.intermarche.com/pt/Content/images/boitmal/produit/zoom/19269ECC561B379B6C0D2ECCDCFC7576.jpg,,,,2025-12-31T23:59:59Z,PROSPECTUS,14,4,,,,
55110,5900020045133,300.0,Nestlé,"Cereais Trix, emb. 300 gr",,2.98,9.93,0,kg,€/Kg,,,https://driveimg1.intermarche.com/pt/Content/images/boitmal/produit/zoom/93BBBFB4A5BBDB1E12E8787F066333CC.jpg,https://driveimg1.intermarche.com/pt/Content/images/boitmal/produit/zoom/3768870CAA7627C5B13EA2245B8A9205.jpg,,,2025-12-31T23:59:59Z,PROSPECTUS,14,4,,,,
55204,3073781083569,250.0,A Vaca Que Ri,"Queijo Fundido Curado Light Porções, emb. 250 gr",,2.95,11.8,0,kg,€/Kg,,,https://driveimg1.intermarche.com/pt/Content/images/boitmal/produit/zoom/BA14F4333F9B63BC6649C98ADF259ED4.jpg,,,,2025-12-31T23:59:59Z,PROSPECTUS,14,4,,,,
55502,8445290870889,,Nescafe,"Cápsulas Café Dolce Gusto Ristretto Ardenza Intensidade 11, 64un.",,19.99,19.99,64,,€/Unidade,,,https://driveimg1.intermarche.com/pt/Content/images/boitmal/produit/zoom/9CF1EF8BA12135493F691EC971749195.jpg,,,,2025-12-31T23:59:59Z,PROSPECTUS,14,4,,,,
556,3250390002123,500.0,Bouton D'or,Amendoins Torrados com Sal 500g,Embalagem de 500g,1.98,3.96,0,kg,€/Kg,,,https://driveimg1.intermarche.com/pt/Content/images/boitmal/produit/zoom/FC406929CE751CEA74B5FF68BDA2240A.jpg,,,,2025-12-31T23:59:59Z,PROSPECTUS,14,4,,,,
55909,7622202271571,90.0,Milka,"Tablete de Chocolate de Leite, emb. 90 gr",,1.99,22.11,0,kg,€/Kg,,,https://driveimg1.intermarche.com/pt/Content/images/boitmal/produit/zoom/579072CBD3F0657A7AF1E3584F796358.jpg,,,,2025-12-31T23:59:59Z,PROSPECTUS,14,4,,,,
56197,5604260330881,289.0,PorSi,Molho para Hambúrguer Top Down 289g,,1.59,5.5,0,kg,€/Kg,,,https://driveimg1.intermarche.com/pt/Content/images/boitmal/produit/zoom/6D2354E4D1956AB9CC644B90817E399C.jpg,,,,2025-12-31T23:59:59Z,PROSPECTUS,14,4,,,,
56204,5604260333189,140.0,PorSi,Milho Doce em Grão 3x140g,,1.89,13.5,0,kg,€/Kg,,,https://driveimg1.intermarche.com/pt/Content/images/boitmal/produit/zoom/51333DC761FA9683B5D9D043E0686864.jpg,,,,2025-12-31T23:59:59Z,PROSPECTUS,14,4,,,,
56253,5604260337460,150.0,PorSi,Batatas Fritas Onduladas com Sabor a Mel e Mostarda 150g,,1.49,9.93,0,kg,€/Kg,,,https://driveimg1.intermarche.com/pt/Content/images/boitmal/produit/zoom/C6C0BCC7F09323B008FD6E4D3A34617D.jpg,,,,2025-12-31T23:59:59Z,PROSPECTUS,14,4,,,,
56291,5604260332250,850.0,PorSi,Polpa de Manga 850g,,2.99,3.52,0,kg,€/Kg,,,https://driveimg1.intermarche.com/pt/Content/images/boitmal/produit/zoom/B12376FF3EB8B923C333E5630FD53320.jpg,,,,2025-12-31T23:59:59Z,PROSPECTUS,14,4,,,,
56407,5604260333639,750.0,Labell,Gel de Banho Romã e Bambu 750 ml,,1.59,2.12,750,L,€/L,,,https://driveimg1.intermarche.com/pt/Content/images/boitmal/produit/zoom/C08BF6625D0FB44BC93F89FE7D466A30.jpg,,,,2025-12-31T23:59:59Z,PROSPECTUS,14,4,,,,
56436,5604260333684,750.0,Labell,Gel de Banho Avena 750 ml,,1.59,2.12,750,L,€/L,,,https://driveimg1.intermarche.com/pt/Content/images/boitmal/produit/zoom/EFC4A1465A8BCE70F411F51AA8FDF018.jpg,,,,2025-12-31T23:59:59Z,PROSPECTUS,14,4,,,,
56458,5604260334452,200.0,PorSi,Chouriço de Cebola Beiras 200g,,1.99,9.95,0,kg,€/Kg,,,https://driveimg1.intermarche.com/pt/Content/images/boitmal/produit/zoom/CA2370BC258FB43E800BBBE018B02B12.jpg,,,,2025-12-31T23:59:59Z,PROSPECTUS,14,4,,,,
56547,5604260332564,50.0,Labell,Desodorizante Roll On B&w 48h - Men 50 ml,,0.85,17.0,50,L,€/L,,,https://driveimg1.intermarche.com/pt/Content/images/boitmal/produit/zoom/F84D0473DBC5E66AF0025DA73CB4554C.jpg,,,,2025-12-31T23:59:59Z,PROSPECTUS,14,4,,,,
57600,5601146300044,2000.0,Heineken,"Cerveja com Álcool, emb. 4 x 50 cl",,4.98,2.49,2000,L,€/L,,,https://driveimg1.intermarche.com/pt/Content/images/boitmal/produit/zoom/29594561060DE6974326BC0FDE6713D3.jpg,,,,2025-12-31T23:59:59Z,PROSPECTUS,14,4,,,,
57683,8414100381297,1500.0,Schweppes,"Refrigerante com Gás Laranja sem Açúcar, emb. 1,5 lt",,1.19,0.79,1500,L,€/L,,,https://driveimg1.intermarche.com/pt/Content/images/boitmal/produit/zoom/7F0E1E2C80B88BF33727084D67BFA3CA.jpg,,,,2025-12-31T23:59:59Z,PROSPECTUS,14,4,,,,
57684,8414100381303,1500.0,Schweppes,"Refrigerante com Gás Laranja, emb. 1,5 lt",,1.19,0.79,1500,L,€/L,,,https://driveimg1.intermarche.com/pt/Content/images/boitmal/produit/zoom/4C2B06C02D2136A8CDFE24E9E50D278C.jpg,,,,2025-12-31T23:59:59Z,PROSPECTUS,14,4,,,,
57685,8414100381266,1500.0,Schweppes,"Refrigerante com Gás Limão, garrafa 1,5 lt",,1.19,0.79,1500,L,€/L,,,https://driveimg1.intermarche.com/pt/Content/images/boitmal/produit/zoom/2D7FCFA627FBB2334A6D4E84F6632132.jpg,,,,2025-12-31T23:59:59Z,PROSPECTUS,14,4,,,,
57686,8414100381280,1500.0,Schweppes,"Refrigerante com Gás Citrus sem Açúcar, emb. 1,5 lt",,1.19,0.79,1500,L,€/L,,,https://driveimg1.intermarche.com/pt/Content/images/boitmal/produit/zoom/36DEB528A19697D8CA5B0FFBCEE2D736.jpg,,,,2025-12-31T23:59:59Z,PROSPECTUS,14,4,,,,
5952,5604260266975,750.0,PorSi,Creme Limpeza Limão 750ml,,1.19,1.59,750,L,€/L,,,https://driveimg1.intermarche.com/pt/Content/images/boitmal/produit/zoom/027565F59F15238B5A7D4E131B9F8DAD.jpg,,,,2025-12-31T23:59:59Z,PROSPECTUS,14,4,,,,
6037,5606215050011,750.0,Raposeira,Espumante meio seco reserva,Garrafa de 0.75 l,7.99,10.65,750,L,€/L,,,https://driveimg1.intermarche.com/pt/Content/images/boitmal/produit/zoom/044941B59EA88601A39BA3F3C187937B.jpg,,,,2025-12-31T23:59:59Z,PROSPECTUS,14,4,,,,
6038,5606215060010,750.0,Raposeira,Espumante doce reserva,Garrafa de 0.75 l,7.99,10.65,750,L,€/L,,,https://driveimg1.intermarche.com/pt/Content/images/boitmal/produit/zoom/533876960889D0BD3421CBEF885E2158.jpg,,,,2025-12-31T23:59:59Z,PROSPECTUS,14,4,,,,
6145,7622300370367,100.0,Milka,"Tablete de chocolate daim, embalagem de 100g",,1.99,19.9,0,kg,€/Kg,,,https://driveimg1.intermarche.com/pt/Content/images/boitmal/produit/zoom/2A01358C77615C1CC63B173E3AC11E0E.jpg,,,,2025-12-31T23:59:59Z,PROSPECTUS,14,4,,,,
616,3250390114673,360.0,Bouton D´or,Pepinos Extra Finos 680g,Embalagem de 380 g,2.59,7.19,0,kg,€/Kg,,,https://driveimg1.intermarche.com/pt/Content/images/boitmal/produit/zoom/131D236F1C36D4400362C1A6459D9792.jpg,,,,2025-12-31T23:59:59Z,PROSPECTUS,14,4,,,,
6207,8001480020528,2000.0,Neoblanc,Lixívia para roupa tradicional,Embalagem de 2 l,1.74,0.87,2000,L,€/L,,,https://driveimg1.intermarche.com/pt/Content/images/boitmal/produit/zoom/930401C25A92312F34CEB71B016BE255.jpg,,,,2025-12-31T23:59:59Z,PROSPECTUS,14,4,,,,
6208,8001480020580,2000.0,Neoblanc,Lixívia Denso-Activa Tradicional p/ Casa e Roupa,Embalagem de 2 l,2.99,1.5,2000,L,€/L,,,https://driveimg1.intermarche.com/pt/Content/images/boitmal/produit/zoom/7CE5B1AAB75A1C5E9FE59503408E0B94.jpg,,,,2025-12-31T23:59:59Z,PROSPECTUS,14,4,,,,
6315,8410063055923,800.0,Pescanova,"Camarão Moçambique Médio 48/64 Ultracongelado, emb. 800 gr",,16.99,21.24,0,kg,€/Kg,,Tipo de stockagem,https://driveimg1.intermarche.com/pt/Content/images/boitmal/produit/zoom/85CC3B8F2E9B3BFD78B9D6D509C7D56E.jpg,,,,2025-12-31T23:59:59Z,PROSPECTUS,14,4,,,,
6398,8410372182303,75.0,Colgate,"Dentifríco flúor gel, embalagem de 75 ml",,1.99,26.53,75,L,€/L,,,https://driveimg1.intermarche.com/pt/Content/images/boitmal/produit/zoom/3F011A79E5A34E1D47A1369D50D1C53B.jpg,,,,2025-12-31T23:59:59Z,PROSPECTUS,14,4,,,,
640,3250390207528,125.0,Bouton D'or,Cajus Torrados Salgados 125g,Embalagem de 130g,1.66,13.28,0,kg,€/Kg,,,https://driveimg1.intermarche.com/pt/Content/images/boitmal/produit/zoom/F01CD1FD2A576F15B808787D862A108B.jpg,,,,2025-12-31T23:59:59Z,PROSPECTUS,14,4,,,,
6834,8714789162607,,Colgate,"Escova de dentes, extra clean, 2 unidades",,2.24,2.24,2,,€/Unidade,,,https://driveimg1.intermarche.com/pt/Content/images/boitmal/produit/zoom/44661A51C33886F9F9D2E9E6336E3737.jpg,,,,2025-12-31T23:59:59Z,PROSPECTUS,14,4,,,,
