identifier,produitEan13,capacite,marque,libelle,conditionnement,prix,unitPrice,volume,typeProduit_uniteByCode,unit_value,pictogrammes_0,pictogrammes_libelleCategorie,images_0,images_1,images_2,images_3,avantages_dateFin,avantages_categorie,nro_paginas,page,images_4,images_5,images_6,images_7
13934,2891062000000,250.0,Porco,Rojões,1 un = 250 gr  (aprox.),1.05,4.19,0,,€/Kg,,,https://driveimg1.intermarche.com/pt/Content/images/boitmal/produit/zoom/925F2FDC1F925A7FD71EE6165315B22E.jpg,,,,2025-04-09T23:59:59.999999999+01:00,PROSPECTUS,11,1,,,,
20101,5601010131231,120.0,Ramirez,"Atum em azeite, embalagem de 120g",,1.39,11.58,0,kg,€/Kg,,,https://driveimg1.intermarche.com/pt/Content/images/boitmal/produit/zoom/4E16DC667779622705519F8CE1EA40F5.jpg,,,,2025-04-09T23:59:59.999999999+01:00,PROSPECTUS,11,1,,,,
1322,5601163011114,5400.0,Luso,"Água sem gás, garrafa de 5,4 l",,1.59,0.29,5400,L,€/L,,,https://driveimg1.intermarche.com/pt/Content/images/boitmal/produit/zoom/AA9320932FF184911C32006B7463EC74.jpg,,,,2025-04-09T23:59:59.999999999+01:00,PROSPECTUS,11,1,,,,
10914,3250390011620,200.0,Páturages,Queijo brie 60% mg,Embalagem de 200 g,1.68,8.4,0,kg,€/Kg,,,https://driveimg1.intermarche.com/pt/Content/images/boitmal/produit/zoom/4BF7058D0138CA4DFA3E37B503FC8E28.jpg,,,,2025-04-23T23:59:59.999999999+01:00,PROSPECTUS,11,1,,,,
14921,2892534000000,400.0,Legumes,Couve Bróculo,Vendido ao peso,0.68,1.69,0,,€/Kg,,,https://driveimg1.intermarche.com/pt/Content/images/boitmal/produit/zoom/4F48873F332B6ECE759CD88793270811.jpg,,,,2025-04-09T23:59:59.999999999+01:00,PROSPECTUS,11,1,,,,
10702,8714789925349,75.0,Colgate,"Pasta dentífrica máxima proteção, fresca, embalagem de 75 ml",,1.99,26.53,75,L,€/L,,,https://driveimg1.intermarche.com/pt/Content/images/boitmal/produit/zoom/25ADA59A95A3FDAF86D88BFBC2F69BCB.jpg,,,,2025-04-09T23:59:59.999999999+01:00,PROSPECTUS,11,1,,,,
13561,2893555000000,400.0,Peixaria,Red Fish Congelado,,1.6,3.99,0,,€/Kg,,Avantages !,https://driveimg1.intermarche.com/pt/Content/images/boitmal/produit/zoom/6B51C5A0022242B4A2691EFB27EE24DC.jpg,,,,2025-04-09T23:59:59.999999999+01:00,PROSPECTUS,11,1,,,,
22953,8411660670236,750.0,Sanytol,Desinfetante Multiusos,Embalagem de 750 ml,2.49,3.32,750,L,€/L,,,https://driveimg1.intermarche.com/pt/Content/images/boitmal/produit/zoom/1EEAA97664C33C6BEBEA4FA4B7290F03.jpg,,,,2025-04-09T23:59:59.999999999+01:00,PROSPECTUS,11,1,,,,
10883,3147690024804,750.0,Cruz,Porto special reserva," garrafa de 0,75 l",9.99,13.32,750,L,€/L,,,https://driveimg1.intermarche.com/pt/Content/images/boitmal/produit/zoom/01146C49D6D1001F9B0A4FC43CD6365E.jpg,,,,2025-04-23T23:59:59.999999999+01:00,PROSPECTUS,11,1,,,,
25542,7613035378681,115.0,Purina One,Snack de higiene oral diária para cão médio,Embalagem de 115 g,2.24,19.48,0,kg,€/Kg,,,https://driveimg1.intermarche.com/pt/Content/images/boitmal/produit/zoom/CC61BC096B4044BD95549C5F6B38B6BE.jpg,,,,2025-04-09T23:59:59.999999999+01:00,PROSPECTUS,11,1,,,,
37443,7613037040869,250.0,Nestum,"Nestum zero espelta/aveia, embalagem de 250g",,2.24,8.96,0,kg,€/Kg,,,https://driveimg1.intermarche.com/pt/Content/images/boitmal/produit/zoom/BF80E2BF1A95765256612BEC5A65D8DD.jpg,,,,2025-04-09T23:59:59.999999999+01:00,PROSPECTUS,11,1,,,,
6278,8410001103877,,Scotch Brite,"Esfregão com Esponja Salva Unhas Fibra Verde Gama Classic, 2 unidades",,1.49,1.49,0,,€/Unidade,,,https://driveimg1.intermarche.com/pt/Content/images/boitmal/produit/zoom/8B050954A17B3AEE53D05423C2DB9B5C.jpg,,,,2025-04-09T23:59:59.999999999+01:00,PROSPECTUS,11,1,,,,
18595,8410500016012,400.0,Danonino Danone,"Iogurte líquido danonino morango, embalagem de 4 x 100g",,1.99,4.98,0,kg,€/Kg,,,https://driveimg1.intermarche.com/pt/Content/images/boitmal/produit/zoom/00E1EF11C0C6DBF4F5207E20D5392DA2.jpg,,,,2025-04-09T23:59:59.999999999+01:00,PROSPECTUS,11,1,,,,
41874,8718951313316,75.0,Colgate,"Pasta dentífrica cool mint, 75 ml",,2.16,28.8,75,L,€/L,,,https://driveimg1.intermarche.com/pt/Content/images/boitmal/produit/zoom/2DAA61BE6D06A4399D41EFB19DA0D088.jpg,,,,2025-04-09T23:59:59.999999999+01:00,PROSPECTUS,11,1,,,,
47109,7613287218704,110.0,Nestlé,"Bolsitas de puré de 4 frutas, embalagem de 110g",,0.73,6.64,0,kg,€/Kg,,,https://driveimg1.intermarche.com/pt/Content/images/boitmal/produit/zoom/AAE972318DF3C7B29E7A2F9B4E66DEFB.jpg,,,,2025-04-09T23:59:59.999999999+01:00,PROSPECTUS,11,1,,,,
13048,2893561000000,250.0,Marisco,Ameijoa Branca Vietnamita Congelada,Vendido a partir de 250 gr  (aprox.),0.5,1.99,0,,€/Kg,,Avantages !,https://driveimg1.intermarche.com/pt/Content/images/boitmal/produit/zoom/EB1BC296FF41180E6F3E1626AD4F78AA.jpg,,,,2025-04-09T23:59:59.999999999+01:00,PROSPECTUS,11,1,,,,
5096,5601050026429,300.0,Danonino Danone,"Queijinho danonino petitdino de morango/banana, embalagem de 6 x 50g",,1.99,6.63,0,kg,€/Kg,,,https://driveimg1.intermarche.com/pt/Content/images/boitmal/produit/zoom/FA8D1A9125B498992C62B9745CC5DD3D.jpg,,,,2025-04-09T23:59:59.999999999+01:00,PROSPECTUS,11,1,,,,
14862,2696029000000,70.0,Padaria,Carcaça Rústica 70 g,,0.2,2.86,0,kg,€/Kg,,,https://driveimg1.intermarche.com/pt/Content/images/boitmal/produit/zoom/6A03940B6FE85C788180114F1E701715.jpg,,,,2025-04-09T23:59:59.999999999+01:00,PROSPECTUS,11,1,,,,
23762,5600202948305,750.0,Valleperro,Vinho doc douro reserva tinto,Garrafa de 0.75 l,4.49,5.99,750,L,€/L,,,https://driveimg1.intermarche.com/pt/Content/images/boitmal/produit/zoom/4FD1538B4F408ABED94BD4577064FA6C.jpg,,,,2025-04-09T23:59:59.999999999+01:00,PROSPECTUS,11,1,,,,
12994,2892524000000,100.0,Legumes,Cenoura Granel,1 un = 100 gr (aprox.),0.09,0.85,0,,€/Kg,,,https://driveimg1.intermarche.com/pt/Content/images/boitmal/produit/zoom/5AEDEF3ED6ABEF24EACEE9C46AA7916F.jpg,,,,2025-04-09T23:59:59.999999999+01:00,PROSPECTUS,11,1,,,,
13914,2891225000000,350.0,Frango,Perna com Costa,1 un. = 300 g (aprox.),0.8,2.29,0,,€/Kg,,,https://driveimg1.intermarche.com/pt/Content/images/boitmal/produit/zoom/D1297D1CD095629263E582A65B4C3857.jpg,,,,2025-04-09T23:59:59.999999999+01:00,PROSPECTUS,11,1,,,,
13833,2892579000000,300.0,Legumes,Pepino,1 un = 300 gr  (aprox.),0.45,1.49,0,,€/Kg,,,https://driveimg1.intermarche.com/pt/Content/images/boitmal/produit/zoom/BD2734BFC4704D52A466FC85B929304E.jpg,,,,2025-04-09T23:59:59.999999999+01:00,PROSPECTUS,11,1,,,,
32974,5604260286966,200.0,PorSi,Miolo de noz,200 g,2.45,12.25,0,kg,€/Kg,,,https://driveimg1.intermarche.com/pt/Content/images/boitmal/produit/zoom/909BDA63C72C379009D4FDA941AB6267.jpg,,,,2025-04-23T23:59:59.999999999+01:00,PROSPECTUS,11,1,,,,
13821,2892597000000,200.0,Legumes,Tomate Cacho,1 un = 200 gr (aprox.),0.34,1.69,0,,€/Kg,,,https://driveimg1.intermarche.com/pt/Content/images/boitmal/produit/zoom/FD67F77AFAB450B6A4FA38E0279E6686.jpg,,,,2025-04-09T23:59:59.999999999+01:00,PROSPECTUS,11,1,,,,
19111,5604649918204,500.0,Fruta,Uva Branca sem grainha,Embalagem de 500 g,2.49,4.98,0,kg,€/Kg,,,https://driveimg1.intermarche.com/pt/Content/images/boitmal/produit/zoom/67F8986763A7150348D1ACB12C17814C.jpg,,,,2025-04-09T23:59:59.999999999+01:00,PROSPECTUS,11,1,,,,
13866,2891048000000,1000.0,Porco,Bifanas,Vendido ao peso a partir de 1 kg,4.19,4.19,0,,€/Kg,,,https://driveimg1.intermarche.com/pt/Content/images/boitmal/produit/zoom/72DE0DA6B485199AC995C629E3E4D279.jpg,,,,2025-04-09T23:59:59.999999999+01:00,PROSPECTUS,11,1,,,,
14847,2892476000000,100.0,Programa Origens,Alho Seco,Vendido a partir de 100 gr,0.57,5.69,0,,€/Kg,,,https://driveimg1.intermarche.com/pt/Content/images/boitmal/produit/zoom/CFA3B1E723D71FB9BFAE5D5B250C3BB3.jpg,,,,2025-04-09T23:59:59.999999999+01:00,PROSPECTUS,11,1,,,,
14882,2891118000000,1600.0,Frango,Frango Inteiro Grande,1 un = 1.6 kg (aprox.),3.66,2.29,0,,€/Kg,,,https://driveimg1.intermarche.com/pt/Content/images/boitmal/produit/zoom/3581EC31F0B1F288A68020FE172EC513.jpg,,,,2025-04-09T23:59:59.999999999+01:00,PROSPECTUS,11,1,,,,
15577,5604260279166,125.0,PorSi,Framboesa,Embalagem com 125g,1.99,15.92,0,kg,€/Kg,,,https://driveimg1.intermarche.com/pt/Content/images/boitmal/produit/zoom/B88FD29FAEF1BF8CB6DEB86AC94C2B60.jpg,,,,2025-04-09T23:59:59.999999999+01:00,PROSPECTUS,11,1,,,,
1730,5604260000319,250.0,PorSi,"Massa cuscus, embalagem de 250g",,0.55,2.2,0,kg,€/Kg,,,https://driveimg1.intermarche.com/pt/Content/images/boitmal/produit/zoom/46EBB016676D295FEB6BDF8AF4C79600.jpg,,,,2025-04-09T23:59:59.999999999+01:00,PROSPECTUS,11,1,,,,
13893,2891043000000,1000.0,Porco,Entrecosto,Vendido ao peso a partir de 1 kg,4.99,4.99,0,,€/Kg,,,https://driveimg1.intermarche.com/pt/Content/images/boitmal/produit/zoom/AA05EE99D302D59771FCC108473E0700.jpg,,,,2025-04-09T23:59:59.999999999+01:00,PROSPECTUS,11,1,,,,
2314,5604260271856,355.0,PorSi,Cogumelos inteiros,Embalagem de 355 g,1.29,3.63,0,kg,€/Kg,,,https://driveimg1.intermarche.com/pt/Content/images/boitmal/produit/zoom/01F5BA204144BDCBC76F253B25332909.jpg,,,,2025-04-09T23:59:59.999999999+01:00,PROSPECTUS,11,1,,,,
47842,5604260320257,138.0,PorSi,Barras de cereais com chocolate preto,6 x 23 g,1.55,11.23,0,kg,€/Kg,,,https://driveimg1.intermarche.com/pt/Content/images/boitmal/produit/zoom/D8D3FBD64602D6125EA757EC79A4CBEB.jpg,,,,2025-04-09T23:59:59.999999999+01:00,PROSPECTUS,11,1,,,,
8998,5601511000616,400.0,Limiano,"Queijo em fatias, 400g",,4.09,10.23,0,kg,€/Kg,,,https://driveimg1.intermarche.com/pt/Content/images/boitmal/produit/zoom/B876EB9E5C4AFD1BCE528AB6B8F31622.jpg,,,,2025-04-09T23:59:59.999999999+01:00,PROSPECTUS,11,1,,,,
11755,5601511000623,400.0,Limiano,"Queijo fatias -50% de gordura, 400g",,4.19,10.48,0,kg,€/Kg,,,https://driveimg1.intermarche.com/pt/Content/images/boitmal/produit/zoom/1F49DD4803359F1338D0D32889490E90.jpg,,,,2025-04-09T23:59:59.999999999+01:00,PROSPECTUS,11,1,,,,
12891,2892251000000,1000.0,Fruta,Melão Amarelo,Vendido ao peso | 1 un = 2.5 kg (aprox.),1.39,1.39,0,,€/Kg,,,https://driveimg1.intermarche.com/pt/Content/images/boitmal/produit/zoom/7FC6480EAA2DA6E0684936F3CBA96CC9.jpg,,,,2025-04-09T23:59:59.999999999+01:00,PROSPECTUS,11,1,,,,
15125,2895006000000,150.0,Terra Nostra,Queijo Flamengo em Barra,1 un = 150 gr (aprox.),1.39,9.29,0,,€/Kg,,,https://driveimg1.intermarche.com/pt/Content/images/boitmal/produit/zoom/BF84618CA37316EE2612494B15F423CC.jpg,,,,2025-04-09T23:59:59.999999999+01:00,PROSPECTUS,11,1,,,,
20918,5000116110964,840.0,Capitão Iglo,"30 douradinhos, embalagem de 840g",,8.99,10.7,0,kg,€/Kg,,Tipo de stockagem,https://driveimg1.intermarche.com/pt/Content/images/boitmal/produit/zoom/3C52B0905F2F1ACE3D67359B13FE0331.jpg,,,,2025-04-09T23:59:59.999999999+01:00,PROSPECTUS,11,1,,,,
42845,5604260287154,200.0,PorSi,Amendoim caramelizado,Embalagem de 200g,1.39,6.95,0,kg,€/Kg,,,https://driveimg1.intermarche.com/pt/Content/images/boitmal/produit/zoom/ABF2CDFFBAB7CF81DD3B568773A40BE1.jpg,,,,2025-04-23T23:59:59.999999999+01:00,PROSPECTUS,11,1,,,,
46714,5604260318742,,PorSi,Papel higiénico branco folha tripla,12 rolos,3.79,3.79,0,,€/Unidade,,,https://driveimg1.intermarche.com/pt/Content/images/boitmal/produit/zoom/302F6B4FE48393BA7E5D666ED55E249B.jpg,,,,2025-04-09T23:59:59.999999999+01:00,PROSPECTUS,11,1,,,,
47635,8412600018316,300.0,Bimbo,Bimbo® bagels clássico 4 un.,Embalagem de 300g,2.34,7.8,0,kg,€/Kg,,,https://driveimg1.intermarche.com/pt/Content/images/boitmal/produit/zoom/E29B7F13889FE8AF18A9C1C0F8DAA10D.jpg,,,,2025-04-09T23:59:59.999999999+01:00,PROSPECTUS,11,1,,,,
52566,5604260329502,555.0,PorSi,Cogumelos Laminados,Pack de 3 x 185 g,2.25,4.05,0,kg,€/Kg,,,https://driveimg1.intermarche.com/pt/Content/images/boitmal/produit/zoom/CAE31729F1814975AABE2147FB00CFB2.jpg,,,,2025-04-09T23:59:59.999999999+01:00,PROSPECTUS,11,1,,,,
11523,5601051410029,250.0,Primor,"Manteiga com sal, 250g",,2.09,8.36,0,kg,€/Kg,,,https://driveimg1.intermarche.com/pt/Content/images/boitmal/produit/zoom/6515E45A6FB2F6024F4DECB68FB265B3.jpg,,,,2025-04-09T23:59:59.999999999+01:00,PROSPECTUS,11,1,,,,
13814,2892558000000,250.0,Legumes,Feijão Verde,1 un = 250 gr  (aprox.),0.82,3.29,0,,€/Kg,,,https://driveimg1.intermarche.com/pt/Content/images/boitmal/produit/zoom/5688B97D5E073F1C8E51E2F8542D9EC1.jpg,,,,2025-04-09T23:59:59.999999999+01:00,PROSPECTUS,11,1,,,,
1726,5604260000272,250.0,PorSi,"Massa pevide, embalagem de 250g",,0.55,2.2,0,kg,€/Kg,,,https://driveimg1.intermarche.com/pt/Content/images/boitmal/produit/zoom/A4A2080D7D2A6FF3E0E1E1CA80D0F6AC.jpg,,,,2025-04-09T23:59:59.999999999+01:00,PROSPECTUS,11,1,,,,
18024,2696283000000,250.0,Pastelaria,"Baguete Constance Cereais, 250 g",,1.09,4.36,0,kg,€/Kg,,,https://driveimg1.intermarche.com/pt/Content/images/boitmal/produit/zoom/CA22C31024FFE026D063A83A78526055.jpg,,,,2025-04-23T23:59:59.999999999+01:00,PROSPECTUS,11,1,,,,
1815,5604260030552,250.0,PorSi,"Massa de letras, embalagem de 250g",,0.55,2.2,0,kg,€/Kg,,,https://driveimg1.intermarche.com/pt/Content/images/boitmal/produit/zoom/ADD207FFC4765928155A6C2D6E490CBF.jpg,,,,2025-04-09T23:59:59.999999999+01:00,PROSPECTUS,11,1,,,,
26047,8412600070994,650.0,Bimbo,Pão de forma s/ côdea,Embalagem de 650 g,2.14,3.29,0,kg,€/Kg,,,https://driveimg1.intermarche.com/pt/Content/images/boitmal/produit/zoom/29A6957961BACB180F45AAA47CD1FB78.jpg,,,,2025-04-09T23:59:59.999999999+01:00,PROSPECTUS,11,1,,,,
35441,5604260291168,780.0,PorSi,Cogumelos laminados,780 g,2.19,2.81,0,kg,€/Kg,,,https://driveimg1.intermarche.com/pt/Content/images/boitmal/produit/zoom/F874C2D913FFAAA6855A523B2803F053.jpg,,,,2025-04-09T23:59:59.999999999+01:00,PROSPECTUS,11,1,,,,
40743,5604260303236,2500.0,PorSi,Batata pré-frita palitos finos,Embalagem de 2.5 kg,4.86,1.94,0,kg,€/Kg,,Tipo de stockagem,https://driveimg1.intermarche.com/pt/Content/images/boitmal/produit/zoom/8C1F058D1E72F760AB403A89545663F3.jpg,,,,2025-04-09T23:59:59.999999999+01:00,PROSPECTUS,11,1,,,,
44936,8711327318373,540.0,Olá,"Cornetto clássico, embalagem de 6 x 90 ml",,5.49,10.17,540,L,€/L,,Tipo de stockagem,https://driveimg1.intermarche.com/pt/Content/images/boitmal/produit/zoom/375352E817B7CDAB1DA63F9C8C8FF261.jpg,,,,2025-04-09T23:59:59.999999999+01:00,PROSPECTUS,11,1,,,,
45424,5449000205551,1500.0,Sprite,"Refrigerante com gás lima limão, garrafa de 1.5 l",,0.99,0.66,1500,L,€/L,,,https://driveimg1.intermarche.com/pt/Content/images/boitmal/produit/zoom/435BA3924DACD7858B68099757279D0D.jpg,,,,2025-04-09T23:59:59.999999999+01:00,PROSPECTUS,11,1,,,,
52880,8719200267794,450.0,Becel,"Creme vegetal de barrar com sabor a manteiga, 450g",,3.56,7.91,0,kg,€/Kg,,,https://driveimg1.intermarche.com/pt/Content/images/boitmal/produit/zoom/E2EFE8BE5E96AF9FCA9D840059BF696C.jpg,https://driveimg1.intermarche.com/pt/Content/images/boitmal/produit/zoom/287D301C66C180312FAA8A3BAE7EA710.jpg,https://driveimg1.intermarche.com/pt/Content/images/boitmal/produit/zoom/287D301C66C180312FAA8A3BAE7EA710.jpg,https://driveimg1.intermarche.com/pt/Content/images/boitmal/produit/zoom/287D301C66C180312FAA8A3BAE7EA710.jpg,2025-04-09T23:59:59.999999999+01:00,PROSPECTUS,11,1,,,,
8434,5601050033731,620.0,Danone,"Iogurte activia líquido 0% lima/limão, embalagem de 4 x 155g",,1.99,3.21,0,kg,€/Kg,,,https://driveimg1.intermarche.com/pt/Content/images/boitmal/produit/zoom/B41EA750EA9360556362913E488E9E4D.jpg,,,,2025-04-09T23:59:59.999999999+01:00,PROSPECTUS,11,1,,,,
9292,5603722493812,250.0,Matinal,"Manteiga magra, embalagem de 250g",,2.49,9.96,0,kg,€/Kg,,,https://driveimg1.intermarche.com/pt/Content/images/boitmal/produit/zoom/AA91DFCE88DA98DA1BB05E606B3C1FF9.jpg,,,,2025-04-09T23:59:59.999999999+01:00,PROSPECTUS,11,1,,,,
931,5601001228100,300.0,Nestum,Nestum flocos de cereais com mel,Embalagem de 300g,2.09,6.97,0,kg,€/Kg,,,https://driveimg1.intermarche.com/pt/Content/images/boitmal/produit/zoom/82B368094FF4C269D04DE75FB30D7775.jpg,,,,2025-04-09T23:59:59.999999999+01:00,PROSPECTUS,11,1,,,,
11464,5601018003400,1000.0,Matinal,"Leite seleccionado meio gordo, de 1l",,0.99,0.99,1000,L,€/L,,,https://driveimg1.intermarche.com/pt/Content/images/boitmal/produit/zoom/5F34056BF2D07C9D39E218B31081D1FC.jpg,,,,2025-04-09T23:59:59.999999999+01:00,PROSPECTUS,11,1,,,,
11466,5601018004605,200.0,Gresso,Nata uht para bater 200 ml,,0.84,4.2,200,L,€/L,,,https://driveimg1.intermarche.com/pt/Content/images/boitmal/produit/zoom/6D55411BE639B830632A68D20D002036.jpg,,,,2025-04-09T23:59:59.999999999+01:00,PROSPECTUS,11,1,,,,
1188,5601119007970,200.0,Nobre,"Salsichas de porco, lata de 200g",,1.39,6.95,0,kg,€/Kg,,,https://driveimg1.intermarche.com/pt/Content/images/boitmal/produit/zoom/F480FC52D56464F3C1B867155F4A37B9.jpg,,,,2025-04-09T23:59:59.999999999+01:00,PROSPECTUS,11,1,,,,
12325,8410000827446,440.0,Oreo,Bolachas oreo,Embalagem de 440g,2.99,6.8,0,kg,€/Kg,,,https://driveimg1.intermarche.com/pt/Content/images/boitmal/produit/zoom/3F53CBD16C3F8F93B7B232495F61BF89.jpg,,,,2025-04-09T23:59:59.999999999+01:00,PROSPECTUS,11,1,,,,
13094,2893070000000,150.0,Peixaria,Carapau Médio Fresco,1 un = 150 gr (aprox.),0.52,3.49,0,,€/Kg,,,https://driveimg1.intermarche.com/pt/Content/images/boitmal/produit/zoom/9E2B2401113767EAD496436587CA5A46.jpg,,,,2025-04-09T23:59:59.999999999+01:00,PROSPECTUS,11,1,,,,
1325,5601163120816,750.0,Luso,"Água sem gás, garrafa de 0,75 l",,0.74,0.99,750,L,€/L,,,https://driveimg1.intermarche.com/pt/Content/images/boitmal/produit/zoom/AA1A6E591B93610CCB3C24631D9E85B8.jpg,,,,2025-04-09T23:59:59.999999999+01:00,PROSPECTUS,11,1,,,,
13529,2893521000000,1000.0,Peixaria,Pescada do Chile Congelada Nº3,1 un= 1 kg (aprox.),9.59,9.59,0,,€/Kg,,Avantages !,https://driveimg1.intermarche.com/pt/Content/images/boitmal/produit/zoom/40D57D35BBDBDF72027C959F41A6E90C.jpg,,,,2025-04-09T23:59:59.999999999+01:00,PROSPECTUS,11,1,,,,
15966,3387390324082,375.0,Nestlé,"Cereais crunch 375g, embalagem de 380g",,3.19,8.51,0,kg,€/Kg,,,https://driveimg1.intermarche.com/pt/Content/images/boitmal/produit/zoom/97E5DD22E6A0A1213DCE078E04C67C77.jpg,,,,2025-04-09T23:59:59.999999999+01:00,PROSPECTUS,11,1,,,,
16609,8712561846530,700.0,Cif,"Creme abrasivo pink flowers, de 700 ml",,2.69,3.84,700,L,€/L,,,https://driveimg1.intermarche.com/pt/Content/images/boitmal/produit/zoom/C71BC29DB02419E55AB519313E13B11B.jpg,,,,2025-04-09T23:59:59.999999999+01:00,PROSPECTUS,11,1,,,,
17114,5000116110148,320.0,Capitão Iglo,"4 hamburguers vaca sem glúten, embalagem de 320g",,4.49,14.03,0,kg,€/Kg,,Tipo de stockagem,https://driveimg1.intermarche.com/pt/Content/images/boitmal/produit/zoom/F31F98EC751272F860D1F790EE53DF35.jpg,,,,2025-04-09T23:59:59.999999999+01:00,PROSPECTUS,11,1,,,,
1725,5604260000265,250.0,PorSi,"Massa bagos, 250g",,0.55,2.2,0,kg,€/Kg,,,https://driveimg1.intermarche.com/pt/Content/images/boitmal/produit/zoom/974FF28C753808191257D3DE1EC63B00.jpg,,,,2025-04-09T23:59:59.999999999+01:00,PROSPECTUS,11,1,,,,
1820,5604260031658,150.0,PorSi,Bolachas starship chocolate,Embalagem de 150g,1.19,7.93,0,kg,€/Kg,,,https://driveimg1.intermarche.com/pt/Content/images/boitmal/produit/zoom/B78F035B380AE4F85AF3DBBE7AF5EFF4.jpg,,,,2025-04-09T23:59:59.999999999+01:00,PROSPECTUS,11,1,,,,
19166,5604260274185,1000.0,PorSi,Kiwi,embalagem de 1Kg,2.49,2.49,0,kg,€/Kg,,,https://driveimg1.intermarche.com/pt/Content/images/boitmal/produit/zoom/4B3FD551DB4B491A1542FF19FDA92048.jpg,,,,2025-04-09T23:59:59.999999999+01:00,PROSPECTUS,11,1,,,,
2312,5604260271832,355.0,PorSi,Cogumelos laminados 1/2,Embalagem de 355 g,1.19,3.35,0,kg,€/Kg,,,https://driveimg1.intermarche.com/pt/Content/images/boitmal/produit/zoom/60708037644026A27C2FB6731A0DAB33.jpg,,,,2025-04-09T23:59:59.999999999+01:00,PROSPECTUS,11,1,,,,
23276,5604260281299,175.0,PorSi,Salada Gourmet Programa Origens,Embalagem de 175g,1.29,7.37,0,kg,€/Kg,,,https://driveimg1.intermarche.com/pt/Content/images/boitmal/produit/zoom/4B8FE4793F676EB4D411F04A36543FE6.jpg,,,,2025-04-09T23:59:59.999999999+01:00,PROSPECTUS,11,1,,,,
23278,5604260281282,250.0,PorSi,Salada toscana Programa Origens,embalagem de 250 g,1.49,5.96,0,kg,€/Kg,,,https://driveimg1.intermarche.com/pt/Content/images/boitmal/produit/zoom/829819BF310BA689C7002E0655E64BF5.jpg,,,,2025-04-09T23:59:59.999999999+01:00,PROSPECTUS,11,1,,,,
23469,8410500020453,280.0,Danone,"Danonino para levar, polpa de morango, embalagem de 4 x 70 g",,2.14,7.64,0,kg,€/Kg,,,https://driveimg1.intermarche.com/pt/Content/images/boitmal/produit/zoom/3E7A122EA567C89446D113FF66BFA0AE.jpg,,,,2025-04-09T23:59:59.999999999+01:00,PROSPECTUS,11,1,,,,
25242,5606586004576,500.0,Legumes,Mix pimentos 3 cores,Embalagem de 500 g,2.59,5.18,0,kg,€/Kg,,,https://driveimg1.intermarche.com/pt/Content/images/boitmal/produit/zoom/DFF802B7D57CA27FA6D647BAC9940397.jpg,,,,2025-04-09T23:59:59.999999999+01:00,PROSPECTUS,11,1,,,,
2749,8410063046532,350.0,Pescanova,"Miolo de camarão 80/100, embalagem de 350g",,6.99,19.97,0,kg,€/Kg,,Tipo de stockagem,https://driveimg1.intermarche.com/pt/Content/images/boitmal/produit/zoom/0EA75135180DC26543A97F342303334A.jpg,,,,2025-04-23T23:59:59.999999999+01:00,PROSPECTUS,11,1,,,,
29899,2696008000000,,Padaria,Bola Rústica,85 g,0.27,0.27,0,,€/Unidade,,,https://driveimg1.intermarche.com/pt/Content/images/boitmal/produit/zoom/06C705452DA793A390CC49C0690F6BDD.jpg,,,,2025-04-09T23:59:59.999999999+01:00,PROSPECTUS,11,1,,,,
33884,2893837000000,1500.0,Peixaria,Peixe espada preto inteiro,Vendido ao peso,11.99,7.99,0,,€/Kg,,,https://driveimg1.intermarche.com/pt/Content/images/boitmal/produit/zoom/0C1CA3DE6B16A13335042AAFE1F612D6.jpg,,,,2025-04-09T23:59:59.999999999+01:00,PROSPECTUS,11,1,,,,
35542,7613036867405,,Nescafé,"Café em cápsulas dolce gusto ristreto intenso, embalagem de 210g",,10.19,10.19,30,,€/Unidade,,,https://driveimg1.intermarche.com/pt/Content/images/boitmal/produit/zoom/FC99456EA03268527FE0EC549A21D081.jpg,,,,2025-04-09T23:59:59.999999999+01:00,PROSPECTUS,11,1,,,,
38291,8410436343527,1100.0,Sonasol,"Lava Tudo Desinfetante, embalagem 1,1l",,2.79,2.54,1100,L,€/L,,,https://driveimg1.intermarche.com/pt/Content/images/boitmal/produit/zoom/3BCE9789D68C09F6CE19611FDEABB947.jpg,,,,2025-04-09T23:59:59.999999999+01:00,PROSPECTUS,11,1,,,,
41065,5604649919805,300.0,Fruta,Abacate categoria II,Embalagem de 300 g,1.99,6.63,0,kg,€/Kg,,,https://driveimg1.intermarche.com/pt/Content/images/boitmal/produit/zoom/93A72763F7A087227DE3798E6EF50F82.jpg,,,,2025-04-09T23:59:59.999999999+01:00,PROSPECTUS,11,1,,,,
41379,5604260306299,170.0,PorSi,Fuet extra,170 g,2.29,13.47,0,kg,€/Kg,,,https://driveimg1.intermarche.com/pt/Content/images/boitmal/produit/zoom/E72FBE14A87755C6B100EA1587C2FA99.jpg,,,,2025-04-09T23:59:59.999999999+01:00,PROSPECTUS,11,1,,,,
41822,7613039868300,270.0,Nestlé,Cereais estrelitas,Embalagem de 270 g,2.09,7.74,0,kg,€/Kg,,,https://driveimg1.intermarche.com/pt/Content/images/boitmal/produit/zoom/8ED5B2AE951DD00B9C8D9B0148834738.jpg,,,,2025-04-09T23:59:59.999999999+01:00,PROSPECTUS,11,1,,,,
42987,5604260310142,200.0,PorSi Viva Bem,"Bolachas marítimas chia, 200g",,1.88,9.4,0,kg,€/Kg,,,https://driveimg1.intermarche.com/pt/Content/images/boitmal/produit/zoom/F47D7E06AB57B9945432B19BCFB9F330.jpg,,,,2025-04-09T23:59:59.999999999+01:00,PROSPECTUS,11,1,,,,
43733,5604260310388,200.0,PorSi,Miolo de Cajú,Embalagem de 200 g,2.69,13.45,0,kg,€/Kg,,,https://driveimg1.intermarche.com/pt/Content/images/boitmal/produit/zoom/58EF5D505F1C3086A35F0A0BD9184801.jpg,,,,2025-04-23T23:59:59.999999999+01:00,PROSPECTUS,11,1,,,,
47845,5604260320271,126.0,PorSi,Barras de cereais forma arandos,6 x 21 g,1.39,11.03,0,kg,€/Kg,,,https://driveimg1.intermarche.com/pt/Content/images/boitmal/produit/zoom/510BAB6DC94E26303B168B0AE32B380D.jpg,,,,2025-04-09T23:59:59.999999999+01:00,PROSPECTUS,11,1,,,,
49348,5601008102779,174.0,Vieira,Bolachas thins de aveia vieira de castro embalagem 174 g,,1.94,11.15,0,kg,€/Kg,,,https://driveimg1.intermarche.com/pt/Content/images/boitmal/produit/zoom/72AF35B4097AB18E8AF901C60582509C.jpg,,,,2025-04-09T23:59:59.999999999+01:00,PROSPECTUS,11,1,,,,
49819,5603722517327,600.0,Matinal,"Leite seleccionado leve, pack 3 x 200 ml",,1.43,2.38,600,L,€/L,,,https://driveimg1.intermarche.com/pt/Content/images/boitmal/produit/zoom/4E1E39519082067F8E10CE178A1C4928.jpg,,,,2025-04-09T23:59:59.999999999+01:00,PROSPECTUS,11,1,,,,
49964,8719200238176,225.0,Becel,"Creme de barrar, embalagem de 225g",,1.99,8.84,0,kg,€/Kg,,,https://driveimg1.intermarche.com/pt/Content/images/boitmal/produit/zoom/02C3B8CB4BF40DA381639A6BD63AEBA6.jpg,,,,2025-04-09T23:59:59.999999999+01:00,PROSPECTUS,11,1,,,,
50654,7613287218797,110.0,Nestlé,"Saqueta de fruta banana e morango +12m, 110g",,0.73,6.64,0,kg,€/Kg,,,https://driveimg1.intermarche.com/pt/Content/images/boitmal/produit/zoom/F59987C4DA3FED323F3E6B858D23FD51.jpg,,,,2025-04-09T23:59:59.999999999+01:00,PROSPECTUS,11,1,,,,
50658,7622201724443,150.0,Philadelphia,Queijo creme philadelphia light 150g,,1.79,11.93,0,kg,€/Kg,,,https://driveimg1.intermarche.com/pt/Content/images/boitmal/produit/zoom/8FABEA35481B05FDB647E4BD69595A1D.jpg,,,,2025-04-09T23:59:59.999999999+01:00,PROSPECTUS,11,1,,,,
51881,5600787049084,400.0,Kombucha,"Bebida probiótica de coco biológica, 400 ml",,1.79,4.48,400,L,€/L,,,https://driveimg1.intermarche.com/pt/Content/images/boitmal/produit/zoom/830C8CE576784D8C83E1F3ECA12AF669.jpg,,,,2025-04-09T23:59:59.999999999+01:00,PROSPECTUS,11,1,,,,
52935,5603722522628,200.0,Matinal,"Manteiga magra sem lactose, 200g",,1.99,9.95,0,kg,€/Kg,,,https://driveimg1.intermarche.com/pt/Content/images/boitmal/produit/zoom/8CBD1054729AF9FC46683642CA3D0920.jpg,https://driveimg1.intermarche.com/pt/Content/images/boitmal/produit/zoom/2A7DC81F20D438007A5500C63648E75B.jpg,https://driveimg1.intermarche.com/pt/Content/images/boitmal/produit/zoom/2A7DC81F20D438007A5500C63648E75B.jpg,,2025-04-09T23:59:59.999999999+01:00,PROSPECTUS,11,1,,,,
53000,8410199025357,170.0,LayS,Batatas gourmet finissima 170 g,,1.59,9.35,0,kg,€/Kg,,,https://driveimg1.intermarche.com/pt/Content/images/boitmal/produit/zoom/C1F9A5A136798AD56EECF2676BEF2065.jpg,https://driveimg1.intermarche.com/pt/Content/images/boitmal/produit/zoom/477A3ECD46364DE018D2E409C1F73223.jpg,https://driveimg1.intermarche.com/pt/Content/images/boitmal/produit/zoom/477A3ECD46364DE018D2E409C1F73223.jpg,https://driveimg1.intermarche.com/pt/Content/images/boitmal/produit/zoom/477A3ECD46364DE018D2E409C1F73223.jpg,2025-04-09T23:59:59.999999999+01:00,PROSPECTUS,11,1,,,,
8068,5011417544679,400.0,Finish,Abrilhantador p/ máquina de lavar loiça,Garrafa de 400 ml,3.99,9.98,400,L,€/L,,,https://driveimg1.intermarche.com/pt/Content/images/boitmal/produit/zoom/5D045CC65EE222532216DB5B0BF2A582.jpg,,,,2025-04-09T23:59:59.999999999+01:00,PROSPECTUS,11,1,,,,
9293,5603722493942,250.0,Primor,Manteiga pasteurizada com sal cuvet,Embalagem de 250g,2.14,8.56,0,kg,€/Kg,,,https://driveimg1.intermarche.com/pt/Content/images/boitmal/produit/zoom/F3F4D9FDF2A69DC31DE35D801759C2EE.jpg,,,,2025-04-09T23:59:59.999999999+01:00,PROSPECTUS,11,1,,,,
939,5601001315107,200.0,Nestlé,"Mistura solúvel tofina despertar, embalagem de 200g",,2.89,14.45,0,kg,€/Kg,,,https://driveimg1.intermarche.com/pt/Content/images/boitmal/produit/zoom/CC5A47735407D4C3B415883C0C674337.jpg,,,,2025-04-09T23:59:59.999999999+01:00,PROSPECTUS,11,1,,,,
951,5601010131217,120.0,Ramirez,"Atum posta em óleo, embalagem de 120g",,1.16,9.67,0,kg,€/Kg,,,https://driveimg1.intermarche.com/pt/Content/images/boitmal/produit/zoom/A9FA65BDF4D5D30164F11C66D8B5677D.jpg,,,,2025-04-09T23:59:59.999999999+01:00,PROSPECTUS,11,1,,,,
959,5601019012418,1000.0,Guloso,Polpa de Tomate,Embalagem de 1 kg,1.79,1.79,0,kg,€/Kg,,,https://driveimg1.intermarche.com/pt/Content/images/boitmal/produit/zoom/3946132CDF77B4B5ABC4B3B587DC5572.jpg,,,,2025-04-09T23:59:59.999999999+01:00,PROSPECTUS,11,1,,,,
973,5601024105020,1000.0,Fula,Óleo alimentar,Embalagem 1L,2.02,2.02,1000,L,€/L,,,https://driveimg1.intermarche.com/pt/Content/images/boitmal/produit/zoom/322383F88535C8A24498724B92188318.jpg,,,,2025-04-09T23:59:59.999999999+01:00,PROSPECTUS,11,1,,,,
10273,8410436240130,50.0,Sonasol,Bloco sanitário blue activ higiene,Embalagem de 50 g,1.98,39.6,0,kg,€/Kg,,,https://driveimg1.intermarche.com/pt/Content/images/boitmal/produit/zoom/030C25BBFC0551A8A26341A0DB18F1E8.jpg,,,,2025-04-09T23:59:59.999999999+01:00,PROSPECTUS,11,1,,,,
11463,5601018001642,250.0,Gresso,"Manteiga com sal, embalagem de 250g",,2.09,8.36,0,kg,€/Kg,,,https://driveimg1.intermarche.com/pt/Content/images/boitmal/produit/zoom/3A5F1036925C0C6B8D6C067104A96CDE.jpg,https://driveimg1.intermarche.com/pt/Content/images/boitmal/produit/zoom/7AC5179CFF33BEA38B382077FB05A477.jpg,,,2025-04-09T23:59:59.999999999+01:00,PROSPECTUS,11,2,,,,
12436,8411800376653,1500.0,Trina,"Refrigerante sem gás de maçã, garrafa de 1,5 l",,1.76,1.17,1500,L,€/L,,,https://driveimg1.intermarche.com/pt/Content/images/boitmal/produit/zoom/4F367E0C004A63CFE21848CE8D7FAFA4.jpg,,,,2025-04-09T23:59:59.999999999+01:00,PROSPECTUS,11,2,,,,
12730,3415581113938,460.0,Häagen-Dazs,"Gelado belgian chocolate, embalagem de 460 ml",,5.79,12.59,460,L,€/L,,Tipo de stockagem,https://driveimg1.intermarche.com/pt/Content/images/boitmal/produit/zoom/CB20015B48979081B87C643EC17BED75.jpg,,,,2025-04-23T23:59:59.999999999+01:00,PROSPECTUS,11,2,,,,
13405,2893395000000,200.0,Peixaria,Cavala Média,1 un=200 g (aprox.),0.7,3.49,0,,€/Kg,,,https://driveimg1.intermarche.com/pt/Content/images/boitmal/produit/zoom/3F36E0F3079F04F75D906C2FE0E00A3C.jpg,,,,2025-04-09T23:59:59.999999999+01:00,PROSPECTUS,11,2,,,,
13541,2893533000000,250.0,Congelado de Aquicultura,Camarão Congelado 60/80,1 un = 250 gr  (aprox.),1.75,6.99,0,,€/Kg,,Avantages !,https://driveimg1.intermarche.com/pt/Content/images/boitmal/produit/zoom/29A2DFA509FFDAFCD18E7F308BD753B4.jpg,,,,2025-04-09T23:59:59.999999999+01:00,PROSPECTUS,11,2,,,,
13577,2893572000000,200.0,Peixaria,Pota Inteira Congelada,1 un= 200 gr (aprox.),1.0,4.99,0,,€/Kg,,Avantages !,https://driveimg1.intermarche.com/pt/Content/images/boitmal/produit/zoom/B2D6321EA80C5271A6C9DE3162C36D95.jpg,,,,2025-04-09T23:59:59.999999999+01:00,PROSPECTUS,11,2,,,,
13585,2893580000000,250.0,Marisco,Gambão Congelado 20/30,Vendido a partir de 250 (aprox.),2.5,9.99,0,,€/Kg,,Avantages !,https://driveimg1.intermarche.com/pt/Content/images/boitmal/produit/zoom/8045A02528560B0A77B8815B2FADD1B4.jpg,,,,2025-04-09T23:59:59.999999999+01:00,PROSPECTUS,11,2,,,,
13915,2891249000000,2000.0,Peru,Perna com Osso,Vendido ao peso,8.78,4.39,0,,€/Kg,,,https://driveimg1.intermarche.com/pt/Content/images/boitmal/produit/zoom/EA6C55F440DB29FDE55EB019973B1FE5.jpg,,,,2025-04-09T23:59:59.999999999+01:00,PROSPECTUS,11,2,,,,
14189,5604260266647,750.0,PorSi Select,Azeite virgem extra dop trás-os-montes,Embalagem 750 ml,8.99,11.99,750,L,€/L,,,https://driveimg1.intermarche.com/pt/Content/images/boitmal/produit/zoom/AA1278A90E4FAF01C96F6431B740B4D2.jpg,,,,2025-04-23T23:59:59.999999999+01:00,PROSPECTUS,11,2,,,,
14252,8411800376455,1500.0,Trina,"Refrigerante sem gás laranja, garrafa de 1,5 l",,1.76,1.17,1500,L,€/L,,,https://driveimg1.intermarche.com/pt/Content/images/boitmal/produit/zoom/18BB235772A8BDFC1B5D893CBE7A216F.jpg,,,,2025-04-09T23:59:59.999999999+01:00,PROSPECTUS,11,2,,,,
1437,5601260046101,1000.0,Saludães,Arroz Carolino,Embalagem de 1 kg,1.14,1.14,0,kg,€/Kg,,,https://driveimg1.intermarche.com/pt/Content/images/boitmal/produit/zoom/844734F94E64C7EE2E76F0FC068B9A4B.jpg,,,,2025-04-09T23:59:59.999999999+01:00,PROSPECTUS,11,2,,,,
14372,8712100599392,550.0,Calvé,"Ketchup top down, embalagem de 550g",,2.59,4.71,0,kg,€/Kg,,,https://driveimg1.intermarche.com/pt/Content/images/boitmal/produit/zoom/6D3218F33B22BC3205033BC41E176600.jpg,https://driveimg1.intermarche.com/pt/Content/images/boitmal/produit/zoom/FE7F103C359D2D1FD7BF3FDC8DD381BA.jpg,https://driveimg1.intermarche.com/pt/Content/images/boitmal/produit/zoom/FE7F103C359D2D1FD7BF3FDC8DD381BA.jpg,https://driveimg1.intermarche.com/pt/Content/images/boitmal/produit/zoom/FE7F103C359D2D1FD7BF3FDC8DD381BA.jpg,2025-04-09T23:59:59.999999999+01:00,PROSPECTUS,11,2,,,,
1469,5601286251787,500.0,Milaneza,"Massa de maçarrão, embalagem de 500g",,1.04,2.08,0,kg,€/Kg,,,https://driveimg1.intermarche.com/pt/Content/images/boitmal/produit/zoom/684581E08A7B473B6F7C59B6AD72C932.jpg,,,,2025-04-09T23:59:59.999999999+01:00,PROSPECTUS,11,2,,,,
14722,8410063045917,800.0,Pescanova,"Camarão vannamei 24/40, embalagem de 800g",,9.99,12.49,0,kg,€/Kg,,Tipo de stockagem,https://driveimg1.intermarche.com/pt/Content/images/boitmal/produit/zoom/CE44DDFA8734C0276A1512F05FB6C21A.jpg,,,,2025-04-23T23:59:59.999999999+01:00,PROSPECTUS,11,2,,,,
14858,2696002000000,250.0,PorSi,Baguete,250 g,0.46,1.84,0,kg,€/Kg,,,https://driveimg1.intermarche.com/pt/Content/images/boitmal/produit/zoom/E4FC9EECB7B8225F27BCA96C630D54A7.jpg,,,,2025-04-09T23:59:59.999999999+01:00,PROSPECTUS,11,2,,,,
15059,2892578000000,200.0,Legumes,Nabo Roxo sem Rama,1 un = 200 gr (aprox.),0.36,1.79,0,,€/Kg,,,https://driveimg1.intermarche.com/pt/Content/images/boitmal/produit/zoom/EECF99CF1D26FD88C91EC2A5B22EA3C8.jpg,,,,2025-04-09T23:59:59.999999999+01:00,PROSPECTUS,11,2,,,,
15060,2892453000000,1000.0,Programa Origens,Abóbora Butternut,1 un = 1 kg (aprox.),0.99,0.99,0,,€/Kg,,,https://driveimg1.intermarche.com/pt/Content/images/boitmal/produit/zoom/B52C2C8A1B11C26BA2F358A3355C1A17.jpg,,,,2025-04-09T23:59:59.999999999+01:00,PROSPECTUS,11,2,,,,
15503,8410500018931,400.0,Danonino Danone,"Iogurte líquido danonino tutti frutti, embalagem de 4 x 100 g",,1.99,4.98,0,kg,€/Kg,,,https://driveimg1.intermarche.com/pt/Content/images/boitmal/produit/zoom/49D4DFA8C6DABEB79926D4F0312C64D8.jpg,,,,2025-04-09T23:59:59.999999999+01:00,PROSPECTUS,11,2,,,,
15566,8410063056180,250.0,Pescanova,"Miolo camarão, 250g",,6.99,27.96,0,kg,€/Kg,,Tipo de stockagem,https://driveimg1.intermarche.com/pt/Content/images/boitmal/produit/zoom/BEE1FF3586E000AD085B4D38C7ACD034.jpg,,,,2025-04-23T23:59:59.999999999+01:00,PROSPECTUS,11,2,,,,
15964,5601252110803,250.0,Gallo,"Vinagre balsâmico branco, de 250 ml",,1.99,7.96,250,L,€/L,,,https://driveimg1.intermarche.com/pt/Content/images/boitmal/produit/zoom/4E90F25CE70B74EAC8BDADBF4D8DB1FA.jpg,,,,2025-04-23T23:59:59.999999999+01:00,PROSPECTUS,11,2,,,,
16040,5608516251029,280.0,Quinta de Jugais,"Doce de abóbora com noz, embalagem de 280g",,2.39,8.54,0,kg,€/Kg,,,https://driveimg1.intermarche.com/pt/Content/images/boitmal/produit/zoom/7C53016DDA38AEFEE1D9CA8B9C61CDD0.jpg,,,,2025-04-09T23:59:59.999999999+01:00,PROSPECTUS,11,2,,,,
16042,8410022000025,200.0,Donuts,Donuts classic,Embalagem de 200g,2.19,10.95,0,kg,€/Kg,,,https://driveimg1.intermarche.com/pt/Content/images/boitmal/produit/zoom/E1B9DB77B40B4B4B4AC4E69C7559B6D6.jpg,,,,2025-04-09T23:59:59.999999999+01:00,PROSPECTUS,11,2,,,,
16493,8718951037939,500.0,Ajax,"Limpa vidros pistola, cristal, embalagem de 500 ml",,1.97,3.94,500,L,€/L,,,https://driveimg1.intermarche.com/pt/Content/images/boitmal/produit/zoom/B2152E81252C8B3ECCDB87063FC44E64.jpg,,,,2025-04-09T23:59:59.999999999+01:00,PROSPECTUS,11,2,,,,
16607,8712561521529,700.0,Cif,"Creme abrasivo original, de 700 ml",,2.69,3.84,700,L,€/L,,,https://driveimg1.intermarche.com/pt/Content/images/boitmal/produit/zoom/30CCCA0B503F489882A8FCB31275E9C6.jpg,,,,2025-04-09T23:59:59.999999999+01:00,PROSPECTUS,11,2,,,,
16983,8712100735455,540.0,Olá,"Gelado cornetto morango, embalagem de 6 x 90 ml",,5.49,10.17,540,L,€/L,,Tipo de stockagem,https://driveimg1.intermarche.com/pt/Content/images/boitmal/produit/zoom/F864C0CC873250BC9D1DC90A794E1882.jpg,https://driveimg1.intermarche.com/pt/Content/images/boitmal/produit/zoom/FF03523E6B925BE3441B0A34A996CA2B.jpg,https://driveimg1.intermarche.com/pt/Content/images/boitmal/produit/zoom/FF03523E6B925BE3441B0A34A996CA2B.jpg,https://driveimg1.intermarche.com/pt/Content/images/boitmal/produit/zoom/FF03523E6B925BE3441B0A34A996CA2B.jpg,2025-04-09T23:59:59.999999999+01:00,PROSPECTUS,11,2,,,,
17665,8712100745591,754.0,Calvé,"Maionese top down, embalagem de 753 g",,3.49,4.63,0,kg,€/Kg,,,https://driveimg1.intermarche.com/pt/Content/images/boitmal/produit/zoom/C6F00A8AA4D7D21E56D34CFA61170423.jpg,,,,2025-04-09T23:59:59.999999999+01:00,PROSPECTUS,11,2,,,,
17892,5601082039800,220.0,Delta Q,Café xl qalidus cápsulas,Embalagem de 220g,15.99,72.68,0,kg,€/Kg,,,https://driveimg1.intermarche.com/pt/Content/images/boitmal/produit/zoom/CC1942C4B68078F0368F602F327C039D.jpg,,,,2025-04-23T23:59:59.999999999+01:00,PROSPECTUS,11,2,,,,
18083,5601008200017,258.0,Vieira,Bolacha digestive aveia 258g,,1.74,6.74,0,kg,€/Kg,,,https://driveimg1.intermarche.com/pt/Content/images/boitmal/produit/zoom/74BF051807707504BF4C099005DC7DC3.jpg,,,,2025-04-09T23:59:59.999999999+01:00,PROSPECTUS,11,2,,,,
20100,5601010131279,120.0,Ramirez,"Atum ao natural, embalagem de 120g",,1.19,9.92,0,kg,€/Kg,,,https://driveimg1.intermarche.com/pt/Content/images/boitmal/produit/zoom/D6D7337A327D39309C10A263E366779D.jpg,,,,2025-04-09T23:59:59.999999999+01:00,PROSPECTUS,11,2,,,,
20264,5000116110872,180.0,Iglo,"Crocantes frango parmesão e ervas, embalagem de 180g",,3.74,20.78,0,kg,€/Kg,,Tipo de stockagem,https://driveimg1.intermarche.com/pt/Content/images/boitmal/produit/zoom/FA238D0C01D11590AA8A8E09CE288246.jpg,,,,2025-04-09T23:59:59.999999999+01:00,PROSPECTUS,11,2,,,,
22164,5601260254056,500.0,Saludães,"Arroz doce especial, embalagem de 500g",,0.83,1.66,0,kg,€/Kg,,,https://driveimg1.intermarche.com/pt/Content/images/boitmal/produit/zoom/C73C7DA612DE17339FC2172D24F6B83B.jpg,,,,2025-04-09T23:59:59.999999999+01:00,PROSPECTUS,11,2,,,,
22307,5601019012647,390.0,Guloso,"Tomate em pedaços, embalagem de 390g",,1.45,3.72,0,kg,€/Kg,,,https://driveimg1.intermarche.com/pt/Content/images/boitmal/produit/zoom/5ED4DE98BAC903A7106FCD013B7A79FA.jpg,,,,2025-04-09T23:59:59.999999999+01:00,PROSPECTUS,11,2,,,,
22335,5000116110940,420.0,Capitão Iglo,"15 douradinhos, embalagem de 420g",,4.99,11.88,0,kg,€/Kg,,Tipo de stockagem,https://driveimg1.intermarche.com/pt/Content/images/boitmal/produit/zoom/3973A8C90F686ECB72E76C3B0A0492D4.jpg,,,,2025-04-09T23:59:59.999999999+01:00,PROSPECTUS,11,2,,,,
22952,8411660670212,750.0,Sanytol,Desinfetante p/ Cozinha,Embalagem de 750 ml,2.49,3.32,750,L,€/L,,,https://driveimg1.intermarche.com/pt/Content/images/boitmal/produit/zoom/6670903192D029E406F52DBF4952D846.jpg,,,,2025-04-09T23:59:59.999999999+01:00,PROSPECTUS,11,2,,,,
24411,8410436297752,1300.0,Sonasol,"Lava tudo rosas e jasmim, 1,3l",,2.09,1.61,1300,L,€/L,,,https://driveimg1.intermarche.com/pt/Content/images/boitmal/produit/zoom/A8DAC5F038BB6C2FB23FB3C7F35CC590.jpg,,,,2025-04-09T23:59:59.999999999+01:00,PROSPECTUS,11,2,,,,
24412,8410436297660,1300.0,Sonasol,"Lava tudo aloe vera e flores brancas, 1,3l",,2.09,1.61,1300,L,€/L,,,https://driveimg1.intermarche.com/pt/Content/images/boitmal/produit/zoom/1CF7718543DB6BCDD620E4F3293279BF.jpg,,,,2025-04-09T23:59:59.999999999+01:00,PROSPECTUS,11,2,,,,
24413,8410436297783,1300.0,Sonasol,"Lava tudo PH neutro, embalagem de 1,3l",,2.09,1.61,1300,L,€/L,,,https://driveimg1.intermarche.com/pt/Content/images/boitmal/produit/zoom/40B27BFEEAC61B53B8E103581B41FECE.jpg,,,,2025-04-09T23:59:59.999999999+01:00,PROSPECTUS,11,2,,,,
2520,7613033822827,250.0,Nestum,"Cereais mel com cereais integrais, embalagem de 250g",,2.24,8.96,0,kg,€/Kg,,,https://driveimg1.intermarche.com/pt/Content/images/boitmal/produit/zoom/50987E91B590C03F84755178E67E5C7E.jpg,,,,2025-04-09T23:59:59.999999999+01:00,PROSPECTUS,11,2,,,,
25706,8411660670229,750.0,Sanytol,Desinfetante p/ WC,Embalagem de 750 ml,2.49,3.32,750,L,€/L,,,https://driveimg1.intermarche.com/pt/Content/images/boitmal/produit/zoom/D105B4A8ECD800E2D1E3546D9AD3B145.jpg,,,,2025-04-09T23:59:59.999999999+01:00,PROSPECTUS,11,2,,,,
25883,5449000008763,1500.0,Fanta,"Refrigerante com gás laranja, garrafa de 1,5 l",,0.99,0.66,1500,L,€/L,,,https://driveimg1.intermarche.com/pt/Content/images/boitmal/produit/zoom/FC51AAD13F2C3DD9969EDD9F1221FFFF.jpg,,,,2025-04-09T23:59:59.999999999+01:00,PROSPECTUS,11,2,,,,
26091,7613036115575,550.0,Nestlé,Cereais estrelitas,Embalagem de 550g,3.49,6.35,0,kg,€/Kg,,,https://driveimg1.intermarche.com/pt/Content/images/boitmal/produit/zoom/90505B63FB20AF187537F3B46DDB9B86.jpg,,,,2025-04-09T23:59:59.999999999+01:00,PROSPECTUS,11,2,,,,
26177,5603722514470,1000.0,Matinal,"Leite seleccionado leve, de 1l",,1.08,1.08,1000,L,€/L,,,https://driveimg1.intermarche.com/pt/Content/images/boitmal/produit/zoom/3414EC19C8611CE7E0D99781254117D1.jpg,,,,2025-04-09T23:59:59.999999999+01:00,PROSPECTUS,11,2,,,,
26471,5603722510946,800.0,Gresso,"Leite com chocolate, pack 4x200ml",,1.36,1.7,800,L,€/L,,,https://driveimg1.intermarche.com/pt/Content/images/boitmal/produit/zoom/A69F0144F1F806C3F50ABC4BA4C4DDC8.jpg,,,,2025-04-09T23:59:59.999999999+01:00,PROSPECTUS,11,2,,,,
26524,5606710533125,750.0,Carm,"Vinho tinto douro, garrafa de 0.75 l",,8.99,11.99,750,L,€/L,,,https://driveimg1.intermarche.com/pt/Content/images/boitmal/produit/zoom/A9CD625A03781F78FB8CB39645855272.jpg,,,,2025-04-09T23:59:59.999999999+01:00,PROSPECTUS,11,2,,,,
2780,8410199002303,96.0,Cheetos,"Aperitivos palitos, embalagem de 100g",,1.49,15.52,0,kg,€/Kg,,,https://driveimg1.intermarche.com/pt/Content/images/boitmal/produit/zoom/35C90C106FCD999188F46A491D275892.jpg,,,,2025-04-09T23:59:59.999999999+01:00,PROSPECTUS,11,2,,,,
27950,5604260281404,450.0,PorSi,Mistura saborosa,Embalagem de 450g,1.49,3.31,0,kg,€/Kg,,,https://driveimg1.intermarche.com/pt/Content/images/boitmal/produit/zoom/9FC1BB19FC125562EBD7537C69EF7799.jpg,,,,2025-04-09T23:59:59.999999999+01:00,PROSPECTUS,11,2,,,,
28510,5601217129819,800.0,Finish,"Abrilhantador máquina de lavar loiça brilho e secagem, embalagem de 800 ml",,7.94,9.93,800,L,€/L,,,https://driveimg1.intermarche.com/pt/Content/images/boitmal/produit/zoom/4771F47A09A543C7AE4519E8292E01AF.jpg,,,,2025-04-09T23:59:59.999999999+01:00,PROSPECTUS,11,2,,,,
2852,0074299018060,,Hot Wheels,Pack 5 veículos sortidos,1 embalagem,11.99,11.99,0,,€/Unidade,,,https://driveimg1.intermarche.com/pt/Content/images/boitmal/produit/zoom/E66A785086F405D44E86ECEC556B312F.jpg,,,,2025-04-23T23:59:59.999999999+01:00,PROSPECTUS,11,2,,,,
28680,5605173897287,2000.0,Maçã da Beira Alta IGP,Maçã Royal Gala,Embalagem de 2 kg,2.29,1.15,0,kg,€/Kg,,,https://driveimg1.intermarche.com/pt/Content/images/boitmal/produit/zoom/2E40710F5884B814CB8315AFA36D74DB.jpg,,,,2025-04-09T23:59:59.999999999+01:00,PROSPECTUS,11,2,,,,
28859,5000116123841,336.0,Capitão Iglo,"Douradinhos estaladiços, embalagem de 340g",,4.99,14.85,0,kg,€/Kg,,Tipo de stockagem,https://driveimg1.intermarche.com/pt/Content/images/boitmal/produit/zoom/49AFDC264463FC49315EE03B7B5FBE4C.jpg,,,,2025-04-09T23:59:59.999999999+01:00,PROSPECTUS,11,2,,,,
29738,8410436324533,1300.0,Sonasol,"Lava Tudo Flores Montanha, 1.3 l",,2.09,1.61,1300,L,€/L,,,https://driveimg1.intermarche.com/pt/Content/images/boitmal/produit/zoom/13FBFB2C777E7C44B0340328520A2D41.jpg,,,,2025-04-09T23:59:59.999999999+01:00,PROSPECTUS,11,2,,,,
30115,5449000016737,1000.0,Coca-Cola,"Refrigerante sem cafeína, garrafa de 1l",,1.35,1.35,1000,L,€/L,,,https://driveimg1.intermarche.com/pt/Content/images/boitmal/produit/zoom/23CF5CDA5B630E80CF6F88C3DB4BC0F8.jpg,,,,2025-04-09T23:59:59.999999999+01:00,PROSPECTUS,11,2,,,,
33301,5604260286997,200.0,PorSi,Amendoim com Piri-Piri,Embalagem de 200g,1.29,6.45,0,kg,€/Kg,,,https://driveimg1.intermarche.com/pt/Content/images/boitmal/produit/zoom/45F47C82220E3A017E0818597CB20549.jpg,,,,2025-04-23T23:59:59.999999999+01:00,PROSPECTUS,11,2,,,,
33302,5604260286973,200.0,PorSi,Amendoim com Sal,Embalagem de 200g,1.29,6.45,0,kg,€/Kg,,,https://driveimg1.intermarche.com/pt/Content/images/boitmal/produit/zoom/7D1AAEAC3F0C4BED45A49E7F68BF7F08.jpg,,,,2025-04-23T23:59:59.999999999+01:00,PROSPECTUS,11,2,,,,
33563,5609060007070,200.0,Delta,Cevada solúvel,Embalagem de 200 g,2.29,11.45,0,kg,€/Kg,,,https://driveimg1.intermarche.com/pt/Content/images/boitmal/produit/zoom/9DB066DE69C74BAF6E3C3065BCCE0FA7.jpg,,,,2025-04-23T23:59:59.999999999+01:00,PROSPECTUS,11,2,,,,
34367,8410022000063,188.0,Donuts,4 donuts bombom,Embalagem de 188 g,2.19,11.65,0,kg,€/Kg,,,https://driveimg1.intermarche.com/pt/Content/images/boitmal/produit/zoom/9D86969F758F8A1A1667EB164F055159.jpg,,,,2025-04-09T23:59:59.999999999+01:00,PROSPECTUS,11,2,,,,
35138,5603722517655,960.0,Mimosa,"Iogurte sólido aroma morango, ananás e banana, 8 x 120 g",,1.97,2.05,0,kg,€/Kg,,,https://driveimg1.intermarche.com/pt/Content/images/boitmal/produit/zoom/7070B93AC2DB23DCF61734D801E40E6D.jpg,,,,2025-04-09T23:59:59.999999999+01:00,PROSPECTUS,11,2,,,,
3539,2894220000000,100.0,Elpozo,Presunto Bodega,"Vendido ao peso, fatiado a partir de 100 g",2.4,23.99,0,,€/Kg,,,https://driveimg1.intermarche.com/pt/Content/images/boitmal/produit/zoom/B08B3C208782FD0824215A2662A05581.jpg,,,,2025-04-23T23:59:59.999999999+01:00,PROSPECTUS,11,2,,,,
35473,8410063079042,400.0,Pescanova,"Filete de pescada ervas aromáticas, embalagem de 400 g",,4.99,12.48,0,kg,€/Kg,,Tipo de stockagem,https://driveimg1.intermarche.com/pt/Content/images/boitmal/produit/zoom/F52A9B43F1EF9EBAC9E7A9F36EC96E0B.jpg,,,,2025-04-09T23:59:59.999999999+01:00,PROSPECTUS,11,2,,,,
35483,8410436343435,500.0,Sonasol,Spray desengordurante,Embalagem de 500 ml,1.99,3.98,500,L,€/L,,,https://driveimg1.intermarche.com/pt/Content/images/boitmal/produit/zoom/47473DD6CCCCC8BCBCC650E05B76EF50.jpg,,,,2025-04-09T23:59:59.999999999+01:00,PROSPECTUS,11,2,,,,
36771,5604260300464,31.0,PorSi,Gelatina mirtilo 0% açúcar,Embalagem de 31 g,0.99,31.94,0,kg,€/Kg,,,https://driveimg1.intermarche.com/pt/Content/images/boitmal/produit/zoom/7186084902AA42DB0C6FDB89294B8E09.jpg,,,,2025-04-09T23:59:59.999999999+01:00,PROSPECTUS,11,2,,,,
36777,5604260286942,200.0,PorSi,Miolo de avelã,Embalagem de 200 g,2.99,14.95,0,kg,€/Kg,,,https://driveimg1.intermarche.com/pt/Content/images/boitmal/produit/zoom/861686A053C12A8C562D94B107D3CBD1.jpg,,,,2025-04-23T23:59:59.999999999+01:00,PROSPECTUS,11,2,,,,
36915,5604260287024,200.0,PorSi,Caju frito com sal,Embalagem de 200 g,2.99,14.95,0,kg,€/Kg,,,https://driveimg1.intermarche.com/pt/Content/images/boitmal/produit/zoom/1B063B24F1A2A79FD54438680947A0D3.jpg,,,,2025-04-23T23:59:59.999999999+01:00,PROSPECTUS,11,2,,,,
36916,5604260287048,200.0,PorSi,Miolo de amêndoa inteira com pele,Embalagem de 200 g,2.15,10.75,0,kg,€/Kg,,,https://driveimg1.intermarche.com/pt/Content/images/boitmal/produit/zoom/02E8C2ECD9CEEDC842CCB51542262F56.jpg,,,,2025-04-23T23:59:59.999999999+01:00,PROSPECTUS,11,2,,,,
37444,7613036955799,250.0,Nestum,"Nestum zero mel, embalagem de 250g",,2.24,8.96,0,kg,€/Kg,,,https://driveimg1.intermarche.com/pt/Content/images/boitmal/produit/zoom/5B200610F8E9504D3552A7693F67BE32.jpg,,,,2025-04-09T23:59:59.999999999+01:00,PROSPECTUS,11,2,,,,
37940,8410022000032,300.0,Donuts,6 donuts classic,Embalagem com 300 g,2.99,9.97,0,kg,€/Kg,,,https://driveimg1.intermarche.com/pt/Content/images/boitmal/produit/zoom/4763C25C324D6011DC0584FB6F2F49B3.jpg,,,,2025-04-09T23:59:59.999999999+01:00,PROSPECTUS,11,2,,,,
38002,8410199810656,75.0,Cheetos,"Snack de milho com queijo, embalagem de 75g",,1.49,19.87,0,kg,€/Kg,,,https://driveimg1.intermarche.com/pt/Content/images/boitmal/produit/zoom/A93518F637D0B70B9FA1BE29869B4223.jpg,,,,2025-04-09T23:59:59.999999999+01:00,PROSPECTUS,11,2,,,,
38308,8410436341011,150.0,Sonasol,Bloco WC Poder Activo Eucalipto,Embalagem 3 x 50 g,4.39,29.27,0,kg,€/Kg,,,https://driveimg1.intermarche.com/pt/Content/images/boitmal/produit/zoom/82ED9D6125B06B5AB3E7C3747C99F060.jpg,,,,2025-04-09T23:59:59.999999999+01:00,PROSPECTUS,11,2,,,,
38312,8410104702663,,Finish,"Limpa máquinas de loiça limão, embalagem com 250 ml",,3.89,3.89,1,,€/Unidade,,,https://driveimg1.intermarche.com/pt/Content/images/boitmal/produit/zoom/543AF0EA0E513D87A0B6AA970DE2490B.jpg,,,,2025-04-09T23:59:59.999999999+01:00,PROSPECTUS,11,2,,,,
38321,2696806000000,250.0,Padaria,Pão gémeos,250 g,0.59,2.36,0,kg,€/Kg,,,https://driveimg1.intermarche.com/pt/Content/images/boitmal/produit/zoom/A99E9F55D9FD5180D848A5ADDB578F15.jpg,,,,2025-04-23T23:59:59.999999999+01:00,PROSPECTUS,11,2,,,,
38648,5449000195906,1000.0,Coca-Cola,"Refrigerante zero, garrafa de 1 l",,1.25,1.25,1000,L,€/L,,,https://driveimg1.intermarche.com/pt/Content/images/boitmal/produit/zoom/4A88AB6803A9F950A0FE19DD551ED58E.jpg,,,,2025-04-09T23:59:59.999999999+01:00,PROSPECTUS,11,2,,,,
41437,5604260305773,170.0,PorSi Select,Chouriço de porco preto,Embalagem de 170 g,2.69,15.82,0,kg,€/Kg,,,https://driveimg1.intermarche.com/pt/Content/images/boitmal/produit/zoom/9AF028948550CC79F4506D20250D6D94.jpg,,,,2025-04-23T23:59:59.999999999+01:00,PROSPECTUS,11,2,,,,
41447,5601082047812,,Delta Q,Café mythiq,Embalagem com 40 cápsulas,15.99,15.99,0,,€/Unidade,,,https://driveimg1.intermarche.com/pt/Content/images/boitmal/produit/zoom/B58BECEDE4BA3A9AAD2A25898792041E.jpg,,,,2025-04-23T23:59:59.999999999+01:00,PROSPECTUS,11,2,,,,
41623,5604260303588,4000.0,PorSi,Areia para gatos aglomerante compacta perfumada,Embalagem de 4 kg,3.99,1.0,0,kg,€/Kg,,,https://driveimg1.intermarche.com/pt/Content/images/boitmal/produit/zoom/643C2D97D6A503321FA315B5E172F9CE.jpg,,,,2025-04-09T23:59:59.999999999+01:00,PROSPECTUS,11,2,,,,
42158,5604260308248,1500.0,PorSi,Bacalhau lombos,Embalagem de 1.5 kg,26.99,17.99,0,kg,€/Kg,,Tipo de stockagem,https://driveimg1.intermarche.com/pt/Content/images/boitmal/produit/zoom/302AFAE3F32DEA51CBA5B890687B1D7A.jpg,,,,2025-04-23T23:59:59.999999999+01:00,PROSPECTUS,11,2,,,,
43316,8711000470961,,LOr,"Café barista, 10 cápsulas",,4.39,4.39,10,,€/Unidade,,,https://driveimg1.intermarche.com/pt/Content/images/boitmal/produit/zoom/E072038BF4C10BF71BF3C7D074D004A0.jpg,,,,2025-04-09T23:59:59.999999999+01:00,PROSPECTUS,11,2,,,,
43627,5604260310012,600.0,PorSi,Batata pom'duchesse,Embalagem de 600g,1.89,3.15,0,kg,€/Kg,,Tipo de stockagem,https://driveimg1.intermarche.com/pt/Content/images/boitmal/produit/zoom/AE44E9B7714D1E52F272B808FA5B8E16.jpg,,,,2025-04-23T23:59:59.999999999+01:00,PROSPECTUS,11,2,,,,
438,8722700140139,20.0,Lipton,"20 saquetas infusão de cidreira, embalagem de 20g",,1.49,74.5,0,kg,€/Kg,,,https://driveimg1.intermarche.com/pt/Content/images/boitmal/produit/zoom/75772B648D442A3C0BB5D4E8A4601B76.jpg,,,,2025-04-09T23:59:59.999999999+01:00,PROSPECTUS,11,2,,,,
43867,5604260310944,340.0,PorSi,Manteiga amendoim cremosa,Embalagem de 340g,1.79,5.26,0,kg,€/Kg,,,https://driveimg1.intermarche.com/pt/Content/images/boitmal/produit/zoom/7821B5CD2D691B1BB3601906D6E6FF3D.jpg,https://driveimg1.intermarche.com/pt/Content/images/boitmal/produit/zoom/F81026DF6BE14CF2221DFD337125A507.jpg,https://driveimg1.intermarche.com/pt/Content/images/boitmal/produit/zoom/F81026DF6BE14CF2221DFD337125A507.jpg,https://driveimg1.intermarche.com/pt/Content/images/boitmal/produit/zoom/F81026DF6BE14CF2221DFD337125A507.jpg,2025-04-09T23:59:59.999999999+01:00,PROSPECTUS,11,2,https://driveimg1.intermarche.com/pt/Content/images/boitmal/produit/zoom/F81026DF6BE14CF2221DFD337125A507.jpg,https://driveimg1.intermarche.com/pt/Content/images/boitmal/produit/zoom/F81026DF6BE14CF2221DFD337125A507.jpg,https://driveimg1.intermarche.com/pt/Content/images/boitmal/produit/zoom/F81026DF6BE14CF2221DFD337125A507.jpg,
43868,5604260310951,340.0,PorSi,Manteiga amendoim crocant,Embalagem de 340g,1.79,5.26,0,kg,€/Kg,,,https://driveimg1.intermarche.com/pt/Content/images/boitmal/produit/zoom/07F9265D160287AC33E286FF5141D5E2.jpg,https://driveimg1.intermarche.com/pt/Content/images/boitmal/produit/zoom/E6808984EBE0E9B8AC722EE0F45AA4D9.jpg,https://driveimg1.intermarche.com/pt/Content/images/boitmal/produit/zoom/E6808984EBE0E9B8AC722EE0F45AA4D9.jpg,https://driveimg1.intermarche.com/pt/Content/images/boitmal/produit/zoom/E6808984EBE0E9B8AC722EE0F45AA4D9.jpg,2025-04-09T23:59:59.999999999+01:00,PROSPECTUS,11,2,,,,
44240,8410500010539,1200.0,Danone,"Iogurte líquido de morango kids, pack 12 x 100 g",,4.99,4.16,0,kg,€/Kg,,,https://driveimg1.intermarche.com/pt/Content/images/boitmal/produit/zoom/675F0D6784FF916C81A6BE90AA600C99.jpg,,,,2025-04-09T23:59:59.999999999+01:00,PROSPECTUS,11,2,,,,
44313,5449000296238,1500.0,Fanta,"Fanta guaraná sem açúcar embalagem 1,5 l",,0.99,0.66,1500,L,€/L,,,https://driveimg1.intermarche.com/pt/Content/images/boitmal/produit/zoom/FB0C8116B1E2A9A481C6DFCAB4B2197E.jpg,,,,2025-04-09T23:59:59.999999999+01:00,PROSPECTUS,11,2,,,,
45721,5604260314669,400.0,PorSi,Tarte de maçã,Embalagem de 400g,4.79,11.98,0,kg,€/Kg,,,https://driveimg1.intermarche.com/pt/Content/images/boitmal/produit/zoom/4185E73C633697BD1EBA0DF97A76D282.jpg,,,,2025-04-23T23:59:59.999999999+01:00,PROSPECTUS,11,2,,,,
46606,5604260318384,100.0,PorSi,Queijo azul,100 g,1.85,18.5,0,kg,€/Kg,,,https://driveimg1.intermarche.com/pt/Content/images/boitmal/produit/zoom/193B6BA07710373997636A43021AF4C5.jpg,,,,2025-04-23T23:59:59.999999999+01:00,PROSPECTUS,11,2,,,,
46825,5603722518287,720.0,Mimosa,"Iogurte magro aroma multi sabores de morango e kiwi/manga, 6 x 120g",,1.99,2.76,0,kg,€/Kg,,,https://driveimg1.intermarche.com/pt/Content/images/boitmal/produit/zoom/EBBE1EB3FBC3C9322F0040C9AA4B6B04.jpg,,,,2025-04-09T23:59:59.999999999+01:00,PROSPECTUS,11,2,,,,
46871,8411660000224,,Sanytol,"Toalhitas desinfetantes, 36 unidades",,2.49,2.49,0,,€/Unidade,,,https://driveimg1.intermarche.com/pt/Content/images/boitmal/produit/zoom/4B0437D5536C9ECA61CD0C9A016E01DD.jpg,,,,2025-04-09T23:59:59.999999999+01:00,PROSPECTUS,11,2,,,,
46882,5604260319824,,PorSi,Papel higiénico 3 folhas perfumado,Embalagem de 12 unidades,4.99,4.99,12,,€/Unidade,,,https://driveimg1.intermarche.com/pt/Content/images/boitmal/produit/zoom/3FFC2D730C4EDC9A29F53A5EEAAF4D75.jpg,,,,2025-04-09T23:59:59.999999999+01:00,PROSPECTUS,11,2,,,,
47110,7613287218766,110.0,Nestlé,Bolsitas de puré de multifrutas,Embalagem de 110g,0.73,6.64,0,kg,€/Kg,,,https://driveimg1.intermarche.com/pt/Content/images/boitmal/produit/zoom/3A0DC006BA90FE4ED51AF00C38870697.jpg,,,,2025-04-09T23:59:59.999999999+01:00,PROSPECTUS,11,2,,,,
47895,0000042182627,50.0,Vaseline,"Vaselina Original, 50ml",50 ml,1.49,29.8,50,L,€/L,,,https://driveimg1.intermarche.com/pt/Content/images/boitmal/produit/zoom/E0EB13990B782E556D3F0DA6E2E82981.jpg,,,,2025-04-09T23:59:59.999999999+01:00,PROSPECTUS,11,2,,,,
48857,5604260322138,550.0,PorSi Select,Folhado salmão e espinafres,Embalagem de 550g,6.59,11.98,0,kg,€/Kg,,Tipo de stockagem,https://driveimg1.intermarche.com/pt/Content/images/boitmal/produit/zoom/D4612F14C798EEBEC1666D8B34C96635.jpg,,,,2025-04-23T23:59:59.999999999+01:00,PROSPECTUS,11,2,,,,
49084,5604260323562,300.0,PorSi,8 rissóis de carne,Embalagem de 300g,1.28,4.27,0,kg,€/Kg,,Tipo de stockagem,https://driveimg1.intermarche.com/pt/Content/images/boitmal/produit/zoom/12263D98AE752D736E23E296D879A69F.jpg,,,,2025-04-09T23:59:59.999999999+01:00,PROSPECTUS,11,2,,,,
49085,5604260323555,300.0,PorSi,8 rissóis de camarão,Embalagem de 300g,1.25,4.17,0,kg,€/Kg,,Tipo de stockagem,https://driveimg1.intermarche.com/pt/Content/images/boitmal/produit/zoom/27AD02C29085241986914670AC32532C.jpg,,,,2025-04-09T23:59:59.999999999+01:00,PROSPECTUS,11,2,,,,
4947,5449000054227,1000.0,Coca-Cola,"Refrigerante com Gás Cola, 1L",,1.35,1.35,1000,L,€/L,,,https://driveimg1.intermarche.com/pt/Content/images/boitmal/produit/zoom/3281D4D34500D6DBD7784B7DAA420E55.jpg,,,,2025-04-09T23:59:59.999999999+01:00,PROSPECTUS,11,2,,,,
50277,8410436429443,,Persil,Detergente máquina roupa 4 em 1,40 cápsulas,9.99,9.99,0,,€/Unidade,,,https://driveimg1.intermarche.com/pt/Content/images/boitmal/produit/zoom/24973D94F20D9012C6C46FC53A9E8545.jpg,,,,2025-04-09T23:59:59.999999999+01:00,PROSPECTUS,11,2,,,,
50367,5604260326129,300.0,PorSi,8 rissóis de pescada,Embalagem de 300g,1.14,3.8,0,kg,€/Kg,,Tipo de stockagem,https://driveimg1.intermarche.com/pt/Content/images/boitmal/produit/zoom/D16961E3B0472C56A6806953B459DF1C.jpg,,,,2025-04-09T23:59:59.999999999+01:00,PROSPECTUS,11,2,,,,
50657,7622201723767,150.0,Philadelphia,Queijo Creme Original,Embalagem de 150g,1.79,11.93,0,kg,€/Kg,,,https://driveimg1.intermarche.com/pt/Content/images/boitmal/produit/zoom/20323EE24C6F48A7328A69B95A2AA090.jpg,,,,2025-04-09T23:59:59.999999999+01:00,PROSPECTUS,11,2,,,,
5093,5601050033755,620.0,Danone,"Iogurte activia líquido 0% morango/kiwi, embalagem de 4 x 155 g",,1.99,3.21,0,kg,€/Kg,,,https://driveimg1.intermarche.com/pt/Content/images/boitmal/produit/zoom/29B41AE598716D0550D815AA0FE86025.jpg,,,,2025-04-09T23:59:59.999999999+01:00,PROSPECTUS,11,2,,,,
51236,5604260328369,350.0,PorSi,Caril de Frango com Arroz Basmati,350 g,4.99,14.26,0,kg,€/Kg,,,https://driveimg1.intermarche.com/pt/Content/images/boitmal/produit/zoom/78B461B1E4B22AF6D09865543EC3DDAE.jpg,,,,2025-04-09T23:59:59.999999999+01:00,PROSPECTUS,11,2,,,,
51539,8410436441971,1250.0,Sonasol,"Lava Tudo Amoniacal, 1.25 litros",,2.09,1.67,1250,L,€/L,,,https://driveimg1.intermarche.com/pt/Content/images/boitmal/produit/zoom/ADC2C768ECFDB2F140F8B3BBFE7C6F66.jpg,,,,2025-04-09T23:59:59.999999999+01:00,PROSPECTUS,11,2,,,,
51753,8410001134970,,Scotch Brite,"Esfregão Fibra com Esponja Não Risca Azul, 2 unidades",,1.49,1.49,0,,€/Unidade,,,https://driveimg1.intermarche.com/pt/Content/images/boitmal/produit/zoom/1406EA81C05F8A34137EF898D93E3B95.jpg,,,,2025-04-09T23:59:59.999999999+01:00,PROSPECTUS,11,2,,,,
51882,5600787049022,400.0,Kombucha,"Bebida probiótica de framboesa biológica, 400 ml",,1.79,4.48,400,L,€/L,,,https://driveimg1.intermarche.com/pt/Content/images/boitmal/produit/zoom/3A7BAA145728BCEF7EFE3C97F4D13369.jpg,,,,2025-04-09T23:59:59.999999999+01:00,PROSPECTUS,11,3,,,,
51883,5600787049046,400.0,Kombucha,"Bebida probiótica biológica, 400 ml",,1.79,4.48,400,L,€/L,,,https://driveimg1.intermarche.com/pt/Content/images/boitmal/produit/zoom/C5A74FF7983BA0525D5B31C0DD903DE1.jpg,,,,2025-04-09T23:59:59.999999999+01:00,PROSPECTUS,11,3,,,,
52049,3073781193091,250.0,A Vaca Que Ri,"Queijo fundido, 250g",,2.95,11.8,0,kg,€/Kg,,,https://driveimg1.intermarche.com/pt/Content/images/boitmal/produit/zoom/95197B9CF404BE8AF1D5A1B4E7B898B7.jpg,,,,2025-04-09T23:59:59.999999999+01:00,PROSPECTUS,11,3,,,,
52957,5449000273666,1000.0,Coca-Cola,Refrigerante zero com gás lima de 1 litro,,1.25,1.25,1000,L,€/L,,,https://driveimg1.intermarche.com/pt/Content/images/boitmal/produit/zoom/8811CE5F5F34EDCF194A9D8CB568CB91.jpg,https://driveimg1.intermarche.com/pt/Content/images/boitmal/produit/zoom/3EDDFFF905A664833A2724EDFA3DF928.jpg,https://driveimg1.intermarche.com/pt/Content/images/boitmal/produit/zoom/3EDDFFF905A664833A2724EDFA3DF928.jpg,,2025-04-09T23:59:59.999999999+01:00,PROSPECTUS,11,3,,,,
53330,8887862415157,,Scotch Brite,Esfregão Metálico,,0.89,0.89,0,,€/Unidade,,,https://driveimg1.intermarche.com/pt/Content/images/boitmal/produit/zoom/B72804EB4719D57AF3551109FFBA34D6.jpg,https://driveimg1.intermarche.com/pt/Content/images/boitmal/produit/zoom/92F5D9C5384E366630088171FE537E6A.jpg,https://driveimg1.intermarche.com/pt/Content/images/boitmal/produit/zoom/92F5D9C5384E366630088171FE537E6A.jpg,,2025-04-09T23:59:59.999999999+01:00,PROSPECTUS,11,3,,,,
53377,5601028032773,,Renova,Rolo de Cozinha Gigaroll Max Absorption White,,2.99,2.99,0,,€/Unidade,,,https://driveimg1.intermarche.com/pt/Content/images/boitmal/produit/zoom/3F5619B593EDF25A162AA6609569242A.jpg,https://driveimg1.intermarche.com/pt/Content/images/boitmal/produit/zoom/2B9F34FEAAADDC97C1AE946949C8BB77.jpg,https://driveimg1.intermarche.com/pt/Content/images/boitmal/produit/zoom/2B9F34FEAAADDC97C1AE946949C8BB77.jpg,,2025-04-09T23:59:59.999999999+01:00,PROSPECTUS,11,3,,,,
53561,8006540836255,,Dodot,"Toalhitas Bebé Aqua Pure 0% Plástico, 144 unidades",,4.79,4.79,144,,€/Unidade,,,https://driveimg1.intermarche.com/pt/Content/images/boitmal/produit/zoom/5657565D45492F867B39202DCD30D576.jpg,,,,2025-04-09T23:59:59.999999999+01:00,PROSPECTUS,11,3,,,,
53804,5604260330607,90.0,Labell,Sab.Exfoliante Alperce 90G,Embalagem de 90g,0.64,7.11,0,kg,€/Kg,,,https://driveimg1.intermarche.com/pt/Content/images/boitmal/produit/zoom/6E660127EBC63B5EAC444EFBA76EBC2D.jpg,,,,2025-04-09T23:59:59.999999999+01:00,PROSPECTUS,11,3,,,,
53808,5604260330645,90.0,Labell,Sab.Amendoas Doces 90G,Embalagem de 90g,0.64,7.11,0,kg,€/Kg,,,https://driveimg1.intermarche.com/pt/Content/images/boitmal/produit/zoom/F04826563080CBB0C567AEB45D68953C.jpg,,,,2025-04-09T23:59:59.999999999+01:00,PROSPECTUS,11,3,,,,
53919,2696282000000,250.0,Pastelaria,"Baguete Constance, 250 g",,0.79,3.16,0,kg,€/Kg,,,https://driveimg1.intermarche.com/pt/Content/images/boitmal/produit/zoom/E31381B4AE9393D5575E71A4567985AE.jpg,,,,2025-04-23T23:59:59.999999999+01:00,PROSPECTUS,11,3,,,,
54632,5603722523045,1000.0,Gresso,"Leite UHT Meio Gordo, 1L",,0.85,0.85,1000,L,€/L,,,https://driveimg1.intermarche.com/pt/Content/images/boitmal/produit/zoom/ECF816693AC2579C9FB595FD8ABD96D7.jpg,,,,2025-04-09T23:59:59.999999999+01:00,PROSPECTUS,11,3,,,,
54633,5603722523052,1000.0,Gresso,"Leite Uht Magro, 1L",,0.85,0.85,1000,L,€/L,,,https://driveimg1.intermarche.com/pt/Content/images/boitmal/produit/zoom/62FAA0AA671FC5B53B3DDBACCC92B900.jpg,,,,2025-04-09T23:59:59.999999999+01:00,PROSPECTUS,11,3,,,,
54765,8711327616165,825.0,Carte DOr,"Gelado caramelo salgado les dessertz, 825 ml",,3.59,4.35,825,L,€/L,,Tipo de stockagem,https://driveimg1.intermarche.com/pt/Content/images/boitmal/produit/zoom/A5FE262C7D7C5F17B290BA4B9BC148EC.jpg,,,,2025-04-23T23:59:59.999999999+01:00,PROSPECTUS,11,3,,,,
54798,5603722521560,604.0,Mimosa,"Iogurte liquido frutos tropicais, 4 x 151 ml",,1.44,2.38,604,L,€/L,,,https://driveimg1.intermarche.com/pt/Content/images/boitmal/produit/zoom/49B490BBEC557A29CF9B663AE694D2B4.jpg,,,,2025-04-09T23:59:59.999999999+01:00,PROSPECTUS,11,3,,,,
55029,8711327639942,204.0,Magnum,"Gelado Bombom Double Gold Caramelo Billionaire, 12 x 17ml",,3.59,17.6,204,L,€/L,,Tipo de stockagem,https://driveimg1.intermarche.com/pt/Content/images/boitmal/produit/zoom/EDB82BC88AFCBD43955BC7A7D7026E84.jpg,,,,2025-04-09T23:59:59.999999999+01:00,PROSPECTUS,11,3,,,,
55047,8445291325036,250.0,Nestum,"Nestum Cereais Proteína, 250g",,2.58,10.32,0,kg,€/Kg,,,https://driveimg1.intermarche.com/pt/Content/images/boitmal/produit/zoom/60118FC3A66CD4FA6B7C87A7FDB061C9.jpg,,,,2025-04-09T23:59:59.999999999+01:00,PROSPECTUS,11,3,,,,
55049,5601027119567,450.0,Bimbo,"Pão de Forma 10 Cereais e Sementes sem Côdea, 450g",,1.99,4.42,0,kg,€/Kg,,,https://driveimg1.intermarche.com/pt/Content/images/boitmal/produit/zoom/599690F08967F62D33B6420CCF1AEF7E.jpg,,,,2025-04-09T23:59:59.999999999+01:00,PROSPECTUS,11,3,,,,
6277,8410001103754,,Scotch Brite,"Pano amarelo multiusos, embalagem de 1 unidades",,1.08,1.08,1,,€/Unidade,,,https://driveimg1.intermarche.com/pt/Content/images/boitmal/produit/zoom/4EDC51C03E14CCEABAB0D6C2E4C33CFE.jpg,,,,2025-04-09T23:59:59.999999999+01:00,PROSPECTUS,11,3,,,,
6475,8410436242264,1100.0,Sonasol,"Lava Tudo Brilhante Madeira, embalagem 1,1l",,2.79,2.54,1100,L,€/L,,,https://driveimg1.intermarche.com/pt/Content/images/boitmal/produit/zoom/253E2DA4BDA6D34BDD85D7C760DD7434.jpg,,,,2025-04-09T23:59:59.999999999+01:00,PROSPECTUS,11,3,,,,
7166,2895224000000,250.0,São Jorge,Queijo da Ilha DOP Cura 4 Meses,Vendido ao peso a partir de 250 gr,3.75,14.99,0,,€/Kg,,,https://driveimg1.intermarche.com/pt/Content/images/boitmal/produit/zoom/702004FBEA1D5588A2791A027C546286.jpg,,,,2025-04-23T23:59:59.999999999+01:00,PROSPECTUS,11,3,,,,
8399,5601050033809,620.0,Danone,"Iogurte activia líquido morango, embalagem de 4 x 155 g",,1.99,3.21,0,kg,€/Kg,,,https://driveimg1.intermarche.com/pt/Content/images/boitmal/produit/zoom/D308B1FB4C89B3E5388CD017CB0E1529.jpg,,,,2025-04-09T23:59:59.999999999+01:00,PROSPECTUS,11,3,,,,
8417,8410500006020,600.0,Danone,"Actimel magro natural, embalagem de 6 x 100g",,2.89,4.82,0,kg,€/Kg,,,https://driveimg1.intermarche.com/pt/Content/images/boitmal/produit/zoom/729A5232D0A334A9B7BE031706F8AD19.jpg,,,,2025-04-09T23:59:59.999999999+01:00,PROSPECTUS,11,3,,,,
8537,5601119957206,120.0,Campofrio,"Peito frango forno lenha fatias clássicas, embalagem de 120g",,2.19,18.25,0,kg,€/Kg,,,https://driveimg1.intermarche.com/pt/Content/images/boitmal/produit/zoom/A5EDB423B7786C27645C35469FF56E84.jpg,,,,2025-04-09T23:59:59.999999999+01:00,PROSPECTUS,11,3,,,,
8538,5601119957213,120.0,Campofrio,"Peito frango forno lenha fatias finas, embalagem de 120g",,2.19,18.25,0,kg,€/Kg,,,https://driveimg1.intermarche.com/pt/Content/images/boitmal/produit/zoom/73C7285F6ACF8A124F339DF62D4EEA07.jpg,,,,2025-04-09T23:59:59.999999999+01:00,PROSPECTUS,11,3,,,,
8657,5601163081711,1980.0,Luso,"Água sem gás, pack 6 x 0.33 l",,2.4,1.21,1980,L,€/L,,,https://driveimg1.intermarche.com/pt/Content/images/boitmal/produit/zoom/443B50B4BA27541FFD3067F816F7D24A.jpg,,,,2025-04-09T23:59:59.999999999+01:00,PROSPECTUS,11,3,,,,
8658,5601163101716,3000.0,Luso,"Água sem gás, pack 6 x 0.5 l",,2.69,0.9,3000,L,€/L,,,https://driveimg1.intermarche.com/pt/Content/images/boitmal/produit/zoom/13EA35DE036BB24C52BA46395E39799E.jpg,,,,2025-04-09T23:59:59.999999999+01:00,PROSPECTUS,11,3,,,,
8752,5601217102065,1000.0,Finish,"Sal para máquina de lavar loiça, embalagem de 1 kg",,1.89,1.89,0,kg,€/Kg,,,https://driveimg1.intermarche.com/pt/Content/images/boitmal/produit/zoom/D8090F73E97416F92FF4C25B1B1ED407.jpg,,,,2025-04-09T23:59:59.999999999+01:00,PROSPECTUS,11,3,,,,
8933,5601377339080,750.0,Monsaraz,"Vinho doc alentejo tinto, garrafa de 0,75 l",,2.99,3.99,750,L,€/L,,,https://driveimg1.intermarche.com/pt/Content/images/boitmal/produit/zoom/91D66AE5F752617A4B7436C49147FA1C.jpg,,,,2025-04-09T23:59:59.999999999+01:00,PROSPECTUS,11,3,,,,
46715,5604260318759,,PorSi,Papel higiénico branco folha quadrupla,12 rolos,5.05,5.05,0,,€/Unidade,,,https://driveimg1.intermarche.com/pt/Content/images/boitmal/produit/zoom/71B84E02290AD35D82ACC6CF2D01690A.jpg,,,,2025-04-09T23:59:59.999999999+01:00,PROSPECTUS,11,3,,,,
1819,5604260031634,150.0,PorSi,"Bolachas starship tradicional, 150g",,1.19,7.93,0,kg,€/Kg,,,https://driveimg1.intermarche.com/pt/Content/images/boitmal/produit/zoom/CABC3D20B1CC9C514379C2FAC0BED85E.jpg,,,,2025-04-09T23:59:59.999999999+01:00,PROSPECTUS,11,3,,,,
958,5601019012401,500.0,Guloso,Polpa de Tomate,Embalagem de 500g,1.09,2.18,0,kg,€/Kg,,,https://driveimg1.intermarche.com/pt/Content/images/boitmal/produit/zoom/0CE0E0ED1941D8AA40077B3BCCD426E3.jpg,,,,2025-04-09T23:59:59.999999999+01:00,PROSPECTUS,11,3,,,,
1467,5601286236784,500.0,Milaneza,"Massa de espirais, embalagem de 500g",,1.04,2.08,0,kg,€/Kg,,,https://driveimg1.intermarche.com/pt/Content/images/boitmal/produit/zoom/90F3AD9985391E2BB3C76374F1217643.jpg,,,,2025-04-09T23:59:59.999999999+01:00,PROSPECTUS,11,3,,,,
40383,2696845000000,500.0,Padaria,Pão forma de Rio Maior,500 g,1.45,2.9,0,kg,€/Kg,,,https://driveimg1.intermarche.com/pt/Content/images/boitmal/produit/zoom/17337BA5BC6BED0E351797EFE70D6ACA.jpg,,,,2025-04-09T23:59:59.999999999+01:00,PROSPECTUS,11,3,,,,
10910,3250390010586,250.0,Páturages,Queijo camembert 45% mg,Embalagem de 250 g,1.89,7.56,0,kg,€/Kg,,,https://driveimg1.intermarche.com/pt/Content/images/boitmal/produit/zoom/7C9F5B55F7320E544E58C79F8FBB96B2.jpg,,,,2025-04-23T23:59:59.999999999+01:00,PROSPECTUS,11,3,,,,
8413,8410500008932,600.0,Danone,"Actimel iogurte líquido de morango, de 6 x 100g",,2.89,4.82,0,kg,€/Kg,,,https://driveimg1.intermarche.com/pt/Content/images/boitmal/produit/zoom/F5F985DE2C1FEBCCE4ED6002098F416C.jpg,,,,2025-04-09T23:59:59.999999999+01:00,PROSPECTUS,11,3,,,,
1302,5601151700754,845.0,Compal,"Grão de bico, lata de 850g",,1.74,2.06,0,kg,€/Kg,,,https://driveimg1.intermarche.com/pt/Content/images/boitmal/produit/zoom/DA244D258ED9A9EF750825CAFFB70E24.jpg,,,,2025-04-09T23:59:59.999999999+01:00,PROSPECTUS,11,3,,,,
45677,5604260312016,60.0,PorSi,Snacks crocantes com bacon,Embalagem de 60g,1.15,19.17,0,kg,€/Kg,,,https://driveimg1.intermarche.com/pt/Content/images/boitmal/produit/zoom/052101F3D098F47C3FB7EC4FC5F6A5F1.jpg,,,,2025-04-23T23:59:59.999999999+01:00,PROSPECTUS,11,3,,,,
38118,5604260301997,2000.0,PorSi,"Iogurte pedaços frutas variadas, 16 x 125 g",,4.59,2.3,0,kg,€/Kg,,,https://driveimg1.intermarche.com/pt/Content/images/boitmal/produit/zoom/1928521ADA1E03C1AA27AC6E397A3F41.jpg,,,,2025-04-09T23:59:59.999999999+01:00,PROSPECTUS,11,3,,,,
11524,5601051420028,250.0,Primor,Manteiga sem sal,Embalagem de 250g,2.09,8.36,0,kg,€/Kg,,,https://driveimg1.intermarche.com/pt/Content/images/boitmal/produit/zoom/0C41B270FBA7B622E759FBA7E3B6B1CD.jpg,,,,2025-04-09T23:59:59.999999999+01:00,PROSPECTUS,11,3,,,,
1189,5601119007987,250.0,Nobre,"Salsichas de porco, lata de 250g",,2.39,9.56,0,kg,€/Kg,,,https://driveimg1.intermarche.com/pt/Content/images/boitmal/produit/zoom/0B023C2ECBDBE7AB09A89A8810925D65.jpg,,,,2025-04-09T23:59:59.999999999+01:00,PROSPECTUS,11,3,,,,
37599,5604260296736,200.0,PorSi,Queijo emmental ralado,Embalagem de 200 g,1.79,8.95,0,kg,€/Kg,,,https://driveimg1.intermarche.com/pt/Content/images/boitmal/produit/zoom/F04EBAB4832A0DA9BCFCD22BDA4669B8.jpg,,,,2025-04-09T23:59:59.999999999+01:00,PROSPECTUS,11,3,,,,
48551,7613287300393,,Nescafé,Nescafe portion coffee systems nescafé dolce gusto 186 g,,8.99,8.99,30,,€/Unidade,,,https://driveimg1.intermarche.com/pt/Content/images/boitmal/produit/zoom/E649FC664013B58BF3328022DDE18A28.jpg,,,,2025-04-09T23:59:59.999999999+01:00,PROSPECTUS,11,3,,,,
8391,5601049159992,1000.0,Mimosa,"Leite especial cálcio + vitamina d magro, de 1l",,0.98,0.98,1000,L,€/L,,,https://driveimg1.intermarche.com/pt/Content/images/boitmal/produit/zoom/22E6964D6A2F2B922BCB40BB341AE902.jpg,,,,2025-04-09T23:59:59.999999999+01:00,PROSPECTUS,11,3,,,,
12943,2892087000000,1500.0,Fruta,Mamão,"1 un = 1,5 kg (aprox.)",5.69,3.79,0,,€/Kg,,,https://driveimg1.intermarche.com/pt/Content/images/boitmal/produit/zoom/E92859558CF3617793775ADAD1A11B14.jpg,,,,2025-04-09T23:59:59.999999999+01:00,PROSPECTUS,11,3,,,,
9184,5602348062754,70.0,Damatta,Presunto sabor português fatiado,Embalagem de 70 g,2.29,32.71,0,kg,€/Kg,,,https://driveimg1.intermarche.com/pt/Content/images/boitmal/produit/zoom/9AE2DBDD0E054DD3DCAC93A9D0EE8ECE.jpg,,,,2025-04-09T23:59:59.999999999+01:00,PROSPECTUS,11,3,,,,
18770,5449000138026,1500.0,Fanta,"Refrigerante com gás de laranja zero, garrafa de 1,5 l",,0.99,0.66,1500,L,€/L,,,https://driveimg1.intermarche.com/pt/Content/images/boitmal/produit/zoom/DE34E5B994CDF7FCC42CE983A86D82DE.jpg,,,,2025-04-09T23:59:59.999999999+01:00,PROSPECTUS,11,3,,,,
47678,5604260319572,96.0,PorSi,Café Splendido,16 cápsulas,3.49,36.35,0,kg,€/Kg,,,https://driveimg1.intermarche.com/pt/Content/images/boitmal/produit/zoom/BE18676367C8B5BB22F7EEF5D41DB56F.jpg,,,,2025-04-09T23:59:59.999999999+01:00,PROSPECTUS,11,3,,,,
8520,5601119956490,120.0,Nobre,"Fiambre perna extra finissimos fatiado, embalagem de 120g",,1.89,15.75,0,kg,€/Kg,,,https://driveimg1.intermarche.com/pt/Content/images/boitmal/produit/zoom/15C8ADF2CEDA2C19A63D893348F1D7F5.jpg,,,,2025-04-09T23:59:59.999999999+01:00,PROSPECTUS,11,3,,,,
11465,5601018003608,1000.0,Matinal,"Leite seleccionado magro, de 1l",,0.99,0.99,1000,L,€/L,,,https://driveimg1.intermarche.com/pt/Content/images/boitmal/produit/zoom/F46A1F399BBA63407EB01F30929F5649.jpg,,,,2025-04-09T23:59:59.999999999+01:00,PROSPECTUS,11,3,,,,
24415,8410436299961,1300.0,Sonasol,"Lava tudo lavanda, 1,3l",,2.09,1.61,1300,L,€/L,,,https://driveimg1.intermarche.com/pt/Content/images/boitmal/produit/zoom/7357FEB6EC6D53B795AF0EA5889F5ADF.jpg,,,,2025-04-09T23:59:59.999999999+01:00,PROSPECTUS,11,3,,,,
5036,5601028012164,,Renova,"Papel higiénico compacto, extra xxl, 6 rolos",Uma embalagem,2.96,2.96,0,,€/Unidade,,,https://driveimg1.intermarche.com/pt/Content/images/boitmal/produit/zoom/9367736D84791631B6A81B574D2BBA50.jpg,https://driveimg1.intermarche.com/pt/Content/images/boitmal/produit/zoom/1F9398A5B85712D9E30015F112CCAF6E.jpg,https://driveimg1.intermarche.com/pt/Content/images/boitmal/produit/zoom/84ED764CBC37072F87BD089140194A37.jpg,,2025-04-09T23:59:59.999999999+01:00,PROSPECTUS,11,3,,,,
20366,7622210981141,150.0,Philadelphia,"Queijo creme de ervas finas, embalagem de 150g",,1.85,12.33,0,kg,€/Kg,,,https://driveimg1.intermarche.com/pt/Content/images/boitmal/produit/zoom/23968A9CE69CBDE38F833889E5601762.jpg,,,,2025-04-09T23:59:59.999999999+01:00,PROSPECTUS,11,3,,,,
34084,5607233509321,520.0,Panrico,Pão de forma especial integral de trigo,Embalagem de 520g,1.59,3.06,0,kg,€/Kg,,,https://driveimg1.intermarche.com/pt/Content/images/boitmal/produit/zoom/5D9682EB12FADC3D5DE1332E5A34F348.jpg,,,,2025-04-09T23:59:59.999999999+01:00,PROSPECTUS,11,3,,,,
40666,5604260303717,550.0,PorSi,"Queijo de vaca curado amanteigado, +/- 550 g",,4.79,8.71,0,kg,€/Kg,,,https://driveimg1.intermarche.com/pt/Content/images/boitmal/produit/zoom/FA9B99B490F3B05F95DF1946378C72AD.jpg,,,,2025-04-23T23:59:59.999999999+01:00,PROSPECTUS,11,3,,,,
17873,8718951037885,500.0,Ajax,"Limpa vidros recarga tripla ação, 500 ml",,1.79,3.58,500,L,€/L,,,https://driveimg1.intermarche.com/pt/Content/images/boitmal/produit/zoom/D0A7A0C399BF07DEEA9FD446034A3D4F.jpg,,,,2025-04-09T23:59:59.999999999+01:00,PROSPECTUS,11,3,,,,
21052,8435257034270,640.0,Nestlé,"Iogurte líquido yoggi, sem lactose, morango/banana, embalagem de 4 x 160g",,2.19,3.42,0,kg,€/Kg,,,https://driveimg1.intermarche.com/pt/Content/images/boitmal/produit/zoom/2F9637E1E7F59896708553BA46B62C91.jpg,,,,2025-04-09T23:59:59.999999999+01:00,PROSPECTUS,11,3,,,,
44902,5601286248787,500.0,Milaneza,"Massa conchas, 500g",,1.04,2.08,0,kg,€/Kg,,,https://driveimg1.intermarche.com/pt/Content/images/boitmal/produit/zoom/47B035D4D71BAB8FACEBBDD297C9B9B8.jpg,,,,2025-04-09T23:59:59.999999999+01:00,PROSPECTUS,11,3,,,,
47934,5604260319565,96.0,PorSi,Café Espresso Vellutato intensidade 7,16 cápsulas,3.49,36.35,0,kg,€/Kg,,,https://driveimg1.intermarche.com/pt/Content/images/boitmal/produit/zoom/55CCF612142A42C8831C49805F97F920.jpg,,,,2025-04-09T23:59:59.999999999+01:00,PROSPECTUS,11,3,,,,
7401,3250390461777,150.0,Páturages,Queijo roquefort,Embalagem de 150 g,2.79,18.6,0,kg,€/Kg,,,https://driveimg1.intermarche.com/pt/Content/images/boitmal/produit/zoom/E03055290F31A27B798D471C25305D9D.jpg,,,,2025-04-23T23:59:59.999999999+01:00,PROSPECTUS,11,3,,,,
17269,4084500617421,820.0,Fairy,"Detergente Líquido Lavar Loiça Original, 820 ml",,3.59,4.38,820,L,€/L,,,https://driveimg1.intermarche.com/pt/Content/images/boitmal/produit/zoom/AAC34482F7A307A6F6D7CF7355F8BFDC.jpg,,,,2025-04-09T23:59:59.999999999+01:00,PROSPECTUS,11,3,,,,
2010,5604260127320,300.0,PorSi,"Mini rissóis de carne, 20 unidades",Embalagem de 300 g,2.29,7.63,0,kg,€/Kg,,Tipo de stockagem,https://driveimg1.intermarche.com/pt/Content/images/boitmal/produit/zoom/42A54F6F1748C2ADE7D49FFEEA1280AC.jpg,,,,2025-04-23T23:59:59.999999999+01:00,PROSPECTUS,11,3,,,,
51608,8006540830918,820.0,Fairy,Detergente Líquido p/ Lavar Loiça Limão,Embalagem de 820 ml,3.99,4.87,820,L,€/L,,,https://driveimg1.intermarche.com/pt/Content/images/boitmal/produit/zoom/F542477DBDEED3AD6C2F55650254DA51.jpg,,,,2025-04-09T23:59:59.999999999+01:00,PROSPECTUS,11,3,,,,
14172,5601226006460,1500.0,Ucal,"Leite com chocolate original, embalagem de 6 x 250 ml",,4.59,3.06,1500,L,€/L,,,https://driveimg1.intermarche.com/pt/Content/images/boitmal/produit/zoom/DBA6B505928AF15261880350BAEA1A97.jpg,,,,2025-04-09T23:59:59.999999999+01:00,PROSPECTUS,11,3,,,,
1468,5601286250780,500.0,Milaneza,"Massa maçarronete riscado, embalagem de 500g",,1.04,2.08,0,kg,€/Kg,,,https://driveimg1.intermarche.com/pt/Content/images/boitmal/produit/zoom/BA4109E5185276DFC6B9D6597899335A.jpg,,,,2025-04-09T23:59:59.999999999+01:00,PROSPECTUS,11,3,,,,
16492,8718951037847,500.0,Ajax,"Limpa vidros pistola, tripla acção, embalagem de 500 ml",,1.97,3.94,500,L,€/L,,,https://driveimg1.intermarche.com/pt/Content/images/boitmal/produit/zoom/835152AD536CA633AE488A10E244161F.jpg,,,,2025-04-09T23:59:59.999999999+01:00,PROSPECTUS,11,3,,,,
32137,5604925003488,200.0,Porminho,Bacon Extra Nacos,200 g,2.99,14.95,0,kg,€/Kg,,,https://driveimg1.intermarche.com/pt/Content/images/boitmal/produit/zoom/D81157DF46100DDFD8CF642B47ECCFDA.jpg,,,,2025-04-09T23:59:59.999999999+01:00,PROSPECTUS,11,3,,,,
34819,5604260287086,200.0,PorSi,Pistachios com sal,Embalagem de 200g,3.79,18.95,0,kg,€/Kg,,,https://driveimg1.intermarche.com/pt/Content/images/boitmal/produit/zoom/0CE106296003E8E1ADB82DF0A039F9E5.jpg,,,,2025-04-23T23:59:59.999999999+01:00,PROSPECTUS,11,3,,,,
5119,5601066200073,1000.0,Nacional,Farinha p/ bolos extra fina,Embalagem de 1 kg,1.04,1.04,0,kg,€/Kg,,,https://driveimg1.intermarche.com/pt/Content/images/boitmal/produit/zoom/CAC064713C07BACF659239959FBD0E0D.jpg,,,,2025-04-09T23:59:59.999999999+01:00,PROSPECTUS,11,3,,,,
8400,5601050033779,620.0,Danone,"Iogurte activia líquido cereais, embalagem de 4 x 155 g",,1.99,3.21,0,kg,€/Kg,,,https://driveimg1.intermarche.com/pt/Content/images/boitmal/produit/zoom/3AC3707CF655B8CC61D2C80E4828D7C8.jpg,,,,2025-04-09T23:59:59.999999999+01:00,PROSPECTUS,11,3,,,,
8521,5601119956810,120.0,Nobre,"Fiambre perna extra fatiado, embalagem de 120g",,1.89,15.75,0,kg,€/Kg,,,https://driveimg1.intermarche.com/pt/Content/images/boitmal/produit/zoom/B962872D940BF7EEEBDD095332A56017.jpg,,,,2025-04-09T23:59:59.999999999+01:00,PROSPECTUS,11,3,,,,
1460,5601286222787,500.0,Milaneza,"Massa de cotovelinhos, embalagem de 500g",,1.04,2.08,0,kg,€/Kg,,,https://driveimg1.intermarche.com/pt/Content/images/boitmal/produit/zoom/49B04C2917E036F30360190A48027326.jpg,,,,2025-04-09T23:59:59.999999999+01:00,PROSPECTUS,11,3,,,,
5095,5601050026405,300.0,Danone,"Queijinho dadoninho petitdino de morango, embalagem de 6 x 50g",,1.99,6.63,0,kg,€/Kg,,,https://driveimg1.intermarche.com/pt/Content/images/boitmal/produit/zoom/285FD05A8135D405134AF6FB325A781F.jpg,,,,2025-04-09T23:59:59.999999999+01:00,PROSPECTUS,11,3,,,,
1269,5601151021750,845.0,Compal,"Feijão preto, lata de 850g",,1.74,2.06,845,L,€/L,,,https://driveimg1.intermarche.com/pt/Content/images/boitmal/produit/zoom/9B352604A3E93D2F850CFCA0A305498A.jpg,,,,2025-04-09T23:59:59.999999999+01:00,PROSPECTUS,11,3,,,,
13373,2893800000000,750.0,Bacalhau,Bacalhau Corrente da Noruega,1 un= 750 g (aprox.),6.74,8.99,0,,€/Kg,,,https://driveimg1.intermarche.com/pt/Content/images/boitmal/produit/zoom/D74E09EC00B79A52E13EB6B9341BD6BA.jpg,,,,2025-04-09T23:59:59.999999999+01:00,PROSPECTUS,11,3,,,,
2748,8410063044521,200.0,Pescanova,"Miolo de camarão cozido 40/60, 200 g",,6.39,31.95,0,kg,€/Kg,,Tipo de stockagem,https://driveimg1.intermarche.com/pt/Content/images/boitmal/produit/zoom/D50FF0C33F27025B364B2A0F02EC1F36.jpg,,,,2025-04-23T23:59:59.999999999+01:00,PROSPECTUS,11,3,,,,
33021,5601260048105,1000.0,Saludães,"Arroz basmati, embalagem de 1 kg",,2.49,2.49,0,kg,€/Kg,,,https://driveimg1.intermarche.com/pt/Content/images/boitmal/produit/zoom/69B2912DAB5813399DDCD1424E089110.jpg,,,,2025-04-09T23:59:59.999999999+01:00,PROSPECTUS,11,3,,,,
42847,5604260307999,1000.0,PorSi Bio,Bio bebida aveia,embalagem de 1 litro,1.19,1.19,1000,L,€/L,,Produtos Bio,https://driveimg1.intermarche.com/pt/Content/images/boitmal/produit/zoom/C923FB353F4DBBE9E2E788A0B1D8F2AA.jpg,,,,2025-04-09T23:59:59.999999999+01:00,PROSPECTUS,11,3,,,,
45654,5604260312009,90.0,PorSi,Snacks Crocantes Amendoim,Embalagem de 90g,1.59,17.67,0,kg,€/Kg,,,https://driveimg1.intermarche.com/pt/Content/images/boitmal/produit/zoom/7A5ACB84EF4B418EA59A43874AE65092.jpg,,,,2025-04-23T23:59:59.999999999+01:00,PROSPECTUS,11,3,,,,
45678,5604260312023,90.0,PorSi,Snacks crocantes com queijo,Embalagem de 90g,0.89,9.89,0,kg,€/Kg,,,https://driveimg1.intermarche.com/pt/Content/images/boitmal/produit/zoom/24D5BD498E27F9B995025450BEE0B662.jpg,,,,2025-04-23T23:59:59.999999999+01:00,PROSPECTUS,11,3,,,,
13990,2696200000000,,Pastelaria,Folhado de salsichas,1 unidade = 110 g,0.99,0.99,0,,€/Unidade,,,https://driveimg1.intermarche.com/pt/Content/images/boitmal/produit/zoom/4DCF72DC736051BE772FEB48C9B7E455.jpg,,,,2025-04-09T23:59:59.999999999+01:00,PROSPECTUS,11,3,,,,
2740,8410063016627,400.0,Pescanova,"4 filetes de pescada panados com limão, embalagem de 400g",,4.99,12.48,0,kg,€/Kg,,Tipo de stockagem,https://driveimg1.intermarche.com/pt/Content/images/boitmal/produit/zoom/793D04BEFB15F5DF82BA7896A4F9F018.jpg,,,,2025-04-09T23:59:59.999999999+01:00,PROSPECTUS,11,3,,,,
34010,5601027000896,500.0,Panrico,Pão de forma com côdea,Embalagem de 500 g,1.59,3.18,0,kg,€/Kg,,,https://driveimg1.intermarche.com/pt/Content/images/boitmal/produit/zoom/45200EFAB4342352CC853C5AC1883DB5.jpg,,,,2025-04-09T23:59:59.999999999+01:00,PROSPECTUS,11,3,,,,
10274,8410436242172,1100.0,Sonasol,"Lava Tudo Brilhante Floral, embalagem 1,1l",,2.79,2.54,1100,L,€/L,,,https://driveimg1.intermarche.com/pt/Content/images/boitmal/produit/zoom/01F5925CB3ADDDABA2B9F66C7D55728C.jpg,,,,2025-04-09T23:59:59.999999999+01:00,PROSPECTUS,11,3,,,,
1331,5601165006255,259.0,Calvé,"Molho de alho, embalagem de 260g",,1.94,7.49,0,kg,€/Kg,,,https://driveimg1.intermarche.com/pt/Content/images/boitmal/produit/zoom/250292652676F63A9916D46B501BCEC4.jpg,https://driveimg1.intermarche.com/pt/Content/images/boitmal/produit/zoom/5F13F0DF96776682A865C5AC21E8DB42.jpg,https://driveimg1.intermarche.com/pt/Content/images/boitmal/produit/zoom/5F13F0DF96776682A865C5AC21E8DB42.jpg,https://driveimg1.intermarche.com/pt/Content/images/boitmal/produit/zoom/5F13F0DF96776682A865C5AC21E8DB42.jpg,2025-04-09T23:59:59.999999999+01:00,PROSPECTUS,11,3,https://driveimg1.intermarche.com/pt/Content/images/boitmal/produit/zoom/5F13F0DF96776682A865C5AC21E8DB42.jpg,,,
24414,8410436297691,1300.0,Sonasol,"Lava tudo camomila e flor de laranjeira, 1,3l",,2.09,1.61,1300,L,€/L,,,https://driveimg1.intermarche.com/pt/Content/images/boitmal/produit/zoom/C67C521AD0B096D9F596A17B56363CA4.jpg,,,,2025-04-09T23:59:59.999999999+01:00,PROSPECTUS,11,3,,,,
42846,5604260307982,1000.0,PorSi Bio,Bebida arroz bio,Embalagem de 1 litro,1.49,1.49,1000,L,€/L,,Produtos Bio,https://driveimg1.intermarche.com/pt/Content/images/boitmal/produit/zoom/A64C3B9BA520548A849FA44C797CDA74.jpg,,,,2025-04-09T23:59:59.999999999+01:00,PROSPECTUS,11,3,,,,
44252,5601019012890,210.0,Guloso,"Tomate frito, embalagem de 210g",,0.86,4.1,0,kg,€/Kg,,,https://driveimg1.intermarche.com/pt/Content/images/boitmal/produit/zoom/8B263589AC7E30970A012A4A83920952.jpg,,,,2025-04-09T23:59:59.999999999+01:00,PROSPECTUS,11,3,,,,
49475,5601146570027,3750.0,Sagres,"Cerveja com álcool, pack 15 x 25 cl",,7.99,2.13,3750,L,€/L,,,https://driveimg1.intermarche.com/pt/Content/images/boitmal/produit/zoom/6F54A04F24F5E288DCF8E2FC9D030060.jpg,,,,2025-04-09T23:59:59.999999999+01:00,PROSPECTUS,11,3,,,,
50954,8006540767689,,Fairy,Detergente Loiça Máquina Ultra,53 pastilhas,13.99,13.99,0,,€/Unidade,,,https://driveimg1.intermarche.com/pt/Content/images/boitmal/produit/zoom/B8715491007747823440062BA929A0DC.jpg,,,,2025-04-09T23:59:59.999999999+01:00,PROSPECTUS,11,3,,,,
5244,5601151510759,845.0,Compal,"Feijão encarnado, lata de 850g",,1.74,2.06,0,kg,€/Kg,,,https://driveimg1.intermarche.com/pt/Content/images/boitmal/produit/zoom/DE636824D87F41FA8614ED32FEFF81FF.jpg,,,,2025-04-09T23:59:59.999999999+01:00,PROSPECTUS,11,3,,,,
13848,2891015000000,150.0,Novilho,Entremeada Novilho,1 un=150 gr (aprox),1.42,9.49,0,,€/Kg,,,https://driveimg1.intermarche.com/pt/Content/images/boitmal/produit/zoom/E3E6C57F8100820E9FD4FEA74DC60325.jpg,,,,2025-04-09T23:59:59.999999999+01:00,PROSPECTUS,11,3,,,,
1458,5601286220783,500.0,Milaneza,"Massa de cotovelos grossos, embalagem de 500g",,1.04,2.08,0,kg,€/Kg,,,https://driveimg1.intermarche.com/pt/Content/images/boitmal/produit/zoom/D93D679931815D69DD3322F399FB1B55.jpg,,,,2025-04-09T23:59:59.999999999+01:00,PROSPECTUS,11,3,,,,
18596,8410500016029,400.0,Danone,"Iogurte líquido danonino morango/banana, embalagem de 4 x 100 g",,1.99,4.98,0,kg,€/Kg,,,https://driveimg1.intermarche.com/pt/Content/images/boitmal/produit/zoom/79AABB1D751FE6F57112090F819DD6BE.jpg,,,,2025-04-09T23:59:59.999999999+01:00,PROSPECTUS,11,3,,,,
28610,5604260272099,720.0,PorSi,8 salsichas bockwurst,1 Frasco 720G,5.99,8.32,0,kg,€/Kg,,,https://driveimg1.intermarche.com/pt/Content/images/boitmal/produit/zoom/0A0406022087C08A984483E22FDBE86D.jpg,,,,2025-04-09T23:59:59.999999999+01:00,PROSPECTUS,11,3,,,,
40672,5609060095992,100.0,Delta,Café solúvel intenso,Embalagem de 100g,3.09,30.9,0,kg,€/Kg,,,https://driveimg1.intermarche.com/pt/Content/images/boitmal/produit/zoom/9D4895AD34340D994C0746A03FC85B3A.jpg,,,,2025-04-09T23:59:59.999999999+01:00,PROSPECTUS,11,3,,,,
5247,5601151720752,845.0,Compal,"Feijão frade, lata de 850g",,1.74,2.06,0,kg,€/Kg,,,https://driveimg1.intermarche.com/pt/Content/images/boitmal/produit/zoom/748A199E3B15682C5E3E960F2EBA8A1A.jpg,,,,2025-04-09T23:59:59.999999999+01:00,PROSPECTUS,11,3,,,,
2603,7622300631574,100.0,Milka,"Tablete de chocolate, embalagem de 100g",,1.85,18.5,0,kg,€/Kg,,,https://driveimg1.intermarche.com/pt/Content/images/boitmal/produit/zoom/52E1072D7190F92497F13A3FF508BF9B.jpg,,,,2025-04-09T23:59:59.999999999+01:00,PROSPECTUS,11,3,,,,
35704,3021768203639,360.0,Gogo,"Conjunto de saquetas de fruta maçã e banana, embalagem de 4 x 90g",,2.69,7.47,0,kg,€/Kg,,,https://driveimg1.intermarche.com/pt/Content/images/boitmal/produit/zoom/3B0800B00BAA9EFC0F6FD35BCC52240D.jpg,,,,2025-04-09T23:59:59.999999999+01:00,PROSPECTUS,11,3,,,,
452,8888056603862,85.0,Koka,"Massa instantânea com sabor a galinha, embalagem de 90g",,0.69,8.12,0,kg,€/Kg,,,https://driveimg1.intermarche.com/pt/Content/images/boitmal/produit/zoom/B2968A264D894B9BD28BB6D7AD2B2C1C.jpg,,,,2025-04-09T23:59:59.999999999+01:00,PROSPECTUS,11,3,,,,
50389,8445290351401,,Nescafé,"Cápsulas café sical intensidade 7, 30 unidades",,8.99,8.99,30,,€/Unidade,,,https://driveimg1.intermarche.com/pt/Content/images/boitmal/produit/zoom/1FD786A7E143BB9E177424D49D5ABF95.jpg,,,,2025-04-09T23:59:59.999999999+01:00,PROSPECTUS,11,3,,,,
1438,5601260047108,1000.0,Saludães,Arroz agulha,Embalagem de 1kg,1.35,1.35,0,kg,€/Kg,,,https://driveimg1.intermarche.com/pt/Content/images/boitmal/produit/zoom/B47152EFC4F603CBADD3130829B29F08.jpg,,,,2025-04-09T23:59:59.999999999+01:00,PROSPECTUS,11,4,,,,
18771,5449000022646,1500.0,Fanta,"Refrigerante com gás de uva, garrafa de 1,5 l",,0.99,0.66,1500,L,€/L,,,https://driveimg1.intermarche.com/pt/Content/images/boitmal/produit/zoom/8F70505C1EA8CC7907321F98EFB258F8.jpg,,,,2025-04-09T23:59:59.999999999+01:00,PROSPECTUS,11,4,,,,
2009,5604260127313,300.0,PorSi,20 mini rissóis de camarão,Embalagem de 300 g,2.29,7.63,0,kg,€/Kg,,Tipo de stockagem,https://driveimg1.intermarche.com/pt/Content/images/boitmal/produit/zoom/648D5FF2795BC9832AD06448AD4ED56B.jpg,,,,2025-04-23T23:59:59.999999999+01:00,PROSPECTUS,11,4,,,,
20912,5601096227309,750.0,Aveleda,"Vinho verde branco loureiro/alvarinho, garrafa de 0.75 l",,3.99,5.32,750,L,€/L,,,https://driveimg1.intermarche.com/pt/Content/images/boitmal/produit/zoom/0EDCFE54C28A289AA37078E6B8F87858.jpg,,,,2025-04-09T23:59:59.999999999+01:00,PROSPECTUS,11,4,,,,
21051,8435257034300,640.0,Nestlé,"Iogurte líquido yoggi, sem lactose, morango, embalagem de 4 x 160g",,2.19,3.42,0,kg,€/Kg,,,https://driveimg1.intermarche.com/pt/Content/images/boitmal/produit/zoom/D5CB31CBF064EE8A66067DB03B82499E.jpg,,,,2025-04-09T23:59:59.999999999+01:00,PROSPECTUS,11,4,,,,
21308,5604260280209,750.0,Selecção de Enófilos,"Vinho DOC Douro, Tinto",Garrafa de 0.75L,2.19,2.92,750,L,€/L,,,https://driveimg1.intermarche.com/pt/Content/images/boitmal/produit/zoom/A51644672DE2489EA8C8213CAD8D2069.jpg,,,,2025-04-09T23:59:59.999999999+01:00,PROSPECTUS,11,4,,,,
24811,5604260276363,600.0,PorSi,Gelado sandwich nata/chocolate,Embalagem de 6x100 ml,2.99,4.98,600,L,€/L,,Tipo de stockagem,https://driveimg1.intermarche.com/pt/Content/images/boitmal/produit/zoom/E32BF05E787615CAC3DCF287D228BF70.jpg,,,,2025-04-09T23:59:59.999999999+01:00,PROSPECTUS,11,4,,,,
2786,8410199150905,100.0,Cheetos,"Aperitivos rolitos, embalagem de 100g",,1.49,14.9,0,kg,€/Kg,,,https://driveimg1.intermarche.com/pt/Content/images/boitmal/produit/zoom/F470A36FD76D61EC69758C933CF291DA.jpg,,,,2025-04-09T23:59:59.999999999+01:00,PROSPECTUS,11,4,,,,
34598,5600376210192,250.0,Pasta do Dia,"Folhas de massa fresca para lasanha, embalagem de 250g",,1.89,7.56,0,kg,€/Kg,,,https://driveimg1.intermarche.com/pt/Content/images/boitmal/produit/zoom/F25BB23250A74E5C6160321C93D6A266.jpg,,,,2025-04-09T23:59:59.999999999+01:00,PROSPECTUS,11,4,,,,
37368,5604260300518,31.0,PorSi,Gelatina morango 0% açúcar,Embalagem de 31 g,0.99,31.94,0,kg,€/Kg,,,https://driveimg1.intermarche.com/pt/Content/images/boitmal/produit/zoom/ED72603CF70EFE117DB8D71FCC17B8C0.jpg,,,,2025-04-09T23:59:59.999999999+01:00,PROSPECTUS,11,4,,,,
38555,5601019012807,500.0,Guloso,"Polpa de tomate com manjericão e oregãos, 500 g",,1.49,2.98,0,kg,€/Kg,,,https://driveimg1.intermarche.com/pt/Content/images/boitmal/produit/zoom/DD3F790AD3540766E8551E7402E008AE.jpg,,,,2025-04-09T23:59:59.999999999+01:00,PROSPECTUS,11,4,,,,
46824,5603722518270,720.0,Mimosa,"Iogurte magro aroma multi sabores de morango/coco, 6x120g",,1.99,2.76,0,kg,€/Kg,,,https://driveimg1.intermarche.com/pt/Content/images/boitmal/produit/zoom/C1F13564A32ADE4727C9B834FE2B8090.jpg,,,,2025-04-09T23:59:59.999999999+01:00,PROSPECTUS,11,4,,,,
53292,8719200265424,450.0,Becel,"Creme vegetal culinária, 450g",,2.49,5.53,0,kg,€/Kg,,,https://driveimg1.intermarche.com/pt/Content/images/boitmal/produit/zoom/731104623BFBA291592C36763AD2ACB6.jpg,https://driveimg1.intermarche.com/pt/Content/images/boitmal/produit/zoom/FE0F50DA9FD82BB1CA28828D6783A017.jpg,https://driveimg1.intermarche.com/pt/Content/images/boitmal/produit/zoom/FE0F50DA9FD82BB1CA28828D6783A017.jpg,https://driveimg1.intermarche.com/pt/Content/images/boitmal/produit/zoom/FE0F50DA9FD82BB1CA28828D6783A017.jpg,2025-04-09T23:59:59.999999999+01:00,PROSPECTUS,11,4,,,,
53942,5603722523298,1000.0,Matinal,"Bebida de leite sem lactose livre, 1l",,1.25,1.25,1000,L,€/L,,,https://driveimg1.intermarche.com/pt/Content/images/boitmal/produit/zoom/3F3F185EBF624903AC3031EAC11A6631.jpg,,,,2025-04-09T23:59:59.999999999+01:00,PROSPECTUS,11,4,,,,
8388,5601049152993,1000.0,Mimosa,"Leite especial cálcio + vitamina d m/g, de 1l",,0.98,0.98,1000,L,€/L,,,https://driveimg1.intermarche.com/pt/Content/images/boitmal/produit/zoom/AE995344CF7D57F674EA8EE465C57CA4.jpg,,,,2025-04-09T23:59:59.999999999+01:00,PROSPECTUS,11,4,,,,
8500,5601109211110,750.0,Porca de Murça,Vinho branco douro,Garrafa de 750 ml,4.99,6.65,750,L,€/L,,,https://driveimg1.intermarche.com/pt/Content/images/boitmal/produit/zoom/3A37403A453BA89596AD6718ADA0F46A.jpg,,,,2025-04-09T23:59:59.999999999+01:00,PROSPECTUS,11,4,,,,
8534,5601119957183,120.0,Campofrio,"Peito peru forno lenha fatias clássicas, embalagem de 120g",,2.19,18.25,0,kg,€/Kg,,,https://driveimg1.intermarche.com/pt/Content/images/boitmal/produit/zoom/623D6B2EB3EE61B2128AE1B5E62C0910.jpg,,,,2025-04-09T23:59:59.999999999+01:00,PROSPECTUS,11,4,,,,
8672,5601164902589,5000.0,Super Bock,"Cerveja com álcool, pack 20 x 25 cl",,9.99,2.0,5000,L,€/L,,,https://driveimg1.intermarche.com/pt/Content/images/boitmal/produit/zoom/2F3621A27B73789EDA7DDA7347F7A8AE.jpg,,,,2025-04-09T23:59:59.999999999+01:00,PROSPECTUS,11,4,,,,
10091,8410100059839,360.0,Nestlé,"Queijinho petit nesquik, embalagem de 6 x 60g",,2.79,7.75,0,kg,€/Kg,,,https://driveimg1.intermarche.com/pt/Content/images/boitmal/produit/zoom/88B248C453A669F7E350B1DDEC2F3C33.jpg,,,,2025-04-09T23:59:59.999999999+01:00,PROSPECTUS,11,4,,,,
10128,8006540836224,,Dodot,Toalhitas Pure 0% Plástico,Embalagem de 48 unidades,1.74,1.74,0,,€/Unidade,,,https://driveimg1.intermarche.com/pt/Content/images/boitmal/produit/zoom/A6A917F7D6C239B691DF2BB237C59C0C.jpg,,,,2025-04-09T23:59:59.999999999+01:00,PROSPECTUS,11,4,,,,
13522,2893514000000,200.0,Peixaria,Choco Pequeno Congelado,1 un= 200 gr (aprox.),1.9,9.49,0,,€/Kg,,Avantages !,https://driveimg1.intermarche.com/pt/Content/images/boitmal/produit/zoom/37754AAC1A8B81BA5D21C470572981B5.jpg,,,,2025-04-09T23:59:59.999999999+01:00,PROSPECTUS,11,4,,,,
21307,5604260280193,750.0,Selecção de Enófilos,"Vinho DOC Douro, Branco",Garrafa de 0.75L,2.19,2.92,750,L,€/L,,,https://driveimg1.intermarche.com/pt/Content/images/boitmal/produit/zoom/6901F1BA886B16C8493A5AF2B508B118.jpg,,,,2025-04-09T23:59:59.999999999+01:00,PROSPECTUS,11,4,,,,
29227,8000500227848,132.0,Nutella,"Biscoitos b ready, embalagem de 132 g",,2.49,18.86,0,kg,€/Kg,,,https://driveimg1.intermarche.com/pt/Content/images/boitmal/produit/zoom/B529F25E6BDB4C4ACEB75756E8F8E743.jpg,,,,2025-04-09T23:59:59.999999999+01:00,PROSPECTUS,11,4,,,,
29739,8410436324502,1300.0,Sonasol,"Lava Tudo Leite de Amêndoa, 1.3 l",,2.09,1.61,1300,L,€/L,,,https://driveimg1.intermarche.com/pt/Content/images/boitmal/produit/zoom/F0C3F7396A3707DA471842E1F133DA93.jpg,,,,2025-04-09T23:59:59.999999999+01:00,PROSPECTUS,11,4,,,,
35631,8410436329545,100.0,Sonasol,Bloco sanitário desinfectante duplo floral,Embalagem de 2 x 50 g,2.99,29.9,0,kg,€/Kg,,,https://driveimg1.intermarche.com/pt/Content/images/boitmal/produit/zoom/4EBD52C2D6799DC552F1A6B94AE3AADD.jpg,,,,2025-04-09T23:59:59.999999999+01:00,PROSPECTUS,11,4,,,,
44241,5601050036886,120.0,Danone,"Iogrute twix, embalagem de 120g",,0.99,8.25,0,kg,€/Kg,,,https://driveimg1.intermarche.com/pt/Content/images/boitmal/produit/zoom/E4E89664DF24BCB428B25457942D3E4C.jpg,,,,2025-04-09T23:59:59.999999999+01:00,PROSPECTUS,11,4,,,,
44763,5449000013231,1500.0,Sprite,"Refrigerante lima limão zero açúcar, garrafa 1.5 l",,0.99,0.66,1500,L,€/L,,,https://driveimg1.intermarche.com/pt/Content/images/boitmal/produit/zoom/CA978886592B1D4304FE94C81DC98A43.jpg,,,,2025-04-09T23:59:59.999999999+01:00,PROSPECTUS,11,4,,,,
47636,8412600018323,300.0,Bimbo,Bimbo® bagels sementes 4 un.,Embalagem de 300g,2.34,7.8,0,kg,€/Kg,,,https://driveimg1.intermarche.com/pt/Content/images/boitmal/produit/zoom/BF6C29E8954E6CC8FE9F7A9ADC699919.jpg,,,,2025-04-09T23:59:59.999999999+01:00,PROSPECTUS,11,4,,,,
51534,8410436440417,3250.0,Persil,Detergente máquina roupa sabão azul e branco,60 doses,7.99,2.46,3250,L,€/L,,,https://driveimg1.intermarche.com/pt/Content/images/boitmal/produit/zoom/36A69498B8B31273B175385CED7E9CCC.jpg,,,,2025-04-09T23:59:59.999999999+01:00,PROSPECTUS,11,4,,,,
6460,8410436216777,53.0,Sonasol,Bloco Sanitário Poder Activo Floral,Embalagem de 50 g,1.98,37.36,0,kg,€/Kg,,,https://driveimg1.intermarche.com/pt/Content/images/boitmal/produit/zoom/428A90D17C72E1CEA455915A18AE3510.jpg,,,,2025-04-09T23:59:59.999999999+01:00,PROSPECTUS,11,4,,,,
815,5000116106172,250.0,Capitão Iglo,"Douradinhos de frango, 10 unidades, embalagem de 250g",,3.49,13.96,0,kg,€/Kg,,Tipo de stockagem,https://driveimg1.intermarche.com/pt/Content/images/boitmal/produit/zoom/C5A8F3400BD1CDAA3A658C1B6BE7A4E1.jpg,,,,2025-04-09T23:59:59.999999999+01:00,PROSPECTUS,11,4,,,,
8415,8410500007836,600.0,Danone,"Actimel iogurte líquido tutti frutti, embalagem de 6 x 100g",,2.89,4.82,0,kg,€/Kg,,,https://driveimg1.intermarche.com/pt/Content/images/boitmal/produit/zoom/0712AE23BC1EFB6DA91FF7C37F68326A.jpg,,,,2025-04-09T23:59:59.999999999+01:00,PROSPECTUS,11,4,,,,
11935,5603124023273,545.0,Mistolin,"Tira gorduras pistola, 550 ml",,2.99,5.49,545,L,€/L,,,https://driveimg1.intermarche.com/pt/Content/images/boitmal/produit/zoom/61307002E6EA5352BB9A64A39F439A9A.jpg,,,,2025-04-09T23:59:59.999999999+01:00,PROSPECTUS,11,4,,,,
12309,8004300653241,750.0,Maestri Cantinieri,Lambrusco rose,Garrafa de 750 ml,1.99,2.65,750,L,€/L,,,https://driveimg1.intermarche.com/pt/Content/images/boitmal/produit/zoom/1F405B42A3CBAD229063F06FC94847E8.jpg,,,,2025-04-23T23:59:59.999999999+01:00,PROSPECTUS,11,4,,,,
13566,2893560000000,250.0,Congelado de Aquicultura,Camarão Congelado 20/30,1 un = 250 gr  (aprox.),2.5,9.99,0,,€/Kg,,Avantages !,https://driveimg1.intermarche.com/pt/Content/images/boitmal/produit/zoom/863DB9F10BE616A55736AB7A17BC6BB5.jpg,,,,2025-04-23T23:59:59.999999999+01:00,PROSPECTUS,11,4,,,,
1603,5601560111189,90.0,Diatosta,Mini tosta trigo,Embalagem de 90 g,1.09,12.11,0,kg,€/Kg,,,https://driveimg1.intermarche.com/pt/Content/images/boitmal/produit/zoom/45674C194445206DA98AFDE6EE1E9F5C.jpg,,,,2025-04-23T23:59:59.999999999+01:00,PROSPECTUS,11,4,,,,
19046,5000116110414,480.0,Capitão Iglo,"8 hamburguers sem glúten frango, embalagem de 480g",,7.99,16.65,0,kg,€/Kg,,Tipo de stockagem,https://driveimg1.intermarche.com/pt/Content/images/boitmal/produit/zoom/B74DC0C9C4A898B602612BD394B808F5.jpg,,,,2025-04-09T23:59:59.999999999+01:00,PROSPECTUS,11,4,,,,
22955,3045200760009,500.0,Sanytol,"Desinfetante para Roupa, 500ml",,2.64,5.28,500,L,€/L,,,https://driveimg1.intermarche.com/pt/Content/images/boitmal/produit/zoom/932FDF72A4293CF6B46E5DCF125CBB20.jpg,,,,2025-04-09T23:59:59.999999999+01:00,PROSPECTUS,11,4,,,,
25513,8410063074924,320.0,Pescanova,"4 filetes de pescada tipo caseiro sem gluten, embalagem com 320 g",,5.19,16.22,0,kg,€/Kg,,Tipo de stockagem,https://driveimg1.intermarche.com/pt/Content/images/boitmal/produit/zoom/223B86A64722EA649978D9F45EF21399.jpg,,,,2025-04-09T23:59:59.999999999+01:00,PROSPECTUS,11,4,,,,
28678,5605173897348,2000.0,Maçã da Beira Alta IGP,Maçã Golden,Embalagem de 2 kg,2.29,1.15,0,kg,€/Kg,,,https://driveimg1.intermarche.com/pt/Content/images/boitmal/produit/zoom/FD501586D19B3686949652632F7B3864.jpg,,,,2025-04-09T23:59:59.999999999+01:00,PROSPECTUS,11,4,,,,
29591,3387390339505,375.0,Nestlé,"Cereais golden grahams, embalagem de 380g",,3.19,8.51,0,kg,€/Kg,,,https://driveimg1.intermarche.com/pt/Content/images/boitmal/produit/zoom/52B010047394B5E18C21D533AA60A41C.jpg,,,,2025-04-09T23:59:59.999999999+01:00,PROSPECTUS,11,4,,,,
30165,8410436320573,1100.0,Sonasol,Lava Tudo Brilhante Eucalipto,"embalagem 1,1L",2.79,2.54,1100,L,€/L,,,https://driveimg1.intermarche.com/pt/Content/images/boitmal/produit/zoom/1D59B5FEAE0C00D87C9E61FEE70A9A3D.jpg,,,,2025-04-09T23:59:59.999999999+01:00,PROSPECTUS,11,4,,,,
33400,5604260285228,4000.0,PorSi,Alimento seco para cão mix,Embalagem de 4 kg,5.99,1.5,0,kg,€/Kg,,,https://driveimg1.intermarche.com/pt/Content/images/boitmal/produit/zoom/3AA045D73049470D10C23032126C6A0F.jpg,,,,2025-04-09T23:59:59.999999999+01:00,PROSPECTUS,11,4,,,,
34404,7613034675842,198.0,Lion,Chocolate lion mini,Embalagem de 198 g,2.89,14.6,0,kg,€/Kg,,,https://driveimg1.intermarche.com/pt/Content/images/boitmal/produit/zoom/E28536C14F7B040FA228E53807A4A467.jpg,,,,2025-04-09T23:59:59.999999999+01:00,PROSPECTUS,11,4,,,,
35705,3021768203615,360.0,Gogo,"Conjunto de saquetas de fruta maçã e morango, embalagem de 4 x 90g",,2.69,7.47,0,kg,€/Kg,,,https://driveimg1.intermarche.com/pt/Content/images/boitmal/produit/zoom/50D9F740E1739930D14334FC3B6F4DCC.jpg,,,,2025-04-09T23:59:59.999999999+01:00,PROSPECTUS,11,4,,,,
36654,8410436343497,500.0,Sonasol,"Spray limpa vidros brilhante, 500 ml",,1.99,3.98,500,L,€/L,,,https://driveimg1.intermarche.com/pt/Content/images/boitmal/produit/zoom/A68E1376FFCF092E98332868C951A769.jpg,,,,2025-04-09T23:59:59.999999999+01:00,PROSPECTUS,11,4,,,,
42849,5604260308019,1000.0,PorSi Bio,Bio bebida soja natural,embalagem de 1 litro,0.94,0.94,1000,L,€/L,,Produtos Bio,https://driveimg1.intermarche.com/pt/Content/images/boitmal/produit/zoom/D68BCA87C01974D9C9D9721C9B8735AE.jpg,https://driveimg1.intermarche.com/pt/Content/images/boitmal/produit/zoom/A719986887CCAA7BB37BDD96A9897A6B.jpg,https://driveimg1.intermarche.com/pt/Content/images/boitmal/produit/zoom/A719986887CCAA7BB37BDD96A9897A6B.jpg,https://driveimg1.intermarche.com/pt/Content/images/boitmal/produit/zoom/A719986887CCAA7BB37BDD96A9897A6B.jpg,2025-04-09T23:59:59.999999999+01:00,PROSPECTUS,11,4,https://driveimg1.intermarche.com/pt/Content/images/boitmal/produit/zoom/A719986887CCAA7BB37BDD96A9897A6B.jpg,,,
51314,5601066200745,800.0,Nacional,"Farinha de aveia integral, 800g",,1.39,1.74,0,kg,€/Kg,,,https://driveimg1.intermarche.com/pt/Content/images/boitmal/produit/zoom/235C10960E97294CC4CDC7A584513052.jpg,,,,2025-04-09T23:59:59.999999999+01:00,PROSPECTUS,11,4,,,,
52079,8711327585782,330.0,Magnum,"Gelado mini double caramel e gold caramel billionaire, embalagem de 330 ml",,4.49,13.61,330,L,€/L,,Tipo de stockagem,https://driveimg1.intermarche.com/pt/Content/images/boitmal/produit/zoom/FEAEC9F2D0E413EBB73552CF9D06BA73.jpg,,,,2025-04-09T23:59:59.999999999+01:00,PROSPECTUS,11,4,,,,
5632,5602445000536,750.0,Encosta das Perdizes,Vinho regional alentejano tinto,Garrafa de 750 ml,2.69,3.59,750,L,€/L,,,https://driveimg1.intermarche.com/pt/Content/images/boitmal/produit/zoom/ADC7AAF1E42FC34FB14363D21F98FEE3.jpg,,,,2025-04-09T23:59:59.999999999+01:00,PROSPECTUS,11,4,,,,
7043,2894074000000,150.0,Campofrio,Peito de peru forno lenha,1 un = 150 gr (aprox.),2.25,14.99,0,,€/Kg,,,https://driveimg1.intermarche.com/pt/Content/images/boitmal/produit/zoom/EF3CEFEECAD2391EED6F65839052F87D.jpg,,,,2025-04-09T23:59:59.999999999+01:00,PROSPECTUS,11,4,,,,
