identifier,produitEan13,capacite,marque,libelle,conditionnement,prix,unitPrice,volume,typeProduit_uniteByCode,unit_value,pictogrammes_0,pictogrammes_libelleCategorie,images_0,images_1,images_2,images_3,avantages_dateFin,avantages_categorie,nro_paginas,page,images_4,images_5,images_6,images_7
11967,5601049612336,250.0,Mimosa,"Manteiga com sal, embalagem de 250g",,1.99,7.96,0,kg,€/Kg,,,https://driveimg1.intermarche.com/pt/Content/images/boitmal/produit/zoom/2C2D066D904F137421CA4F472DC07738.jpg,https://driveimg1.intermarche.com/pt/Content/images/boitmal/produit/zoom/B59AE74FD0DBE6C3112F001AFF69E867.jpg,https://driveimg1.intermarche.com/pt/Content/images/boitmal/produit/zoom/BB9196C3025886DBB6F20EDD70A1CA7A.jpg,,2024-12-18T23:59:59.999999999Z,PROSPECTUS,9,1,,,,
4687,5000116105212,375.0,Iglo,"Ervilhas, embalagem de 375g",,1.89,5.04,0,kg,€/Kg,,Tipo de stockagem,https://driveimg1.intermarche.com/pt/Content/images/boitmal/produit/zoom/6C528FEBBEDC5462386A3AB117EEBFD4.jpg,,,,2024-12-18T23:59:59.999999999Z,PROSPECTUS,9,1,,,,
17827,5603344531022,110.0,General,Atum posta em óleo,Embalagem de 110g,0.94,8.55,0,kg,€/Kg,,,https://driveimg1.intermarche.com/pt/Content/images/boitmal/produit/zoom/6CF8780AD6CFF5E4D2703538338330A5.jpg,,,,2024-12-18T23:59:59.999999999Z,PROSPECTUS,9,1,,,,
11987,5604055112821,2500.0,Fastio,"Água mineral sem gás, garrafa de 2,5 l",,1.09,0.44,2500,L,€/L,,,https://driveimg1.intermarche.com/pt/Content/images/boitmal/produit/zoom/FB893DB3E3427BD2F4F475F8A8AF7AFA.jpg,,,,2024-12-18T23:59:59.999999999Z,PROSPECTUS,9,1,,,,
8413,8410500008932,600.0,Danone,"Actimel iogurte líquido de morango, de 6 x 100g",,2.89,4.82,0,kg,€/Kg,,,https://driveimg1.intermarche.com/pt/Content/images/boitmal/produit/zoom/F5F985DE2C1FEBCCE4ED6002098F416C.jpg,,,,2024-12-18T23:59:59.999999999Z,PROSPECTUS,9,1,,,,
12819,3600522023883,400.0,Elvive,Champô total repair,Embalagem de 400 ml,3.99,9.98,400,L,€/L,,,https://driveimg1.intermarche.com/pt/Content/images/boitmal/produit/zoom/EA7D6E07CD09475944FC0B7344377C93.jpg,,,,2024-12-18T23:59:59.999999999Z,PROSPECTUS,9,1,,,,
18628,5601028002707,,Renova,Rolo de Cozinha Multi,4 Rolos,2.49,2.49,0,,€/Unidade,,,https://driveimg1.intermarche.com/pt/Content/images/boitmal/produit/zoom/A6A18C9DEB55952EA54214B88A2CC38D.jpg,,,,2024-12-18T23:59:59.999999999Z,PROSPECTUS,9,1,,,,
17920,5602417101575,5000.0,Courelas d'Alqueva,Vinho bag-in-box tinto,Garrafa de 5 l,6.49,1.3,5000,L,€/L,,,https://driveimg1.intermarche.com/pt/Content/images/boitmal/produit/zoom/50F27F2A3BA8F2DFBF7A0B52395D8EDC.jpg,,,,2024-12-18T23:59:59.999999999Z,PROSPECTUS,9,1,,,,
2506,7613033269707,400.0,Friskies,Ração para gato adulto com atum e legumes selecionados,Embalagem de 400g,1.86,4.65,0,kg,€/Kg,,,https://driveimg1.intermarche.com/pt/Content/images/boitmal/produit/zoom/78CC0CA3CDAE4BE7B2C258204163FE70.jpg,,,,2024-12-18T23:59:59.999999999Z,PROSPECTUS,9,1,,,,
12994,2892524000000,100.0,Legumes,Cenoura Granel,1 un = 100 gr (aprox.),0.09,0.89,0,,€/Kg,,,https://driveimg1.intermarche.com/pt/Content/images/boitmal/produit/zoom/5AEDEF3ED6ABEF24EACEE9C46AA7916F.jpg,,,,2024-12-18T23:59:59.999999999Z,PROSPECTUS,9,1,,,,
2466,7613032142599,500.0,Cerelac,Farinha láctea cerelac,Embalagem de 500g,3.74,7.48,0,kg,€/Kg,,,https://driveimg1.intermarche.com/pt/Content/images/boitmal/produit/zoom/9E8BA07E18AADF10F73E7F499EE6907F.jpg,,,,2024-12-18T23:59:59.999999999Z,PROSPECTUS,9,1,,,,
14723,8410063045139,800.0,Pescanova,"Camarão vannamei 40/48, embalagem de 800g",,8.69,10.86,0,kg,€/Kg,,Tipo de stockagem,https://driveimg1.intermarche.com/pt/Content/images/boitmal/produit/zoom/CF56AF8546EAE589D7E2D74E545BD302.jpg,,,,2024-12-18T23:59:59.999999999Z,PROSPECTUS,9,1,,,,
14921,2892534000000,400.0,Legumes,Couve Bróculo,Vendido ao peso,0.8,1.99,0,,€/Kg,,,https://driveimg1.intermarche.com/pt/Content/images/boitmal/produit/zoom/4F48873F332B6ECE759CD88793270811.jpg,,,,2024-12-18T23:59:59.999999999Z,PROSPECTUS,9,1,,,,
2482,7613032584757,250.0,Cerelac,Papa infantil láctea 5 frutos +6 meses,Embalagem de 250g,3.19,12.76,0,kg,€/Kg,,,https://driveimg1.intermarche.com/pt/Content/images/boitmal/produit/zoom/3BA8FAB1CBB784A1F35D14E45DA423EA.jpg,,,,2024-12-18T23:59:59.999999999Z,PROSPECTUS,9,1,,,,
19004,8410104274160,200.0,Veet,"Creme depilatório peles sensíveis, embalagem de 200 ml",,6.99,34.95,200,L,€/L,,,https://driveimg1.intermarche.com/pt/Content/images/boitmal/produit/zoom/873F0880AE5560A48B4AFDD06A8FA174.jpg,,,,2024-12-18T23:59:59.999999999Z,PROSPECTUS,9,1,,,,
21523,5602417101582,5000.0,Courelas d'Alqueva,Vinho bag-in-box branco,Garrafa de 5 l,6.49,1.3,5000,L,€/L,,,https://driveimg1.intermarche.com/pt/Content/images/boitmal/produit/zoom/4D3F0DF38C3F94ABA8EE403D35C64B7B.jpg,,,,2024-12-18T23:59:59.999999999Z,PROSPECTUS,9,1,,,,
476,3010470159020,400.0,Friskies,"Ração para gato adulto com coelho, frango e legumes",Embalagem de 400g,1.86,4.65,0,kg,€/Kg,,,https://driveimg1.intermarche.com/pt/Content/images/boitmal/produit/zoom/14A83E0B863A6F9B6D934AF2C5E8BC68.jpg,,,,2024-12-18T23:59:59.999999999Z,PROSPECTUS,9,1,,,,
13865,2891042000000,1000.0,Porco,Costeletas do Cachaço,Vendido ao peso a partir de 1 kg,4.98,4.98,0,,€/Kg,,,https://driveimg1.intermarche.com/pt/Content/images/boitmal/produit/zoom/D0D96FA697CD7DF7D0B353E0ED0B1193.jpg,,,,2024-12-18T23:59:59.999999999Z,PROSPECTUS,9,1,,,,
13897,2891053000000,1000.0,Porco,Lombo sem Osso,Vendido ao peso a partir de 1 kg,5.28,5.28,0,,€/Kg,,,https://driveimg1.intermarche.com/pt/Content/images/boitmal/produit/zoom/415564DA70574ED3C1D7475F1F28BDB6.jpg,,,,2024-12-18T23:59:59.999999999Z,PROSPECTUS,9,1,,,,
12888,2892090000000,500.0,Fruta,Manga Avião,1 un=500 gr (aprox.),2.0,3.99,0,,€/Kg,,,https://driveimg1.intermarche.com/pt/Content/images/boitmal/produit/zoom/A3E5B8447376E0E91C2C4BB7B1444B76.jpg,https://driveimg1.intermarche.com/pt/Content/images/boitmal/produit/zoom/842EA0C904154D230A3A6F63A245D264.jpg,,,2024-12-18T23:59:59.999999999Z,PROSPECTUS,9,1,,,,
12889,2892175000000,150.0,Fruta,Kiwi categoria II,1 un = 150 gr (aprox.),0.49,3.29,0,,€/Kg,,,https://driveimg1.intermarche.com/pt/Content/images/boitmal/produit/zoom/39D74C337E358C98856B0EB2FC79D7A8.jpg,,,,2024-12-18T23:59:59.999999999Z,PROSPECTUS,9,1,,,,
13894,2891044000000,1000.0,Porco,Entremeada sem Entrecosto,Vendido ao peso a partir de 1 kg,3.99,3.99,0,,€/Kg,,,https://driveimg1.intermarche.com/pt/Content/images/boitmal/produit/zoom/033DDCE7C7F9A9CD99F0A4BEB2F74462.jpg,,,,2024-12-18T23:59:59.999999999Z,PROSPECTUS,9,1,,,,
9184,5602348062754,70.0,Damatta,Presunto sabor português fatiado,Embalagem de 70 g,2.29,32.71,0,kg,€/Kg,,,https://driveimg1.intermarche.com/pt/Content/images/boitmal/produit/zoom/9AE2DBDD0E054DD3DCAC93A9D0EE8ECE.jpg,,,,2024-12-18T23:59:59.999999999Z,PROSPECTUS,9,1,,,,
13866,2891048000000,1000.0,Porco,Bifanas,Vendido ao peso a partir de 1 kg,3.99,3.99,0,,€/Kg,,,https://driveimg1.intermarche.com/pt/Content/images/boitmal/produit/zoom/72DE0DA6B485199AC995C629E3E4D279.jpg,,,,2024-12-18T23:59:59.999999999Z,PROSPECTUS,9,1,,,,
15059,2892578000000,200.0,Legumes,Nabo Roxo sem Rama,1 un = 200 gr (aprox.),0.4,1.99,0,,€/Kg,,,https://driveimg1.intermarche.com/pt/Content/images/boitmal/produit/zoom/EECF99CF1D26FD88C91EC2A5B22EA3C8.jpg,,,,2024-12-18T23:59:59.999999999Z,PROSPECTUS,9,1,,,,
17189,5603344531107,110.0,General,"Atum em posta, em azeite, embalagem de 110g",,1.49,13.55,0,kg,€/Kg,,,https://driveimg1.intermarche.com/pt/Content/images/boitmal/produit/zoom/9B578FD57DAE66EA731A200412CF6D79.jpg,,,,2024-12-18T23:59:59.999999999Z,PROSPECTUS,9,1,,,,
8391,5601049159992,1000.0,Mimosa,"Leite especial cálcio + vitamina d magro, de 1l",,0.98,0.98,1000,L,€/L,,,https://driveimg1.intermarche.com/pt/Content/images/boitmal/produit/zoom/22E6964D6A2F2B922BCB40BB341AE902.jpg,,,,2024-12-18T23:59:59.999999999Z,PROSPECTUS,9,1,,,,
929,5601001187803,625.0,Nestlé,"Cereais chocapic, 625 g",,3.49,5.58,0,kg,€/Kg,,,https://driveimg1.intermarche.com/pt/Content/images/boitmal/produit/zoom/8DB31C1F3066D48D593AE11B75516670.jpg,,,,2024-12-18T23:59:59.999999999Z,PROSPECTUS,9,1,,,,
10910,3250390010586,250.0,Páturages,Queijo camembert 45% mg,Embalagem de 250 g,1.89,7.56,0,kg,€/Kg,,,https://driveimg1.intermarche.com/pt/Content/images/boitmal/produit/zoom/7C9F5B55F7320E544E58C79F8FBB96B2.jpg,,,,2024-12-18T23:59:59.999999999Z,PROSPECTUS,9,1,,,,
1293,5601151398104,630.0,Compal,"Pack de 3 embalagens de polpa de tomate, embalagem de 630g",,1.49,2.37,0,kg,€/Kg,,,https://driveimg1.intermarche.com/pt/Content/images/boitmal/produit/zoom/BC7D38B0892D2B72B99AEECF05E81523.jpg,,,,2024-12-18T23:59:59.999999999Z,PROSPECTUS,9,1,,,,
13915,2891249000000,2000.0,Peru,Perna com Osso,Vendido ao peso,7.98,3.99,0,,€/Kg,,,https://driveimg1.intermarche.com/pt/Content/images/boitmal/produit/zoom/EA6C55F440DB29FDE55EB019973B1FE5.jpg,,,,2024-12-18T23:59:59.999999999Z,PROSPECTUS,9,1,,,,
1677,5602711001311,1000.0,Rar,"Açúcar granulado embalado em papel, 1kg",,1.59,1.59,0,kg,€/Kg,,,https://driveimg1.intermarche.com/pt/Content/images/boitmal/produit/zoom/B32F457E1AFE2BD9F726B62129876B87.jpg,,,,2024-12-18T23:59:59.999999999Z,PROSPECTUS,9,1,,,,
18489,5600744051020,198.0,Saborosa,"Bolacha de manteiga belga com chocolate, embalagem de 200g",,1.64,8.28,0,kg,€/Kg,,,https://driveimg1.intermarche.com/pt/Content/images/boitmal/produit/zoom/96C31A82D017146C1ADBA7AC747D4690.jpg,,,,2024-12-18T23:59:59.999999999Z,PROSPECTUS,9,1,,,,
18618,5601027004870,210.0,Manhãzitos,Manhãzitos -50% açúcares,Embalagem 6x2 unidades,2.29,10.9,0,kg,€/Kg,,,https://driveimg1.intermarche.com/pt/Content/images/boitmal/produit/zoom/08521722BDB8760A47A03446C3145802.jpg,,,,2024-12-18T23:59:59.999999999Z,PROSPECTUS,9,1,,,,
2312,5604260271832,355.0,PorSi,Cogumelos laminados 1/2,Embalagem de 355 g,1.19,3.35,0,kg,€/Kg,,,https://driveimg1.intermarche.com/pt/Content/images/boitmal/produit/zoom/60708037644026A27C2FB6731A0DAB33.jpg,,,,2024-12-18T23:59:59.999999999Z,PROSPECTUS,9,1,,,,
2675,8410000802771,160.0,Chips Ahoy!,Bolachas mini chips ahoy,Embalagem de 160g,1.84,11.5,0,kg,€/Kg,,,https://driveimg1.intermarche.com/pt/Content/images/boitmal/produit/zoom/3707DD444CDD44D20F774875B91B068B.jpg,,,,2024-12-18T23:59:59.999999999Z,PROSPECTUS,9,1,,,,
37799,7613037096828,240.0,Cerelac,Farinha láctea seleção da natureza aveia e centeio +6 meses,Embalagem de 240 g,2.99,12.46,0,kg,€/Kg,,,https://driveimg1.intermarche.com/pt/Content/images/boitmal/produit/zoom/196E9C25A91135A06C0EF78AB5B82C2A.jpg,,,,2024-12-18T23:59:59.999999999Z,PROSPECTUS,9,1,,,,
47059,5900852054815,85.0,Blédina,"Frutapura maçã e banana, embalagem de 85g",,0.72,8.47,0,kg,€/Kg,,,https://driveimg1.intermarche.com/pt/Content/images/boitmal/produit/zoom/A0892A3DB2CC7D27FE13B3C1EADC2431.jpg,,,,2024-12-18T23:59:59.999999999Z,PROSPECTUS,9,1,,,,
47102,5603722520198,250.0,Mimosa,"Manteiga com sal e sem lactose, embalagem de 250g",,2.29,9.16,0,kg,€/Kg,,,https://driveimg1.intermarche.com/pt/Content/images/boitmal/produit/zoom/93C16F859411D0EBAFBF43E49FD1DA1B.jpg,https://driveimg1.intermarche.com/pt/Content/images/boitmal/produit/zoom/03F85375587D6FDFB4925819A11BDAE0.jpg,https://driveimg1.intermarche.com/pt/Content/images/boitmal/produit/zoom/851EE75BBBA7A9986AE9578DEC17E3F9.jpg,,2024-12-18T23:59:59.999999999Z,PROSPECTUS,9,1,,,,
48551,7613287300393,,Nescafé,Nescafe portion coffee systems nescafé dolce gusto 186 g,,7.49,7.49,30,,€/Unidade,,,https://driveimg1.intermarche.com/pt/Content/images/boitmal/produit/zoom/E649FC664013B58BF3328022DDE18A28.jpg,,,,2024-12-18T23:59:59.999999999Z,PROSPECTUS,9,1,,,,
49359,5601146700066,6000.0,Sagres,"Cerveja com álcool, pack 24 x 0.25 l",,11.49,1.92,6000,L,€/L,,,https://driveimg1.intermarche.com/pt/Content/images/boitmal/produit/zoom/67C6D1253BB0D82F02E1633DF741EA25.jpg,https://driveimg1.intermarche.com/pt/Content/images/boitmal/produit/zoom/B2E3D57423A20C8E7B4C1173F1457C2E.jpg,,,2024-12-18T23:59:59.999999999Z,PROSPECTUS,9,1,,,,
4940,5449000008435,4000.0,Coca-Cola,"Refrigerante com gás zero, pack 4 x 1l",,4.29,1.07,4000,L,€/L,,,https://driveimg1.intermarche.com/pt/Content/images/boitmal/produit/zoom/3BAB3B860A1410AD259102850CE60EB6.jpg,https://driveimg1.intermarche.com/pt/Content/images/boitmal/produit/zoom/B0582A66476893C4C2DEFB301BE67AA7.jpg,,,2024-12-18T23:59:59.999999999Z,PROSPECTUS,9,1,,,,
49995,8445290170736,800.0,NAN,Leite Transição Optipro 3 +10 Meses,Embalagem de 800g,11.63,14.54,0,kg,€/Kg,,,https://driveimg1.intermarche.com/pt/Content/images/boitmal/produit/zoom/04AEC96DB6A5F805D25E7E9E11EE5586.jpg,,,,2024-12-18T23:59:59.999999999Z,PROSPECTUS,9,1,,,,
52831,5411188139386,750.0,Alpro,"Bebida soja alto teor proteína, 750 ml",,1.89,2.52,750,L,€/L,,,https://driveimg1.intermarche.com/pt/Content/images/boitmal/produit/zoom/49ADB141EE7D3ED699ADC3A17F20F163.jpg,,,,2024-12-18T23:59:59.999999999Z,PROSPECTUS,9,1,,,,
53231,8445290752475,180.0,Cerelac,"Farinha não láctea 0% açúcar multicereais, 180g",,2.24,12.44,0,kg,€/Kg,,,https://driveimg1.intermarche.com/pt/Content/images/boitmal/produit/zoom/A7BFFF2BFEADB396EE2B5E590CBA9878.jpg,,,,2024-12-18T23:59:59.999999999Z,PROSPECTUS,9,1,,,,
5847,5604260130252,750.0,Selecção de Enófilos,"Vinho DOC Alentejo, Reserva, Tinto",Garrafa de 0.75 l,2.49,3.32,750,L,€/L,,,https://driveimg1.intermarche.com/pt/Content/images/boitmal/produit/zoom/4202BF71666B682D8CD8B8989D1761E1.jpg,,,,2024-12-24T23:59:59.999999999Z,PROSPECTUS,9,1,,,,
7763,4014400901191,250.0,Merci,"Bombons de chocolate merci, embalagem de 250g",,5.99,23.96,0,kg,€/Kg,,,https://driveimg1.intermarche.com/pt/Content/images/boitmal/produit/zoom/2900B9B4786268814CDC44DE9670597D.jpg,,,,2024-12-24T23:59:59.999999999Z,PROSPECTUS,9,1,,,,
8400,5601050033779,620.0,Danone,"Iogurte activia líquido cereais, embalagem de 4 x 155 g",,1.99,3.21,0,kg,€/Kg,,,https://driveimg1.intermarche.com/pt/Content/images/boitmal/produit/zoom/3AC3707CF655B8CC61D2C80E4828D7C8.jpg,,,,2024-12-18T23:59:59.999999999Z,PROSPECTUS,9,1,,,,
8416,5601050029345,1200.0,Danone,"Iogurte actimel, morango, embalagem de 12 x 100g",,4.89,4.08,0,kg,€/Kg,,,https://driveimg1.intermarche.com/pt/Content/images/boitmal/produit/zoom/745F8F4185D59AC1CCF745B58159ECA9.jpg,,,,2024-12-18T23:59:59.999999999Z,PROSPECTUS,9,1,,,,
8434,5601050033731,620.0,Danone,"Iogurte activia líquido 0% lima/limão, embalagem de 4 x 155g",,1.99,3.21,0,kg,€/Kg,,,https://driveimg1.intermarche.com/pt/Content/images/boitmal/produit/zoom/B41EA750EA9360556362913E488E9E4D.jpg,,,,2024-12-18T23:59:59.999999999Z,PROSPECTUS,9,1,,,,
8914,5601356013918,750.0,Porta da Ravessa,"Vinho regional alentejano reserva tinto, garrafa de 0.75 l",,2.99,3.99,750,L,€/L,,,https://driveimg1.intermarche.com/pt/Content/images/boitmal/produit/zoom/B4084C52F9169DB1ECB66546E6C2B59D.jpg,,,,2024-12-18T23:59:59.999999999Z,PROSPECTUS,9,1,,,,
9311,5603722502064,250.0,Mimosa,"Manteiga fácil de barrar, embalagem de 250g",,2.09,8.36,0,kg,€/Kg,,,https://driveimg1.intermarche.com/pt/Content/images/boitmal/produit/zoom/FEF75CFD36A5CE8709DF5D4930F11917.jpg,https://driveimg1.intermarche.com/pt/Content/images/boitmal/produit/zoom/A8C47E9F1F12DFE2439D3530C38E2D87.jpg,https://driveimg1.intermarche.com/pt/Content/images/boitmal/produit/zoom/2EE410FD3A0147BBB442FA96902FFF46.jpg,,2024-12-18T23:59:59.999999999Z,PROSPECTUS,9,1,,,,
10091,8410100059839,360.0,Nestlé,"Queijinho petit nesquik, embalagem de 6 x 60g",,2.79,7.75,0,kg,€/Kg,,,https://driveimg1.intermarche.com/pt/Content/images/boitmal/produit/zoom/88B248C453A669F7E350B1DDEC2F3C33.jpg,,,,2024-12-18T23:59:59.999999999Z,PROSPECTUS,9,1,,,,
10848,2895243000000,250.0,Produto selecionado,Queijo Brie 60%,Vendido ao peso a partir de 250 gr,3.25,12.99,0,,€/Kg,,,https://driveimg1.intermarche.com/pt/Content/images/boitmal/produit/zoom/C12C1EFAF840C0CE710C6C4168B79A61.jpg,,,,2024-12-18T23:59:59.999999999Z,PROSPECTUS,9,1,,,,
1104,5601066200301,1000.0,Nacional,"Farinha para bolos fina, embalagem de 1kg",,1.09,1.09,0,kg,€/Kg,,,https://driveimg1.intermarche.com/pt/Content/images/boitmal/produit/zoom/5D8295F49A4D85213E4D9B884A2879DE.jpg,,,,2024-12-18T23:59:59.999999999Z,PROSPECTUS,9,1,,,,
11531,5601077161097,750.0,Velhotes,"Vinho do porto special reserve, garrafa de 0,75 l",,7.99,10.65,750,L,€/L,,,https://driveimg1.intermarche.com/pt/Content/images/boitmal/produit/zoom/8325F2C231DCC8A1747BB24E29B11BF7.jpg,,,,2024-12-24T23:59:59.999999999Z,PROSPECTUS,9,1,,,,
11873,5602384000024,200.0,Santiago,"Queijo fresco original de 200g, embalagem de 200g",,1.39,6.95,0,kg,€/Kg,,,https://driveimg1.intermarche.com/pt/Content/images/boitmal/produit/zoom/76E7A6128209C7948B4ACD5044D9D26D.jpg,,,,2024-12-18T23:59:59.999999999Z,PROSPECTUS,9,1,,,,
1188,5601119007970,200.0,Nobre,"Salsichas de porco, lata de 200g",,1.39,6.95,0,kg,€/Kg,,,https://driveimg1.intermarche.com/pt/Content/images/boitmal/produit/zoom/F480FC52D56464F3C1B867155F4A37B9.jpg,,,,2024-12-18T23:59:59.999999999Z,PROSPECTUS,9,1,,,,
1191,5601119009660,180.0,Nobre,"Mini salsichas cocktail, lata de 180g",,1.79,9.94,0,kg,€/Kg,,,https://driveimg1.intermarche.com/pt/Content/images/boitmal/produit/zoom/FEBC979069AC159E9B8E5F8DD02E763D.jpg,,,,2024-12-18T23:59:59.999999999Z,PROSPECTUS,9,1,,,,
11950,5603722495106,200.0,Mimosa,"Nata uht light, embalagem de 200 ml",,0.99,4.95,200,L,€/L,,,https://driveimg1.intermarche.com/pt/Content/images/boitmal/produit/zoom/B134F58E2258EB7BCE2AC1B56CF95546.jpg,,,,2024-12-18T23:59:59.999999999Z,PROSPECTUS,9,1,,,,
11963,5603722505775,250.0,Mimosa,"Manteiga sem sal, embalagem de 250g",,1.99,7.96,0,kg,€/Kg,,,https://driveimg1.intermarche.com/pt/Content/images/boitmal/produit/zoom/9BCF64C54A7D7626D65710EBF82436CC.jpg,https://driveimg1.intermarche.com/pt/Content/images/boitmal/produit/zoom/1EA90F949357E7F98D48732996035C6E.jpg,https://driveimg1.intermarche.com/pt/Content/images/boitmal/produit/zoom/1F0AD169BB42B947BB5B96F6E89FDECD.jpg,,2024-12-18T23:59:59.999999999Z,PROSPECTUS,9,1,,,,
12146,5604260272785,750.0,Selecção de Enófilos,Espumoso moscato,"Garrafa de 0,75 l",3.39,4.52,750,L,€/L,,,https://driveimg1.intermarche.com/pt/Content/images/boitmal/produit/zoom/0A0A98BE17ADBF48ECEC0D2D97B4EA6E.jpg,,,,2024-12-24T23:59:59.999999999Z,PROSPECTUS,9,1,,,,
12230,7613034192264,250.0,Cerelac,Papa infantil para preparar com leite +6 meses,Embalagem de 250g,1.84,7.36,0,kg,€/Kg,,,https://driveimg1.intermarche.com/pt/Content/images/boitmal/produit/zoom/71A50A4D3564A93E8A6CF702B1916C84.jpg,,,,2024-12-18T23:59:59.999999999Z,PROSPECTUS,9,1,,,,
12519,8712100417054,416.0,HellmannS,"Maionese, frasco, embalagem de 420g",,3.14,7.55,0,kg,€/Kg,,,https://driveimg1.intermarche.com/pt/Content/images/boitmal/produit/zoom/6AB870EF622544FC82599432CC32DE9B.jpg,https://driveimg1.intermarche.com/pt/Content/images/boitmal/produit/zoom/6731B805B2B4B445CCCFD0D614219E37.jpg,https://driveimg1.intermarche.com/pt/Content/images/boitmal/produit/zoom/6731B805B2B4B445CCCFD0D614219E37.jpg,https://driveimg1.intermarche.com/pt/Content/images/boitmal/produit/zoom/6731B805B2B4B445CCCFD0D614219E37.jpg,2024-12-18T23:59:59.999999999Z,PROSPECTUS,9,1,,,,
1270,5601151023150,500.0,Compal,"Polpa de tomate com cebola e alho, embalagem de 500g",,1.39,2.78,0,kg,€/Kg,,,https://driveimg1.intermarche.com/pt/Content/images/boitmal/produit/zoom/195ABA90C0C8B2FE1D9EE0202B59D28C.jpg,,,,2024-12-18T23:59:59.999999999Z,PROSPECTUS,9,1,,,,
1278,5601151123249,1000.0,Bongo,"Néctar de laranja, garrafa de 1l",,1.19,1.19,1000,L,€/L,,,https://driveimg1.intermarche.com/pt/Content/images/boitmal/produit/zoom/672D0A07886BEB39BB9774C402A9D6C9.jpg,,,,2024-12-18T23:59:59.999999999Z,PROSPECTUS,9,1,,,,
12909,2892005000000,250.0,Fruta,Laranja Económica,1 un = 250 gr  (aprox.),0.3,1.19,0,,€/Kg,,,https://driveimg1.intermarche.com/pt/Content/images/boitmal/produit/zoom/67E13FD34B36BCD37E12339EB836171D.jpg,,,,2024-12-18T23:59:59.999999999Z,PROSPECTUS,9,1,,,,
12931,2892054000000,250.0,Fruta,Anona,1 un = 250 gr  (aprox.),0.82,3.29,0,,€/Kg,,,https://driveimg1.intermarche.com/pt/Content/images/boitmal/produit/zoom/F69BDF27946B341C19024099B2601791.jpg,,,,2024-12-18T23:59:59.999999999Z,PROSPECTUS,9,1,,,,
12943,2892087000000,1500.0,Fruta,Mamão,"1 un = 1,5 kg (aprox.)",5.84,3.89,0,,€/Kg,,,https://driveimg1.intermarche.com/pt/Content/images/boitmal/produit/zoom/E92859558CF3617793775ADAD1A11B14.jpg,,,,2024-12-18T23:59:59.999999999Z,PROSPECTUS,9,1,,,,
13884,2891106000000,2000.0,PorSi Select,Frango do Campo Inteiro c/ Miúdos Programa Origens,Vendido ao peso,6.9,3.45,0,,€/Kg,,,https://driveimg1.intermarche.com/pt/Content/images/boitmal/produit/zoom/4004CE88E12A24D0AD85684C27210FBB.jpg,,,,2024-12-18T23:59:59.999999999Z,PROSPECTUS,9,1,,,,
13892,2891041000000,1000.0,Porco,Costeletas do Lombo,Vendido ao peso a partir de 1 kg,4.49,4.49,0,,€/Kg,,,https://driveimg1.intermarche.com/pt/Content/images/boitmal/produit/zoom/589E4AFE71E19AF7FEB32FB0C0E176FF.jpg,,,,2024-12-18T23:59:59.999999999Z,PROSPECTUS,9,1,,,,
13893,2891043000000,1000.0,Porco,Entrecosto,Vendido ao peso a partir de 1 kg,5.99,5.99,0,,€/Kg,,,https://driveimg1.intermarche.com/pt/Content/images/boitmal/produit/zoom/AA05EE99D302D59771FCC108473E0700.jpg,,,,2024-12-18T23:59:59.999999999Z,PROSPECTUS,9,1,,,,
15886,5601027003859,210.0,Manhãzitos,Manhãzitos original,Embalagem 6x2 unidades,2.29,10.9,0,kg,€/Kg,,,https://driveimg1.intermarche.com/pt/Content/images/boitmal/produit/zoom/E3BD264A0F36C19CDFE09BE15A0F5910.jpg,,,,2024-12-18T23:59:59.999999999Z,PROSPECTUS,9,1,,,,
15921,2696132000000,650.0,Pastelaria,Tarte de Flan,embalagem com 650g,3.99,6.14,0,kg,€/Kg,,,https://driveimg1.intermarche.com/pt/Content/images/boitmal/produit/zoom/27A5BDE3187D3D3C51C647BB82D32136.jpg,,,,2024-12-18T23:59:59.999999999Z,PROSPECTUS,9,1,,,,
1604,5601560111196,350.0,Diatosta,Mini tostas de trigo,Embalagem de 350 g,2.14,6.11,0,kg,€/Kg,,,https://driveimg1.intermarche.com/pt/Content/images/boitmal/produit/zoom/DFD2CFFD394296BC913FFFFD6DB47138.jpg,,,,2024-12-18T23:59:59.999999999Z,PROSPECTUS,9,1,,,,
1693,5603344681017,40.0,General,Filete de anchovas estendidas,Embalagem de 40g,1.64,41.0,0,kg,€/Kg,,,https://driveimg1.intermarche.com/pt/Content/images/boitmal/produit/zoom/06C9DE88EC4B1F1E75839FBBD4E50942.jpg,,,,2024-12-18T23:59:59.999999999Z,PROSPECTUS,9,1,,,,
1709,5604055111060,6000.0,Fastio,"Água mineral sem gás, embalagem de 6 l",,1.49,0.25,6000,L,€/L,,,https://driveimg1.intermarche.com/pt/Content/images/boitmal/produit/zoom/6EFB8FD4D0614752BB5925C1048B82B3.jpg,,,,2024-12-18T23:59:59.999999999Z,PROSPECTUS,9,1,,,,
17114,5000116110148,320.0,Capitão Iglo,"4 hamburguers vaca sem glúten, embalagem de 320g",,4.49,14.03,0,kg,€/Kg,,Tipo de stockagem,https://driveimg1.intermarche.com/pt/Content/images/boitmal/produit/zoom/F31F98EC751272F860D1F790EE53DF35.jpg,,,,2024-12-18T23:59:59.999999999Z,PROSPECTUS,9,1,,,,
17265,2696109000000,600.0,Pastelaria,Galette de Rois,600g,5.99,9.98,0,kg,€/Kg,,,https://driveimg1.intermarche.com/pt/Content/images/boitmal/produit/zoom/C67BA4CDA8508BEF0A5304015C5BF4C3.jpg,,,,2024-12-18T23:59:59.999999999Z,PROSPECTUS,9,1,,,,
17402,8412600027233,700.0,Bimbo,Pão forma familiar normal,embalagem de 700 g,1.99,2.84,0,kg,€/Kg,,,https://driveimg1.intermarche.com/pt/Content/images/boitmal/produit/zoom/BD26753EF23D0DF0FDC14FCDC181B902.jpg,,,,2024-12-18T23:59:59.999999999Z,PROSPECTUS,9,1,,,,
17419,5601119243781,110.0,Nobre,"Peito de frango fatias finas, embalagem de 110g",,2.39,21.73,0,kg,€/Kg,,,https://driveimg1.intermarche.com/pt/Content/images/boitmal/produit/zoom/568E87E8AE328D133D5414163DCC53D1.jpg,,,,2024-12-18T23:59:59.999999999Z,PROSPECTUS,9,1,,,,
17595,5411188115366,1000.0,Alpro,"Bebida aveia, embalagem de 1 litro",,1.99,1.99,1000,L,€/L,,,https://driveimg1.intermarche.com/pt/Content/images/boitmal/produit/zoom/F5E08DFF719942D46F9D4BF500500435.jpg,,,,2024-12-18T23:59:59.999999999Z,PROSPECTUS,9,1,,,,
18030,2696251000000,800.0,Pastelaria,Bolo rei,800 g,5.99,7.49,0,kg,€/Kg,,,https://driveimg1.intermarche.com/pt/Content/images/boitmal/produit/zoom/5797896372B1CA8FFFA288DDFDA8F828.jpg,,,,2024-12-18T23:59:59.999999999Z,PROSPECTUS,9,1,,,,
18488,5600744051013,220.0,Saborosa,"Bolacha de manteiga belga original, embalagem de 220g",,1.59,7.23,0,kg,€/Kg,,,https://driveimg1.intermarche.com/pt/Content/images/boitmal/produit/zoom/435E3C8EAE2EA4A45A8BB3A81B14CF20.jpg,,,,2024-12-18T23:59:59.999999999Z,PROSPECTUS,9,1,,,,
18842,5601070000508,500.0,Cristal,"Vinagre vinho branco 500ml, garrafa de 500 ml",,0.84,1.68,500,L,€/L,,,https://driveimg1.intermarche.com/pt/Content/images/boitmal/produit/zoom/BF40408BEDD92487320D96D1D241D8F5.jpg,,,,2024-12-18T23:59:59.999999999Z,PROSPECTUS,9,1,,,,
19022,5603722509742,800.0,Agros,"Leite com chocolate, embalagem de 4 x 200 ml",,1.49,1.86,800,L,€/L,,,https://driveimg1.intermarche.com/pt/Content/images/boitmal/produit/zoom/86A34AF1051A1750347A4FF58912A923.jpg,,,,2024-12-18T23:59:59.999999999Z,PROSPECTUS,9,1,,,,
19586,8435257028057,720.0,Longa vida,"Iogurte aroma 0% tutti fruti/coco, embalagem de 6 x 120g",,2.29,3.18,0,kg,€/Kg,,,https://driveimg1.intermarche.com/pt/Content/images/boitmal/produit/zoom/6FEC33DAE59256CBE3074F3F03199908.jpg,,,,2024-12-18T23:59:59.999999999Z,PROSPECTUS,9,1,,,,
20512,5601070000539,500.0,Cristal,"Vinagre de sidra, garrafa de 500 ml",,0.89,1.78,500,L,€/L,,,https://driveimg1.intermarche.com/pt/Content/images/boitmal/produit/zoom/088D2E6C27D5043C18AD10EB75A50F4E.jpg,,,,2024-12-18T23:59:59.999999999Z,PROSPECTUS,9,1,,,,
21745,7613035659728,250.0,Cerelac,Papa infantil não láctea multicereais +6 meses,Embalagem de 250g,2.39,9.56,0,kg,€/Kg,,,https://driveimg1.intermarche.com/pt/Content/images/boitmal/produit/zoom/90667A298E4003D9445C62EE2E028371.jpg,,,,2024-12-18T23:59:59.999999999Z,PROSPECTUS,9,1,,,,
23590,5603722514142,1600.0,Agros,"Leite com chocolate, embalagem de 8x200 ml",,2.8,1.75,1600,L,€/L,,,https://driveimg1.intermarche.com/pt/Content/images/boitmal/produit/zoom/4B07C2A65AC5D9D66E12210391EDB136.jpg,,,,2024-12-18T23:59:59.999999999Z,PROSPECTUS,9,1,,,,
2480,7613032584436,250.0,Cerelac,"Papa infantil láctea maçã +6 meses, embalagem de 250g",,3.19,12.76,0,kg,€/Kg,,,https://driveimg1.intermarche.com/pt/Content/images/boitmal/produit/zoom/DE2856C1EA531D0617965332F05D89D4.jpg,,,,2024-12-18T23:59:59.999999999Z,PROSPECTUS,9,1,,,,
2483,7613032607463,250.0,Cerelac,"Papa infantil não láctea 8 cereais e mel +6 meses, de 250g",,2.39,9.56,0,kg,€/Kg,,,https://driveimg1.intermarche.com/pt/Content/images/boitmal/produit/zoom/D8960B1BDF9EC6F37D85F527DA09587D.jpg,,,,2024-12-18T23:59:59.999999999Z,PROSPECTUS,9,1,,,,
24838,5601164903722,7500.0,Super Bock,"Cerveja com álcool, pack 30 x 0.25 l",,13.85,1.85,7500,L,€/L,,,https://driveimg1.intermarche.com/pt/Content/images/boitmal/produit/zoom/F70F225DD8BCAD2EFB4E63DAAFD05BBF.jpg,,,,2024-12-18T23:59:59.999999999Z,PROSPECTUS,9,1,,,,
250,2892150000000,300.0,Fruta,Abacate,1 un. = 300 g (aprox.),1.05,3.49,0,,€/Kg,,,https://driveimg1.intermarche.com/pt/Content/images/boitmal/produit/zoom/E9095394002D145B7F2ABE932415A1F1.jpg,,,,2024-12-18T23:59:59.999999999Z,PROSPECTUS,9,1,,,,
25735,5000116112173,208.0,Capitão Iglo,"10 nuggets peito de frango e queijo, embalagem de 210g",,2.99,14.38,0,kg,€/Kg,,Tipo de stockagem,https://driveimg1.intermarche.com/pt/Content/images/boitmal/produit/zoom/C51CDDEB144DBFB12E5D153B5560BAD5.jpg,,,,2024-12-18T23:59:59.999999999Z,PROSPECTUS,9,1,,,,
26091,7613036115575,550.0,Nestlé,Cereais estrelitas,Embalagem de 550g,3.49,6.35,0,kg,€/Kg,,,https://driveimg1.intermarche.com/pt/Content/images/boitmal/produit/zoom/90505B63FB20AF187537F3B46DDB9B86.jpg,,,,2024-12-18T23:59:59.999999999Z,PROSPECTUS,9,1,,,,
2749,8410063046532,350.0,Pescanova,"Miolo de camarão 80/100, embalagem de 350g",,6.99,19.97,0,kg,€/Kg,,Tipo de stockagem,https://driveimg1.intermarche.com/pt/Content/images/boitmal/produit/zoom/0EA75135180DC26543A97F342303334A.jpg,,,,2024-12-18T23:59:59.999999999Z,PROSPECTUS,9,1,,,,
31141,3073781094930,140.0,A Vaca Que Ri,"Queijo fundido palitos light 140g, embalagem de 140g",,1.99,14.21,0,kg,€/Kg,,,https://driveimg1.intermarche.com/pt/Content/images/boitmal/produit/zoom/B5D6C4ED5C97B9ABEEF5182E77489B3B.jpg,,,,2024-12-18T23:59:59.999999999Z,PROSPECTUS,9,1,,,,
35097,8711327315600,440.0,Magnum,"Gelado de chocolate branco e cookies, embalagem de 440 ml",,3.99,9.07,440,L,€/L,,Tipo de stockagem,https://driveimg1.intermarche.com/pt/Content/images/boitmal/produit/zoom/744EDC15FD38572D44883AF2941B2FB8.jpg,https://driveimg1.intermarche.com/pt/Content/images/boitmal/produit/zoom/053F7BCDF3B5574D77DAE8E6E99DA348.jpg,https://driveimg1.intermarche.com/pt/Content/images/boitmal/produit/zoom/053F7BCDF3B5574D77DAE8E6E99DA348.jpg,https://driveimg1.intermarche.com/pt/Content/images/boitmal/produit/zoom/053F7BCDF3B5574D77DAE8E6E99DA348.jpg,2024-12-18T23:59:59.999999999Z,PROSPECTUS,9,1,,,,
35983,5601027972735,700.0,Bimbo,Pão de forma torradas familiares,Embalagem de 700 g,1.99,2.84,0,kg,€/Kg,,,https://driveimg1.intermarche.com/pt/Content/images/boitmal/produit/zoom/6F4E1280EFC32C3DD99C945770A284F8.jpg,,,,2024-12-18T23:59:59.999999999Z,PROSPECTUS,9,1,,,,
38148,5603722519123,1000.0,Milhafre,Leite de Pastagem Biológico Meio Gordo,1 litro,1.14,1.14,1000,L,€/L,,Produtos Bio,https://driveimg1.intermarche.com/pt/Content/images/boitmal/produit/zoom/DCB3EAE989BC2DDA8E3D76C140D59BA5.jpg,,,,2024-12-18T23:59:59.999999999Z,PROSPECTUS,9,2,,,,
41901,7613037677591,250.0,Cerelac,"Farinha láctea menos 40% açúcar, embalagem de 250g",,2.49,9.96,0,kg,€/Kg,,,https://driveimg1.intermarche.com/pt/Content/images/boitmal/produit/zoom/029375962274AEB82420915E9195E54A.jpg,,,,2024-12-18T23:59:59.999999999Z,PROSPECTUS,9,2,,,,
44048,5054563101846,75.0,Sensodyne,Dentífrico branqueador,Embalagem de 75 ml,2.99,39.87,75,L,€/L,,,https://driveimg1.intermarche.com/pt/Content/images/boitmal/produit/zoom/B929910C678E7E4E9CDA82870C3A6B6D.jpg,,,,2024-12-18T23:59:59.999999999Z,PROSPECTUS,9,2,,,,
44914,5601119345379,160.0,Nobre,"Vegalia especialidade vegetariana de soja, lata com 8 unidades",,2.09,13.06,0,kg,€/Kg,,,https://driveimg1.intermarche.com/pt/Content/images/boitmal/produit/zoom/8AC478A6669D2DB4609CB7280CA417C4.jpg,,,,2024-12-18T23:59:59.999999999Z,PROSPECTUS,9,2,,,,
44961,5054563098757,75.0,Sensodyne,Pasta dentífrica repair & protect branqueadora,Embalagem de 75 ml,3.95,52.67,75,L,€/L,,,https://driveimg1.intermarche.com/pt/Content/images/boitmal/produit/zoom/609FBDD22CF12426A5D7E87ECEAD7657.jpg,,,,2024-12-18T23:59:59.999999999Z,PROSPECTUS,9,2,,,,
45361,3041091718006,380.0,Bledina,"Frutapura 100% ameixa/ maçã, embalagem de 4x95g",,2.24,5.89,0,kg,€/Kg,,,https://driveimg1.intermarche.com/pt/Content/images/boitmal/produit/zoom/D52EE33E0E6F77654F1F740DFDCA062C.jpg,,,,2024-12-18T23:59:59.999999999Z,PROSPECTUS,9,2,,,,
45364,3041091718068,380.0,Bledina,"Frutapura maçã, laranja e banana, embalagem de 4 x 95g",,2.24,5.89,0,kg,€/Kg,,,https://driveimg1.intermarche.com/pt/Content/images/boitmal/produit/zoom/22D2668AEF69D9D09BD268012763F668.jpg,,,,2024-12-18T23:59:59.999999999Z,PROSPECTUS,9,2,,,,
46158,3041091718044,380.0,Bledina,"Frutapura banana, 4 x 95 g",,2.24,5.89,0,kg,€/Kg,,,https://driveimg1.intermarche.com/pt/Content/images/boitmal/produit/zoom/31B9A081D314FACBED95322AABDA791F.jpg,,,,2024-12-18T23:59:59.999999999Z,PROSPECTUS,9,2,,,,
46159,3041091718051,380.0,Bledina,"Frutapura frutos variados, 4 x 95 g",,2.24,5.89,0,kg,€/Kg,,,https://driveimg1.intermarche.com/pt/Content/images/boitmal/produit/zoom/F62E1D8E44BFDFADA7D5693EC0F82248.jpg,,,,2024-12-18T23:59:59.999999999Z,PROSPECTUS,9,2,,,,
47034,8714100827666,160.0,Knorr,"Caldo galinha receita económica, embalagem de 160g",,1.29,8.06,0,kg,€/Kg,,,https://driveimg1.intermarche.com/pt/Content/images/boitmal/produit/zoom/54D2297B42302C9BEB14DE9BF8F6F3CF.jpg,,,,2024-12-18T23:59:59.999999999Z,PROSPECTUS,9,2,,,,
47065,5900852054877,85.0,Bledina,"Frutapura pera, banana e alperce, embalagem de 85g",,0.78,9.18,0,kg,€/Kg,,,https://driveimg1.intermarche.com/pt/Content/images/boitmal/produit/zoom/8B761434692E7A9B2DB2C6939ABCC028.jpg,,,,2024-12-18T23:59:59.999999999Z,PROSPECTUS,9,2,,,,
48055,5604260319954,750.0,Labell,Gel de Banho Mel e Coco,Embalagem com 750 ml,1.42,1.89,750,L,€/L,,,https://driveimg1.intermarche.com/pt/Content/images/boitmal/produit/zoom/4E7A417EAC813B4A03FC88A2D0D0FB2D.jpg,,,,2024-12-18T23:59:59.999999999Z,PROSPECTUS,9,2,,,,
494,3041090004247,200.0,Blédina,"Refeição pronta boião de frango e arroz, 200g",,1.69,8.45,0,kg,€/Kg,,,https://driveimg1.intermarche.com/pt/Content/images/boitmal/produit/zoom/61DAC8BF0A14F05F8B631B48EF546DDA.jpg,,,,2024-12-18T23:59:59.999999999Z,PROSPECTUS,9,2,,,,
495,3041090004841,200.0,Bledina,"Refeição pronta, boião de legumes e vitela, embalagem de 200g",,1.69,8.45,0,kg,€/Kg,,,https://driveimg1.intermarche.com/pt/Content/images/boitmal/produit/zoom/B7B49515AC600DC98F5ACF6AD0E7C397.jpg,,,,2024-12-18T23:59:59.999999999Z,PROSPECTUS,9,2,,,,
50277,8410436429443,,Persil,Detergente máquina roupa 4 em 1,40 cápsulas,9.99,9.99,0,,€/Unidade,,,https://driveimg1.intermarche.com/pt/Content/images/boitmal/produit/zoom/24973D94F20D9012C6C46FC53A9E8545.jpg,,,,2024-12-18T23:59:59.999999999Z,PROSPECTUS,9,2,,,,
50630,5603722521461,1208.0,Mimosa,"Iogurte magro liquido de ananas e manga, 8x151ml",,2.99,2.48,1208,L,€/L,,,https://driveimg1.intermarche.com/pt/Content/images/boitmal/produit/zoom/391469C60827762112BDD90CD5A7ACC1.jpg,,,,2024-12-18T23:59:59.999999999Z,PROSPECTUS,9,2,,,,
50954,8006540767689,,Fairy,Detergente Loiça Máquina Ultra,53 pastilhas,13.99,13.99,0,,€/Unidade,,,https://driveimg1.intermarche.com/pt/Content/images/boitmal/produit/zoom/B8715491007747823440062BA929A0DC.jpg,,,,2024-12-18T23:59:59.999999999Z,PROSPECTUS,9,2,,,,
51047,8410436430364,,Persil,Detergente máquina roupa 4 em 1 lavanda,40 cápsulas,9.99,9.99,0,,€/Unidade,,,https://driveimg1.intermarche.com/pt/Content/images/boitmal/produit/zoom/15660BE4AEBA274BC0EAF3D67CCF47F8.jpg,,,,2024-12-18T23:59:59.999999999Z,PROSPECTUS,9,2,,,,
5119,5601066200073,1000.0,Nacional,Farinha p/ bolos extra fina,Embalagem de 1 kg,0.99,0.99,0,kg,€/Kg,,,https://driveimg1.intermarche.com/pt/Content/images/boitmal/produit/zoom/CAC064713C07BACF659239959FBD0E0D.jpg,,,,2024-12-18T23:59:59.999999999Z,PROSPECTUS,9,2,,,,
51908,3073781193169,125.0,A Vaca Que Ri,"Queijo fundido light, 125g",,1.69,13.52,0,kg,€/Kg,,,https://driveimg1.intermarche.com/pt/Content/images/boitmal/produit/zoom/DDB0DD03C426F497B7B8B17EEEC004CB.jpg,,,,2024-12-18T23:59:59.999999999Z,PROSPECTUS,9,2,,,,
51912,3073781193060,125.0,A Vaca Que Ri,"Queijo fundido, 125g",,1.69,13.52,0,kg,€/Kg,,,https://driveimg1.intermarche.com/pt/Content/images/boitmal/produit/zoom/3FC94A6D07313D7F7E804BD53D0400B8.jpg,,,,2024-12-18T23:59:59.999999999Z,PROSPECTUS,9,2,,,,
52017,5603697272252,320.0,Koala,"Leite de coco condensado com chocolate, 320g",,2.19,6.84,0,kg,€/Kg,,,https://driveimg1.intermarche.com/pt/Content/images/boitmal/produit/zoom/EBBA6C70F73220CEB0F61C5A3E609B31.jpg,,,,2024-12-18T23:59:59.999999999Z,PROSPECTUS,9,2,,,,
52041,8410199024763,265.0,Ruffles,Ruffles original,Embalagem de 265g,2.09,7.89,0,kg,€/Kg,,,https://driveimg1.intermarche.com/pt/Content/images/boitmal/produit/zoom/F03985F25D93CE18B2DE8EB8158EA69E.jpg,,,,2024-12-18T23:59:59.999999999Z,PROSPECTUS,9,2,,,,
52727,8001011286935,,Mondo,Trotinete Unicórnio Alumínio,"60 x 10,5 x 21,5cm",26.99,26.99,0,,€/Unidade,,,https://driveimg1.intermarche.com/pt/Content/images/boitmal/produit/zoom/3666F177804F49F2DB90CE5CA1E8D441.jpg,,,,2024-12-24T23:59:59.999999999Z,PROSPECTUS,9,2,,,,
52776,5604260331031,750.0,Selecção de Enófilos,"Vinho Tinto DOC Palmela Castelão, 75cl",,2.99,3.99,750,L,€/L,,,https://driveimg1.intermarche.com/pt/Content/images/boitmal/produit/zoom/09A5BCD736B353873095A4F39100661A.jpg,,,,2024-12-18T23:59:59.999999999Z,PROSPECTUS,9,2,,,,
52856,5411188137993,400.0,Alpro,"Yofu mirtilo, 400g",,1.99,4.98,0,kg,€/Kg,,,https://driveimg1.intermarche.com/pt/Content/images/boitmal/produit/zoom/485F657BAFD51912DFB54A5C99A1A224.jpg,https://driveimg1.intermarche.com/pt/Content/images/boitmal/produit/zoom/11533D920C6F50B230FF02F2A50E7E1F.jpg,https://driveimg1.intermarche.com/pt/Content/images/boitmal/produit/zoom/11533D920C6F50B230FF02F2A50E7E1F.jpg,,2024-12-18T23:59:59.999999999Z,PROSPECTUS,9,2,,,,
52859,8410063094571,1000.0,Pescanova,"Peskitos pescada panada sem glúten, 1 kg",,7.49,7.49,0,kg,€/Kg,,Tipo de stockagem,https://driveimg1.intermarche.com/pt/Content/images/boitmal/produit/zoom/7BDF38BE112B6C73B2BBE43BC17C505D.jpg,https://driveimg1.intermarche.com/pt/Content/images/boitmal/produit/zoom/68AC33F24F2A838C3801DAA9F2505E5E.jpg,https://driveimg1.intermarche.com/pt/Content/images/boitmal/produit/zoom/68AC33F24F2A838C3801DAA9F2505E5E.jpg,https://driveimg1.intermarche.com/pt/Content/images/boitmal/produit/zoom/68AC33F24F2A838C3801DAA9F2505E5E.jpg,2024-12-18T23:59:59.999999999Z,PROSPECTUS,9,2,,,,
52882,8719200267923,1000.0,Planta,"Creme vegetal de barrar com sabor a manteiga, 1 kg",,4.99,4.99,0,kg,€/Kg,,,https://driveimg1.intermarche.com/pt/Content/images/boitmal/produit/zoom/7FA2022C1B0ECE643B6D5766E124CAA0.jpg,https://driveimg1.intermarche.com/pt/Content/images/boitmal/produit/zoom/CA359583CDC4B85860A9620A14431005.jpg,https://driveimg1.intermarche.com/pt/Content/images/boitmal/produit/zoom/CA359583CDC4B85860A9620A14431005.jpg,https://driveimg1.intermarche.com/pt/Content/images/boitmal/produit/zoom/CA359583CDC4B85860A9620A14431005.jpg,2024-12-18T23:59:59.999999999Z,PROSPECTUS,9,2,,,,
52934,5603722522550,600.0,Agros,"Bebida láctea café, 3 x 200ml",,1.85,3.08,600,L,€/L,,,https://driveimg1.intermarche.com/pt/Content/images/boitmal/produit/zoom/933624CF1FEE0BDFC20D8185815B8800.jpg,,,,2024-12-18T23:59:59.999999999Z,PROSPECTUS,9,2,,,,
52966,5411188137955,400.0,Alpro,"Yofu de baunilha, 400g",,1.99,4.98,0,kg,€/Kg,,,https://driveimg1.intermarche.com/pt/Content/images/boitmal/produit/zoom/49F50BDC14DC135C9DE9841614B2E971.jpg,https://driveimg1.intermarche.com/pt/Content/images/boitmal/produit/zoom/C1B8A31DBA4EB07280B40964777055ED.jpg,https://driveimg1.intermarche.com/pt/Content/images/boitmal/produit/zoom/C1B8A31DBA4EB07280B40964777055ED.jpg,https://driveimg1.intermarche.com/pt/Content/images/boitmal/produit/zoom/C1B8A31DBA4EB07280B40964777055ED.jpg,2024-12-18T23:59:59.999999999Z,PROSPECTUS,9,2,,,,
5298,5601174301006,750.0,Alambre,"Moscatel de setúbal, garrafa de 0,75l",,4.99,6.65,750,L,€/L,,,https://driveimg1.intermarche.com/pt/Content/images/boitmal/produit/zoom/2AE0722A95A9B01CB9076AA574EAA2BE.jpg,,,,2024-12-24T23:59:59.999999999Z,PROSPECTUS,9,2,,,,
53561,8006540836255,,Dodot,"Toalhitas Bebé Aqua Pure 0% Plástico, 144 unidades",,4.79,4.79,144,,€/Unidade,,,https://driveimg1.intermarche.com/pt/Content/images/boitmal/produit/zoom/5657565D45492F867B39202DCD30D576.jpg,,,,2024-12-18T23:59:59.999999999Z,PROSPECTUS,9,2,,,,
5381,5601241211108,3000.0,Vimeiro,"Água com gás, pack 6 x 0.5 l",,3.39,1.13,3000,L,€/L,,,https://driveimg1.intermarche.com/pt/Content/images/boitmal/produit/zoom/15F9809E2F54580FC817CB1E69CAFC1D.jpg,,,,2024-12-18T23:59:59.999999999Z,PROSPECTUS,9,2,,,,
5985,5604422145209,1000.0,Macieira,"Brandy, garrafa de 1l",,15.39,15.39,1000,L,€/L,,,https://driveimg1.intermarche.com/pt/Content/images/boitmal/produit/zoom/37C436F862C365D2BAC7E678CC3E6C1F.jpg,,,,2024-12-18T23:59:59.999999999Z,PROSPECTUS,9,2,,,,
6278,8410001103877,,Scotch Brite,"Esfregão com Esponja Salva Unhas Fibra Verde Gama Classic, 2 unidades",,1.49,1.49,0,,€/Unidade,,,https://driveimg1.intermarche.com/pt/Content/images/boitmal/produit/zoom/8B050954A17B3AEE53D05423C2DB9B5C.jpg,,,,2024-12-18T23:59:59.999999999Z,PROSPECTUS,9,2,,,,
7050,2894090000000,150.0,Campofrio,Peito frango forno de lenha,1 un = 150 gr (aprox.),2.52,16.79,0,,€/Kg,,,https://driveimg1.intermarche.com/pt/Content/images/boitmal/produit/zoom/6772968344189119743079B1997DCA88.jpg,,,,2024-12-18T23:59:59.999999999Z,PROSPECTUS,9,2,,,,
720,3250391118762,380.0,Chabrior,Sortido seleção,Embalagem de 380g,3.65,9.61,0,kg,€/Kg,,,https://driveimg1.intermarche.com/pt/Content/images/boitmal/produit/zoom/F4498C335FC510EAE1E8918553187F77.jpg,,,,2024-12-18T23:59:59.999999999Z,PROSPECTUS,9,2,,,,
8399,5601050033809,620.0,Danone,"Iogurte activia líquido morango, embalagem de 4 x 155 g",,1.99,3.21,0,kg,€/Kg,,,https://driveimg1.intermarche.com/pt/Content/images/boitmal/produit/zoom/D308B1FB4C89B3E5388CD017CB0E1529.jpg,,,,2024-12-18T23:59:59.999999999Z,PROSPECTUS,9,2,,,,
8537,5601119957206,120.0,Campofrio,"Peito frango forno lenha fatias clássicas, embalagem de 120g",,2.39,19.92,0,kg,€/Kg,,,https://driveimg1.intermarche.com/pt/Content/images/boitmal/produit/zoom/A5EDB423B7786C27645C35469FF56E84.jpg,,,,2024-12-18T23:59:59.999999999Z,PROSPECTUS,9,2,,,,
8915,5601356013925,750.0,Porta da Ravessa,"Vinho doc alentejo reseva branco, garrafa de 0.75 l",,2.99,3.99,750,L,€/L,,,https://driveimg1.intermarche.com/pt/Content/images/boitmal/produit/zoom/8478972294EEC86F064EE4AEEBCCC25F.jpg,,,,2024-12-18T23:59:59.999999999Z,PROSPECTUS,9,2,,,,
8996,5601511000357,200.0,Limiano,"Queijo em fatias -50% gordura, 200g",,2.29,11.45,0,kg,€/Kg,,,https://driveimg1.intermarche.com/pt/Content/images/boitmal/produit/zoom/A591F05910C9B1AB237E85F7BB193BB0.jpg,,,,2024-12-18T23:59:59.999999999Z,PROSPECTUS,9,2,,,,
9380,5604260031184,750.0,Selecção de Enófilos,Moscatel de setúbal,"Garrafa de 0,75 l",3.59,4.79,750,L,€/L,,,https://driveimg1.intermarche.com/pt/Content/images/boitmal/produit/zoom/C3CF1E1979EAA1A2C8B45420EF98FD9B.jpg,,,,2024-12-24T23:59:59.999999999Z,PROSPECTUS,9,2,,,,
9395,5604260035915,750.0,Valadão,Porto ruby,Garrafa de 750 ml,4.69,6.25,750,L,€/L,,,https://driveimg1.intermarche.com/pt/Content/images/boitmal/produit/zoom/791D9851ACF537F5749A7B560123E71A.jpg,,,,2024-12-24T23:59:59.999999999Z,PROSPECTUS,9,2,,,,
9417,5604260047826,750.0,Selecção de Enófilos,Moscatel do Douro,"Garrafa de 0,75 l",4.56,6.08,750,L,€/L,,,https://driveimg1.intermarche.com/pt/Content/images/boitmal/produit/zoom/8C6AD17B630092BDDA352660B7F47B5C.jpg,,,,2024-12-24T23:59:59.999999999Z,PROSPECTUS,9,2,,,,
977,5601024124052,750.0,Oliveira da Serra,"Azeite virgem extra seleção ouro, garrafa de 750 ml",,8.99,11.99,750,L,€/L,,,https://driveimg1.intermarche.com/pt/Content/images/boitmal/produit/zoom/C1949CA33BBB7B540392F14948B1D8BF.jpg,,,,2024-12-18T23:59:59.999999999Z,PROSPECTUS,9,2,,,,
980,5601024134488,750.0,Oliveira da Serra,Azeite virgem extra clássico,Embalagem de 750 ml,8.19,10.92,750,L,€/L,,,https://driveimg1.intermarche.com/pt/Content/images/boitmal/produit/zoom/01EF39EFE8396CC9ACA95DC25E9D3412.jpg,,,,2024-12-18T23:59:59.999999999Z,PROSPECTUS,9,2,,,,
9989,8000430133035,125.0,Galbani,"Queijo mozzarella fresca, embalagem de 125 g",,1.65,13.2,0,kg,€/Kg,,,https://driveimg1.intermarche.com/pt/Content/images/boitmal/produit/zoom/2D2F42EC9092F570E0A5C16679F885D7.jpg,,,,2024-12-18T23:59:59.999999999Z,PROSPECTUS,9,2,,,,
13813,2892489000000,250.0,Legumes,Batata Doce,1 un = 250 gr  (aprox.),0.35,1.39,0,,€/Kg,,,https://driveimg1.intermarche.com/pt/Content/images/boitmal/produit/zoom/B0785A3D8A1A6773EB1FB43B119AC4D9.jpg,,,,2024-12-18T23:59:59.999999999Z,PROSPECTUS,9,2,,,,
14038,2696013000000,80.0,Padaria,Bola mistura,1 unidade= 80 g,0.19,2.38,0,kg,€/Kg,,,https://driveimg1.intermarche.com/pt/Content/images/boitmal/produit/zoom/509539D5119FE663643D444B9A3F9D6A.jpg,,,,2024-12-18T23:59:59.999999999Z,PROSPECTUS,9,2,,,,
16365,5604055112005,1000.0,Fastio,"Água sem gás, garrafa de 1 l",,0.47,0.47,1000,L,€/L,,,https://driveimg1.intermarche.com/pt/Content/images/boitmal/produit/zoom/D9A5DA87896331814D054CBE16430809.jpg,,,,2024-12-18T23:59:59.999999999Z,PROSPECTUS,9,2,,,,
11418,5449000020024,4000.0,Coca-Cola,"Refrigerante com gás regular, pack 4 x 1l",,4.94,1.24,4000,L,€/L,,,https://driveimg1.intermarche.com/pt/Content/images/boitmal/produit/zoom/2CFD5889C46C254AA784DACA4FED411E.jpg,https://driveimg1.intermarche.com/pt/Content/images/boitmal/produit/zoom/CA0D8B97BB868D45B944027647273BDD.jpg,,,2024-12-18T23:59:59.999999999Z,PROSPECTUS,9,2,,,,
41822,7613039868300,270.0,Nestlé,Cereais estrelitas,Embalagem de 270 g,2.09,7.74,0,kg,€/Kg,,,https://driveimg1.intermarche.com/pt/Content/images/boitmal/produit/zoom/8ED5B2AE951DD00B9C8D9B0148834738.jpg,,,,2024-12-18T23:59:59.999999999Z,PROSPECTUS,9,2,,,,
38049,8001841361079,340.0,Fairy,Detergente liquido para loiça limão,Embalagem de 340 ml,1.75,5.15,340,L,€/L,,,https://driveimg1.intermarche.com/pt/Content/images/boitmal/produit/zoom/891C1A351AEA276EEBCE41056BBE823B.jpg,,,,2024-12-18T23:59:59.999999999Z,PROSPECTUS,9,2,,,,
36263,5601027973060,480.0,Bimbo,Pão de forma integral,Embalagem de 480 g,1.84,3.83,0,kg,€/Kg,,,https://driveimg1.intermarche.com/pt/Content/images/boitmal/produit/zoom/34F016B3F162809D8E0423F1C3245DFD.jpg,,,,2024-12-18T23:59:59.999999999Z,PROSPECTUS,9,2,,,,
11959,5603722504945,200.0,Mimosa,"Nata para culinária ligeira, embalagem de 200 ml",,0.99,4.95,200,L,€/L,,,https://driveimg1.intermarche.com/pt/Content/images/boitmal/produit/zoom/34074ECCE8C9D0028618D923D64DF04D.jpg,,,,2024-12-18T23:59:59.999999999Z,PROSPECTUS,9,2,,,,
7244,3073781050196,140.0,A Vaca Que Ri,"Queijo em palitos, embalagem de 140g",,1.99,14.21,0,kg,€/Kg,,,https://driveimg1.intermarche.com/pt/Content/images/boitmal/produit/zoom/59688D92D0C575A8192F1081AFBE3DC1.jpg,,,,2024-12-18T23:59:59.999999999Z,PROSPECTUS,9,2,,,,
36186,8715700017006,570.0,Heinz,"Ketchup top down, 570g",,3.24,5.68,0,kg,€/Kg,,,https://driveimg1.intermarche.com/pt/Content/images/boitmal/produit/zoom/61C6EABD68232C332B75678207D54C3E.jpg,,,,2024-12-18T23:59:59.999999999Z,PROSPECTUS,9,2,,,,
8994,5601511000012,200.0,Limiano,"Queijo flamengo, fatias, embalagem de 200g",,2.19,10.95,0,kg,€/Kg,,,https://driveimg1.intermarche.com/pt/Content/images/boitmal/produit/zoom/1F93DD1A515F774C2EFA0E2AD8D093E4.jpg,,,,2024-12-18T23:59:59.999999999Z,PROSPECTUS,9,2,,,,
11496,5601049213991,200.0,Mimosa,"Nata uht, embalagem de 200 ml",,0.99,4.95,200,L,€/L,,,https://driveimg1.intermarche.com/pt/Content/images/boitmal/produit/zoom/8FC5ABCE23EB48F851FFE29C53BFA5D9.jpg,,,,2024-12-18T23:59:59.999999999Z,PROSPECTUS,9,2,,,,
1189,5601119007987,250.0,Nobre,"Salsichas de porco, lata de 250g",,1.67,6.68,0,kg,€/Kg,,,https://driveimg1.intermarche.com/pt/Content/images/boitmal/produit/zoom/0B023C2ECBDBE7AB09A89A8810925D65.jpg,,,,2024-12-18T23:59:59.999999999Z,PROSPECTUS,9,2,,,,
1305,5601151862155,500.0,Compal,Polpa de tomate 500g,,1.24,2.48,0,kg,€/Kg,,,https://driveimg1.intermarche.com/pt/Content/images/boitmal/produit/zoom/D9FD9B4F4905971874C5E4127C57C62E.jpg,,,,2024-12-18T23:59:59.999999999Z,PROSPECTUS,9,2,,,,
15687,5000116109234,700.0,Iglo,"Ervilhas, embalagem de 700g",,3.39,4.84,0,kg,€/Kg,,Tipo de stockagem,https://driveimg1.intermarche.com/pt/Content/images/boitmal/produit/zoom/AC9F197DD289CE6E6A9903FC824FDD75.jpg,,,,2024-12-18T23:59:59.999999999Z,PROSPECTUS,9,2,,,,
1484,5601326000122,1000.0,Pato real,Arroz carolino malandrinho,Embalagem de 1 kg,1.69,1.69,0,kg,€/Kg,,,https://driveimg1.intermarche.com/pt/Content/images/boitmal/produit/zoom/EF54F6404384A19B3FBA2850089F9FBC.jpg,,,,2024-12-18T23:59:59.999999999Z,PROSPECTUS,9,2,,,,
10509,8435250297955,256.0,Nestlé,"Iogurte mix in smarties baunilha, embalagem de 2 x 128 g",,1.99,7.77,0,kg,€/Kg,,,https://driveimg1.intermarche.com/pt/Content/images/boitmal/produit/zoom/5355941DC0922592DB9EDB46788FEE19.jpg,,,,2024-12-18T23:59:59.999999999Z,PROSPECTUS,9,2,,,,
52880,8719200267794,450.0,Becel,"Creme vegetal de barrar com sabor a manteiga, 450g",,2.99,6.64,0,kg,€/Kg,,,https://driveimg1.intermarche.com/pt/Content/images/boitmal/produit/zoom/EDEC688E7D5C276C888756D563C2C084.jpg,https://driveimg1.intermarche.com/pt/Content/images/boitmal/produit/zoom/287D301C66C180312FAA8A3BAE7EA710.jpg,https://driveimg1.intermarche.com/pt/Content/images/boitmal/produit/zoom/287D301C66C180312FAA8A3BAE7EA710.jpg,,2024-12-18T23:59:59.999999999Z,PROSPECTUS,9,2,,,,
2587,7622300165628,160.0,Oreo,"Bolachas mini, embalagem de 160g",,1.84,11.5,0,kg,€/Kg,,,https://driveimg1.intermarche.com/pt/Content/images/boitmal/produit/zoom/F9C526AA63F496736DBEE08B88A78CA2.jpg,,,,2024-12-18T23:59:59.999999999Z,PROSPECTUS,9,2,,,,
1310,5601151979969,140.0,Compal,"Compal da horta concentrado tomate, embalagem de 140g",,0.99,7.07,0,kg,€/Kg,,,https://driveimg1.intermarche.com/pt/Content/images/boitmal/produit/zoom/AFB213C2AE47899B42B45E2988A779B7.jpg,,,,2024-12-18T23:59:59.999999999Z,PROSPECTUS,9,2,,,,
17129,2892093000000,250.0,Fruta,Maracujá Roxo,1 un = 250 gr  (aprox.),2.25,8.99,0,,€/Kg,,,https://driveimg1.intermarche.com/pt/Content/images/boitmal/produit/zoom/F8928754EE501FCBE5037057AF6EF4AD.jpg,,,,2024-12-18T23:59:59.999999999Z,PROSPECTUS,9,2,,,,
8222,5411188553304,1000.0,Alpro,"Bebida de soja com cálcio, embalagem de 1 l",,1.69,1.69,1000,L,€/L,,,https://driveimg1.intermarche.com/pt/Content/images/boitmal/produit/zoom/E93FBC9C48DDB0A312E01AACFB10CDEE.jpg,,,,2024-12-18T23:59:59.999999999Z,PROSPECTUS,9,2,,,,
11501,5601049612084,125.0,Mimosa,"Manteiga com sal, embalagem de 130g",,1.29,10.32,0,kg,€/Kg,,,https://driveimg1.intermarche.com/pt/Content/images/boitmal/produit/zoom/C0A3DF0B7623AAEE8B7C1B9626AECDDA.jpg,https://driveimg1.intermarche.com/pt/Content/images/boitmal/produit/zoom/1207D37BB442FDD5C918BE023189F00C.jpg,,,2024-12-18T23:59:59.999999999Z,PROSPECTUS,9,2,,,,
16857,5603344531114,110.0,General,Atum natural,Embalagem de 110g,1.1,10.0,0,kg,€/Kg,,,https://driveimg1.intermarche.com/pt/Content/images/boitmal/produit/zoom/D147FF3405CBBBAF67756FEDE1B5317A.jpg,,,,2024-12-18T23:59:59.999999999Z,PROSPECTUS,9,2,,,,
35542,7613036867405,,Nescafé,"Café em cápsulas dolce gusto ristreto intenso, embalagem de 210g",,7.99,7.99,30,,€/Unidade,,,https://driveimg1.intermarche.com/pt/Content/images/boitmal/produit/zoom/FC99456EA03268527FE0EC549A21D081.jpg,,,,2024-12-18T23:59:59.999999999Z,PROSPECTUS,9,2,,,,
41115,8712000310011,330.0,Heineken,"Cerveja 0%, lata de 0.33 l",,0.99,3.0,330,L,€/L,,,https://driveimg1.intermarche.com/pt/Content/images/boitmal/produit/zoom/9E28EF00D416D58210C445A87E80C40B.jpg,,,,2024-12-18T23:59:59.999999999Z,PROSPECTUS,9,2,,,,
7401,3250390461777,150.0,Páturages,Queijo roquefort,Embalagem de 150 g,2.79,18.6,0,kg,€/Kg,,,https://driveimg1.intermarche.com/pt/Content/images/boitmal/produit/zoom/E03055290F31A27B798D471C25305D9D.jpg,,,,2024-12-18T23:59:59.999999999Z,PROSPECTUS,9,2,,,,
1279,5601151123362,1000.0,Bongo,"Néctar de 8 frutos, garrafa de 1l",,1.19,1.19,1000,L,€/L,,,https://driveimg1.intermarche.com/pt/Content/images/boitmal/produit/zoom/DDDD7150C72E25EE2FF7F3F4EC28BE9B.jpg,,,,2024-12-18T23:59:59.999999999Z,PROSPECTUS,9,2,,,,
23353,5000116112197,375.0,Capitão Iglo,"18 nuggets de frango, embalagem de 380g",,4.99,13.31,0,kg,€/Kg,,Tipo de stockagem,https://driveimg1.intermarche.com/pt/Content/images/boitmal/produit/zoom/F26C89B365D9DC17E138C74AB049DE6B.jpg,,,,2024-12-18T23:59:59.999999999Z,PROSPECTUS,9,2,,,,
35544,7622210420244,160.0,Prince,"Bolachas mini prince recheadas com chocolate, embalagem de 160g",,1.84,11.5,0,kg,€/Kg,,,https://driveimg1.intermarche.com/pt/Content/images/boitmal/produit/zoom/61F2634B3866278C0DEB463B7CD623C7.jpg,,,,2024-12-18T23:59:59.999999999Z,PROSPECTUS,9,2,,,,
50405,8445290489173,900.0,Cerelac,Papa Infantil + 6 meses,Embalagem de 900g,6.29,6.99,0,kg,€/Kg,,,https://driveimg1.intermarche.com/pt/Content/images/boitmal/produit/zoom/0A70BA4758F3FECE6D5BDD328F2D5826.jpg,,,,2024-12-18T23:59:59.999999999Z,PROSPECTUS,9,2,,,,
5093,5601050033755,620.0,Danone,"Iogurte activia líquido 0% morango/kiwi, embalagem de 4 x 155 g",,1.99,3.21,0,kg,€/Kg,,,https://driveimg1.intermarche.com/pt/Content/images/boitmal/produit/zoom/29B41AE598716D0550D815AA0FE86025.jpg,,,,2024-12-18T23:59:59.999999999Z,PROSPECTUS,9,2,,,,
1187,5601119007963,120.0,Nobre,"6 salsichas de porco, lata de 120g",,1.09,9.08,0,kg,€/Kg,,,https://driveimg1.intermarche.com/pt/Content/images/boitmal/produit/zoom/024D21F90F760BFDC12CBD7EB02BECC6.jpg,,,,2024-12-18T23:59:59.999999999Z,PROSPECTUS,9,2,,,,
1272,5601151060254,500.0,Compal,"Tomate triturado, embalagem de 500g",,1.39,2.78,0,kg,€/Kg,,,https://driveimg1.intermarche.com/pt/Content/images/boitmal/produit/zoom/F73D2E34D160FB2C4040DA3AD1BBEF87.jpg,,,,2024-12-18T23:59:59.999999999Z,PROSPECTUS,9,2,,,,
14510,5411188116592,1000.0,Alpro,"Bebida coco, embalagem de 1l",,1.99,1.99,1000,L,€/L,,,https://driveimg1.intermarche.com/pt/Content/images/boitmal/produit/zoom/3169716B6C6ACB981FBF106D130524DA.jpg,,,,2024-12-18T23:59:59.999999999Z,PROSPECTUS,9,2,,,,
20967,5601027002593,175.0,Manhãzitos,5 manhãzitos choco chips,Embalagem de 175 g,2.24,12.8,0,kg,€/Kg,,,https://driveimg1.intermarche.com/pt/Content/images/boitmal/produit/zoom/6EB4FB571FE310CEFF50998F54BCFA17.jpg,,,,2024-12-18T23:59:59.999999999Z,PROSPECTUS,9,2,,,,
22338,8715700422084,400.0,Heinz,Maionese top down de 400 ml,,2.46,6.15,400,L,€/L,,,https://driveimg1.intermarche.com/pt/Content/images/boitmal/produit/zoom/612634FE8A5F525F53CC12FEFDCD73F6.jpg,,,,2024-12-18T23:59:59.999999999Z,PROSPECTUS,9,2,,,,
22395,8712100745614,412.0,HellmannS,"Mionese top down, embalagem de 410g",,3.14,7.62,0,kg,€/Kg,,,https://driveimg1.intermarche.com/pt/Content/images/boitmal/produit/zoom/69FC39D7436E837B71E260D76DC0DC69.jpg,https://driveimg1.intermarche.com/pt/Content/images/boitmal/produit/zoom/8441A970BF19CB238C08CCCD9712CAB2.jpg,https://driveimg1.intermarche.com/pt/Content/images/boitmal/produit/zoom/8441A970BF19CB238C08CCCD9712CAB2.jpg,https://driveimg1.intermarche.com/pt/Content/images/boitmal/produit/zoom/8441A970BF19CB238C08CCCD9712CAB2.jpg,2024-12-18T23:59:59.999999999Z,PROSPECTUS,9,2,,,,
25262,5000116112166,208.0,Capitão Iglo,"10 nuggets de frango, embalagem de 210g",,2.99,14.38,0,kg,€/Kg,,Tipo de stockagem,https://driveimg1.intermarche.com/pt/Content/images/boitmal/produit/zoom/CF1467DF1CD91C352F5C2C303E0557A7.jpg,,,,2024-12-18T23:59:59.999999999Z,PROSPECTUS,9,2,,,,
44240,8410500010539,1200.0,Danone,"Iogurte líquido de morango kids, pack 12 x 100 g",,4.89,4.08,0,kg,€/Kg,,,https://driveimg1.intermarche.com/pt/Content/images/boitmal/produit/zoom/675F0D6784FF916C81A6BE90AA600C99.jpg,,,,2024-12-18T23:59:59.999999999Z,PROSPECTUS,9,2,,,,
19046,5000116110414,480.0,Capitão Iglo,"8 hamburguers sem glúten frango, embalagem de 480g",,7.99,16.65,0,kg,€/Kg,,Tipo de stockagem,https://driveimg1.intermarche.com/pt/Content/images/boitmal/produit/zoom/B74DC0C9C4A898B602612BD394B808F5.jpg,,,,2024-12-18T23:59:59.999999999Z,PROSPECTUS,9,2,,,,
2748,8410063044521,200.0,Pescanova,"Miolo de camarão cozido 40/60, 200 g",,5.99,29.95,0,kg,€/Kg,,Tipo de stockagem,https://driveimg1.intermarche.com/pt/Content/images/boitmal/produit/zoom/D50FF0C33F27025B364B2A0F02EC1F36.jpg,,,,2024-12-18T23:59:59.999999999Z,PROSPECTUS,9,2,,,,
8415,8410500007836,600.0,Danone,"Actimel iogurte líquido tutti frutti, embalagem de 6 x 100g",,2.89,4.82,0,kg,€/Kg,,,https://driveimg1.intermarche.com/pt/Content/images/boitmal/produit/zoom/0712AE23BC1EFB6DA91FF7C37F68326A.jpg,,,,2024-12-18T23:59:59.999999999Z,PROSPECTUS,9,2,,,,
10056,8410036800468,750.0,Freixenet,"Espumante cava bruto, reserva, garrafa de 750 ml",,7.99,10.65,750,L,€/L,,,https://driveimg1.intermarche.com/pt/Content/images/boitmal/produit/zoom/96EFA695B1C4201910FA2011BCE09AEA.jpg,,,,2024-12-24T23:59:59.999999999Z,PROSPECTUS,9,2,,,,
2549,7613034717931,200.0,Nestlé,"Chocolate culinário, embalagem de 200g",,1.59,7.95,0,kg,€/Kg,,,https://driveimg1.intermarche.com/pt/Content/images/boitmal/produit/zoom/3B153FC5DBA6E54FFCBD8019E97BAF3D.jpg,,,,2024-12-18T23:59:59.999999999Z,PROSPECTUS,9,2,,,,
41895,5000116125784,220.0,Capitão Iglo,"12 nuggets frango polme americano, embalagem de 220g",,2.99,13.59,0,kg,€/Kg,,Tipo de stockagem,https://driveimg1.intermarche.com/pt/Content/images/boitmal/produit/zoom/E342C1C812C93A809F88301C9A1AFE84.jpg,,,,2024-12-18T23:59:59.999999999Z,PROSPECTUS,9,2,,,,
50389,8445290351401,,Nescafé,"Cápsulas café sical intensidade 7, 30 unidades",,7.49,7.49,30,,€/Unidade,,,https://driveimg1.intermarche.com/pt/Content/images/boitmal/produit/zoom/1FD786A7E143BB9E177424D49D5ABF95.jpg,,,,2024-12-18T23:59:59.999999999Z,PROSPECTUS,9,2,,,,
7043,2894074000000,150.0,Campofrio,Peito de peru forno lenha,1 un = 150 gr (aprox.),2.52,16.79,0,,€/Kg,,,https://driveimg1.intermarche.com/pt/Content/images/boitmal/produit/zoom/EF3CEFEECAD2391EED6F65839052F87D.jpg,,,,2024-12-18T23:59:59.999999999Z,PROSPECTUS,9,2,,,,
8534,5601119957183,120.0,Campofrio,"Peito peru forno lenha fatias clássicas, embalagem de 120g",,2.39,19.92,0,kg,€/Kg,,,https://driveimg1.intermarche.com/pt/Content/images/boitmal/produit/zoom/623D6B2EB3EE61B2128AE1B5E62C0910.jpg,,,,2024-12-18T23:59:59.999999999Z,PROSPECTUS,9,2,,,,
10148,8410188012092,500.0,KelloggS,"Cereais corn flakes, embalagem de 500g",,3.49,6.98,0,kg,€/Kg,,,https://driveimg1.intermarche.com/pt/Content/images/boitmal/produit/zoom/50134096BD8DC39E1EABB6827BC545AE.jpg,,,,2024-12-18T23:59:59.999999999Z,PROSPECTUS,9,2,,,,
10513,8435250439591,236.0,Nestlé,"Iogurte mix-in chocapic,  2 x 118 g",,1.99,8.43,0,kg,€/Kg,,,https://driveimg1.intermarche.com/pt/Content/images/boitmal/produit/zoom/368B8AC44F8070965585916E17063F2C.jpg,,,,2024-12-18T23:59:59.999999999Z,PROSPECTUS,9,2,,,,
12468,8435250439584,256.0,Nestlé,"Iogurte mix in smarties morango, embalagem de 2 x 128 g",,1.99,7.77,0,kg,€/Kg,,,https://driveimg1.intermarche.com/pt/Content/images/boitmal/produit/zoom/546EB338CC6149CC0CDDECE6E5ABF48D.jpg,,,,2024-12-18T23:59:59.999999999Z,PROSPECTUS,9,2,,,,
38557,5601027004764,315.0,Manhãzitos,Manhãzitos® planetus 9x2 un.,Embalagem de 315g,2.89,9.17,0,kg,€/Kg,,,https://driveimg1.intermarche.com/pt/Content/images/boitmal/produit/zoom/C011546637B7E58FA3E5267C7A9C6DFA.jpg,,,,2024-12-18T23:59:59.999999999Z,PROSPECTUS,9,2,,,,
49093,5601082049656,440.0,Delta Q,Cápsulas de Café Grand Qalidus,Embalagem com 80 cápsulas,24.99,56.8,0,kg,€/Kg,,,https://driveimg1.intermarche.com/pt/Content/images/boitmal/produit/zoom/A7E404A1FB1D6000149DA6BB1923FB15.jpg,,,,2024-12-18T23:59:59.999999999Z,PROSPECTUS,9,3,,,,
50393,5411188136613,1000.0,Alpro,"Bebida de aveia not milk clássica vegan, de 1 l",,1.99,1.99,1000,L,€/L,,,https://driveimg1.intermarche.com/pt/Content/images/boitmal/produit/zoom/6821B4EC371AD517DBE48650010725D9.jpg,,,,2024-12-18T23:59:59.999999999Z,PROSPECTUS,9,3,,,,
638,3250390207481,150.0,Bouton dor,Aperitivos pistachos torrados salgados,Embalagem de 150g,2.07,13.8,0,kg,€/Kg,,,https://driveimg1.intermarche.com/pt/Content/images/boitmal/produit/zoom/5779B2DB338F1A6B8B46C20197F52833.jpg,,,,2024-12-18T23:59:59.999999999Z,PROSPECTUS,9,3,,,,
10859,3023290400395,230.0,Nestlé,"Iogurte mix in kit kat, embalagem de 2 x 115g",,1.99,8.65,0,kg,€/Kg,,,https://driveimg1.intermarche.com/pt/Content/images/boitmal/produit/zoom/46A338E8D7EAC63B8EF63808F7DF5998.jpg,,,,2024-12-18T23:59:59.999999999Z,PROSPECTUS,9,3,,,,
14437,5411188110835,1000.0,Alpro,"Bebida de soja de amêndoa, embalagem de 1 litro",,1.99,1.99,1000,L,€/L,,,https://driveimg1.intermarche.com/pt/Content/images/boitmal/produit/zoom/7737749B389B841C77AB65B76665C756.jpg,,,,2024-12-18T23:59:59.999999999Z,PROSPECTUS,9,3,,,,
14508,5411188115496,1000.0,Alpro,"Bebida de soja sem acucar 1l, embalagem de 1l",,1.99,1.99,1000,L,€/L,,,https://driveimg1.intermarche.com/pt/Content/images/boitmal/produit/zoom/08FB7DF3E9A91E663DF63A6991F64B9B.jpg,,,,2024-12-18T23:59:59.999999999Z,PROSPECTUS,9,3,,,,
16014,2892074000000,200.0,Fruta,Goiaba Vermelha,1 un = 200 gr (aprox.),1.0,4.99,0,,€/Kg,,,https://driveimg1.intermarche.com/pt/Content/images/boitmal/produit/zoom/0DBDEE57C12745682A07DB1B29EB0A61.jpg,,,,2024-12-18T23:59:59.999999999Z,PROSPECTUS,9,3,,,,
25383,5602384000703,130.0,Santiago,"Queijo fresco de cabra, 130g",,1.58,12.15,0,kg,€/Kg,,,https://driveimg1.intermarche.com/pt/Content/images/boitmal/produit/zoom/CCBECBF49B40AFD8325077FBB75F12E0.jpg,,,,2024-12-18T23:59:59.999999999Z,PROSPECTUS,9,3,,,,
2753,8410066113484,400.0,Heinz,Maionese de cebola e alho 400 ml,,2.89,7.23,400,L,€/L,,,https://driveimg1.intermarche.com/pt/Content/images/boitmal/produit/zoom/CB59DADB624294DBACBA357544AFD162.jpg,,,,2024-12-18T23:59:59.999999999Z,PROSPECTUS,9,3,,,,
33090,5411188112709,1000.0,Alpro,"Bebida amêndoa torrada sem açúcar, embalagem de 1litro",,1.99,1.99,1000,L,€/L,,,https://driveimg1.intermarche.com/pt/Content/images/boitmal/produit/zoom/66C6488BDB769AFC2D2A2697199C34D6.jpg,,,,2024-12-18T23:59:59.999999999Z,PROSPECTUS,9,3,,,,
38417,5411188124689,1000.0,Alpro,"Bebida aveia sem açúcar, embalagem de 1l",,1.99,1.99,1000,L,€/L,,,https://driveimg1.intermarche.com/pt/Content/images/boitmal/produit/zoom/242D83F75D71A1E8390A9D4AC652F0B9.jpg,,,,2024-12-18T23:59:59.999999999Z,PROSPECTUS,9,3,,,,
43520,8411300478116,400.0,Elvive,Champô argila cabelos normais,Embalagem com 400ml,3.99,9.98,400,L,€/L,,,https://driveimg1.intermarche.com/pt/Content/images/boitmal/produit/zoom/638A557615C1C43E87F50B5AF3FB796E.jpg,,,,2024-12-18T23:59:59.999999999Z,PROSPECTUS,9,3,,,,
50629,5603722521454,1208.0,Mimosa,"Iogurte magro liquido de morango e framboesa, 8 x 151ml",,2.99,2.48,1208,L,€/L,,,https://driveimg1.intermarche.com/pt/Content/images/boitmal/produit/zoom/AB607BD866F448FA21D3247580B1F4C6.jpg,,,,2024-12-18T23:59:59.999999999Z,PROSPECTUS,9,3,,,,
10842,2895207000000,250.0,Santiago,Queijo 3 Igrejas Cura 2m Pimentão,Vendido ao peso a partir de 250 gr,3.0,11.99,0,,€/Kg,,,https://driveimg1.intermarche.com/pt/Content/images/boitmal/produit/zoom/2F11F4EC63EB49EF2522FB61028743A0.jpg,,,,2024-12-18T23:59:59.999999999Z,PROSPECTUS,9,3,,,,
11679,5601241304008,1500.0,Vimeiro,"Água com gás, garrafa de 1,5 l",,0.95,0.63,1500,L,€/L,,,https://driveimg1.intermarche.com/pt/Content/images/boitmal/produit/zoom/28CD57BE6202879BA4267E2C486629D7.jpg,https://driveimg1.intermarche.com/pt/Content/images/boitmal/produit/zoom/A1ED6D2563FED7230A961EB3C507B877.jpg,https://driveimg1.intermarche.com/pt/Content/images/boitmal/produit/zoom/A1ED6D2563FED7230A961EB3C507B877.jpg,,2024-12-18T23:59:59.999999999Z,PROSPECTUS,9,3,,,,
11960,5603722505300,250.0,Mimosa,"Manteiga magra, embalagem de 250g",,1.99,7.96,0,kg,€/Kg,,,https://driveimg1.intermarche.com/pt/Content/images/boitmal/produit/zoom/C74CBDA10A089507D586E060E46ABF03.jpg,https://driveimg1.intermarche.com/pt/Content/images/boitmal/produit/zoom/C2F91C79228A3ADF27E4AEC55908D66D.jpg,https://driveimg1.intermarche.com/pt/Content/images/boitmal/produit/zoom/8234260C017BAB3AE2C659FDE5BBED44.jpg,,2024-12-18T23:59:59.999999999Z,PROSPECTUS,9,3,,,,
1307,5601151962152,1000.0,Compal,"Polpa de tomate, embalagem de 1 kg",,2.09,2.09,0,kg,€/Kg,,,https://driveimg1.intermarche.com/pt/Content/images/boitmal/produit/zoom/7F25D2B47A4922FBF9D4F475FD193D2F.jpg,,,,2024-12-18T23:59:59.999999999Z,PROSPECTUS,9,3,,,,
20264,5000116110872,180.0,Iglo,"Crocantes frango parmesão e ervas, embalagem de 180g",,3.74,20.78,0,kg,€/Kg,,Tipo de stockagem,https://driveimg1.intermarche.com/pt/Content/images/boitmal/produit/zoom/FA238D0C01D11590AA8A8E09CE288246.jpg,,,,2024-12-18T23:59:59.999999999Z,PROSPECTUS,9,3,,,,
25375,5601050033441,620.0,Danone,"Activia líquido manga e papaia, embalagem de 4 x 155g",,1.99,3.21,0,kg,€/Kg,,,https://driveimg1.intermarche.com/pt/Content/images/boitmal/produit/zoom/69B1DCCC9C05220260C5D2E9F924831A.jpg,,,,2024-12-18T23:59:59.999999999Z,PROSPECTUS,9,3,,,,
36188,0000087157635,342.0,Heinz,"Ketchup squeeze, 342 g",,2.43,7.11,0,kg,€/Kg,,,https://driveimg1.intermarche.com/pt/Content/images/boitmal/produit/zoom/EE52B25D49D994FEB41D538040399913.jpg,,,,2024-12-18T23:59:59.999999999Z,PROSPECTUS,9,3,,,,
43763,7613038110295,,Nescafé,"Cápsulas café ristretto napoli intensidade 13, 30 capsulas",,7.99,7.99,30,,€/Unidade,,,https://driveimg1.intermarche.com/pt/Content/images/boitmal/produit/zoom/ED8F7D7F4F41519AE941D5A6761C77F5.jpg,,,,2024-12-18T23:59:59.999999999Z,PROSPECTUS,9,3,,,,
4713,5000204559163,150.0,Glade,"Absorvedores de odores, relax zen",Embalagem de 2x150g,3.29,21.93,150,L,€/L,,,https://driveimg1.intermarche.com/pt/Content/images/boitmal/produit/zoom/16916DD7F5CC08A46A02D04C9338D0A8.jpg,,,,2024-12-18T23:59:59.999999999Z,PROSPECTUS,9,3,,,,
51177,8410436440455,,Persil,Detergente máquina roupa sabão azul e branco,76 doses,9.99,9.99,0,,€/Unidade,,,https://driveimg1.intermarche.com/pt/Content/images/boitmal/produit/zoom/5E50EB12EEC3E6015B903038248E68ED.jpg,,,,2024-12-18T23:59:59.999999999Z,PROSPECTUS,9,3,,,,
7140,2895062000000,250.0,Santiago,Queijo tres igrejas cura 2 meses,Vendido ao peso a partir de 250 gr,3.0,11.99,0,,€/Kg,,,https://driveimg1.intermarche.com/pt/Content/images/boitmal/produit/zoom/23C77AA648CADC2DCC87B3557E21073E.jpg,,,,2024-12-18T23:59:59.999999999Z,PROSPECTUS,9,3,,,,
10512,8435250439577,232.0,Nestlé,"Iogurte mix in nesquik, embalagem de 2 x 115g",,1.99,8.58,0,kg,€/Kg,,,https://driveimg1.intermarche.com/pt/Content/images/boitmal/produit/zoom/6C2207480393D760FBF1824B2B4CD877.jpg,,,,2024-12-18T23:59:59.999999999Z,PROSPECTUS,9,3,,,,
11678,5601241111101,1500.0,Vimeiro,"Água com gás, pack 6 x 0.25 l",,2.99,1.99,1500,L,€/L,,,https://driveimg1.intermarche.com/pt/Content/images/boitmal/produit/zoom/349F566BAEB93F94ED3AE567687EDECD.jpg,https://driveimg1.intermarche.com/pt/Content/images/boitmal/produit/zoom/EC75CB9E6EC1DB17A2DC9CE489CBA459.jpg,,,2024-12-18T23:59:59.999999999Z,PROSPECTUS,9,3,,,,
16567,5000116110070,750.0,Iglo,"Esparregado de espinafres, embalagem de 750g",,3.49,4.65,0,kg,€/Kg,,Tipo de stockagem,https://driveimg1.intermarche.com/pt/Content/images/boitmal/produit/zoom/F70E4F5A76F097E6E455FB2FF67D9B6F.jpg,,,,2024-12-18T23:59:59.999999999Z,PROSPECTUS,9,3,,,,
20031,5602947000058,750.0,Quinta da Pacheca,Vinho branco doc douro,Garrafa de 750 ml,6.99,9.32,750,L,€/L,,,https://driveimg1.intermarche.com/pt/Content/images/boitmal/produit/zoom/7BF729E81FA3ED465AF2D3DA55DE4EE4.jpg,,,,2024-12-18T23:59:59.999999999Z,PROSPECTUS,9,3,,,,
20032,5602947000010,750.0,Quinta da Pacheca,Vinho tinto doc douro,Garrafa de 750 ml,6.99,9.32,750,L,€/L,,,https://driveimg1.intermarche.com/pt/Content/images/boitmal/produit/zoom/7E98EA253AD421BB8B156D996574E752.jpg,,,,2024-12-18T23:59:59.999999999Z,PROSPECTUS,9,3,,,,
20263,5000116110889,180.0,Iglo,"Crocantes de frango original, embalagem de 180g",,3.74,20.78,0,kg,€/Kg,,Tipo de stockagem,https://driveimg1.intermarche.com/pt/Content/images/boitmal/produit/zoom/9B2BC0EEC5724C42D02D0AAA44CCBB50.jpg,,,,2024-12-18T23:59:59.999999999Z,PROSPECTUS,9,3,,,,
27891,3600523586387,400.0,Elvive,Champô Reconstrutor Dream Long,Embalagem de 400 ml,3.99,9.98,400,L,€/L,,,https://driveimg1.intermarche.com/pt/Content/images/boitmal/produit/zoom/F40EB01B8603C8C6E60C4732FA3B4049.jpg,,,,2024-12-18T23:59:59.999999999Z,PROSPECTUS,9,3,,,,
37989,8410063071206,1000.0,Pescanova,"Tiras do mar, embalagem de 1 kg",,7.49,7.49,0,kg,€/Kg,,Tipo de stockagem,https://driveimg1.intermarche.com/pt/Content/images/boitmal/produit/zoom/05601F6E04A5D43B974FEF47AA3F0757.jpg,,,,2024-12-18T23:59:59.999999999Z,PROSPECTUS,9,3,,,,
4236,3600521519479,400.0,Elvive,Champô color-vive,Embalagem de 400 ml,3.99,9.98,400,L,€/L,,,https://driveimg1.intermarche.com/pt/Content/images/boitmal/produit/zoom/B741E6BD8D506F6AF7B6C5B1B3D10A5F.jpg,,,,2024-12-18T23:59:59.999999999Z,PROSPECTUS,9,3,,,,
45363,3041091718037,380.0,Blédina,"Frutapura pera, embalagem de 4 x 95g",,2.24,5.89,0,kg,€/Kg,,,https://driveimg1.intermarche.com/pt/Content/images/boitmal/produit/zoom/3A77A742FA18AC3DAAFD652771DE00E8.jpg,,,,2024-12-18T23:59:59.999999999Z,PROSPECTUS,9,3,,,,
52079,8711327585782,330.0,Magnum,"Gelado mini double caramel e gold caramel billionaire, embalagem de 330 ml",,3.99,12.09,330,L,€/L,,Tipo de stockagem,https://driveimg1.intermarche.com/pt/Content/images/boitmal/produit/zoom/FEAEC9F2D0E413EBB73552CF9D06BA73.jpg,,,,2024-12-18T23:59:59.999999999Z,PROSPECTUS,9,3,,,,
53667,5054563109705,75.0,Sensodyne,Pasta de Dentes Multiprotection Branqueadora,Embalagem de 75ml,3.95,52.67,75,L,€/L,,,https://driveimg1.intermarche.com/pt/Content/images/boitmal/produit/zoom/887FAC0AD5C65C350DF43A4B1C19F382.jpg,https://driveimg1.intermarche.com/pt/Content/images/boitmal/produit/zoom/79C3CD129F06F9A8E203F1CDCCF40417.jpg,https://driveimg1.intermarche.com/pt/Content/images/boitmal/produit/zoom/79C3CD129F06F9A8E203F1CDCCF40417.jpg,https://driveimg1.intermarche.com/pt/Content/images/boitmal/produit/zoom/79C3CD129F06F9A8E203F1CDCCF40417.jpg,2024-12-18T23:59:59.999999999Z,PROSPECTUS,9,3,https://driveimg1.intermarche.com/pt/Content/images/boitmal/produit/zoom/79C3CD129F06F9A8E203F1CDCCF40417.jpg,,,
8538,5601119957213,120.0,Campofrio,"Peito frango forno lenha fatias finas, embalagem de 120g",,2.39,19.92,0,kg,€/Kg,,,https://driveimg1.intermarche.com/pt/Content/images/boitmal/produit/zoom/73C7285F6ACF8A124F339DF62D4EEA07.jpg,,,,2024-12-18T23:59:59.999999999Z,PROSPECTUS,9,3,,,,
997,5601038009031,80.0,Knorr,"Caldo de marisco 8 cubos, embalagem de 80g",,1.49,18.63,0,kg,€/Kg,,,https://driveimg1.intermarche.com/pt/Content/images/boitmal/produit/zoom/535CCF41E2A24821D37048F033EF0F66.jpg,,,,2024-12-18T23:59:59.999999999Z,PROSPECTUS,9,3,,,,
1455,5601286214782,500.0,Milaneza,"Aletria, embalagem de 500g",,1.19,2.38,0,kg,€/Kg,,,https://driveimg1.intermarche.com/pt/Content/images/boitmal/produit/zoom/3204DCCAED8201D4932A04E6BF8BD728.jpg,,,,2024-12-18T23:59:59.999999999Z,PROSPECTUS,9,3,,,,
14653,5601119225442,110.0,Nobre,"Fiambre da perna extra fatias finas, embalagem de 110g",,1.99,18.09,0,kg,€/Kg,,,https://driveimg1.intermarche.com/pt/Content/images/boitmal/produit/zoom/7FD7D9E34952BFCF466D7D36B77539B0.jpg,,,,2024-12-18T23:59:59.999999999Z,PROSPECTUS,9,3,,,,
15889,5000116112180,208.0,Capitão Iglo,"10 nuggets de frango com cereais integrais, embalagem de 208 g",,2.99,14.38,0,kg,€/Kg,,Tipo de stockagem,https://driveimg1.intermarche.com/pt/Content/images/boitmal/produit/zoom/A3B56B43D7DCCFA80725BB4E8335CE2C.jpg,,,,2024-12-18T23:59:59.999999999Z,PROSPECTUS,9,3,,,,
15997,5601001003769,200.0,Nescafé,"Café solúvel clássico, embalagem de 200g",,6.99,34.95,0,kg,€/Kg,,,https://driveimg1.intermarche.com/pt/Content/images/boitmal/produit/zoom/2D522F02541567E297EFB38917647EE9.jpg,,,,2024-12-18T23:59:59.999999999Z,PROSPECTUS,9,3,,,,
1603,5601560111189,90.0,Diatosta,Mini tosta trigo,Embalagem de 90 g,1.09,12.11,0,kg,€/Kg,,,https://driveimg1.intermarche.com/pt/Content/images/boitmal/produit/zoom/45674C194445206DA98AFDE6EE1E9F5C.jpg,,,,2024-12-18T23:59:59.999999999Z,PROSPECTUS,9,3,,,,
17115,5000116110155,640.0,Capitão Iglo,8 hamburguers s/ glúten vaca,Embalagem de 640g,7.99,12.48,0,kg,€/Kg,,Tipo de stockagem,https://driveimg1.intermarche.com/pt/Content/images/boitmal/produit/zoom/6FAFE9FC4DDEB6CE7DCD2D721BE41E81.jpg,,,,2024-12-18T23:59:59.999999999Z,PROSPECTUS,9,3,,,,
18024,2696283000000,250.0,Pastelaria,"Baguete Constance Cereais, 250 g",,1.09,4.36,0,kg,€/Kg,,,https://driveimg1.intermarche.com/pt/Content/images/boitmal/produit/zoom/CA22C31024FFE026D063A83A78526055.jpg,,,,2024-12-18T23:59:59.999999999Z,PROSPECTUS,9,3,,,,
41341,8711327391475,270.0,Magnum,"Gelado salted caramel & glazed almonds, embalagem de 3 x 90 ml",,3.29,12.19,270,L,€/L,,Tipo de stockagem,https://driveimg1.intermarche.com/pt/Content/images/boitmal/produit/zoom/B061834E1B04490C2C977A69794BF2B4.jpg,,,,2024-12-18T23:59:59.999999999Z,PROSPECTUS,9,3,,,,
45032,5054563098795,75.0,Sensodyne,Pasta dentífrica repair&protect,Embalagem de 75 ml,3.29,43.87,75,L,€/L,,,https://driveimg1.intermarche.com/pt/Content/images/boitmal/produit/zoom/D0FCC599F3C9B33F793E38C5A18E782C.jpg,,,,2024-12-18T23:59:59.999999999Z,PROSPECTUS,9,3,,,,
46729,5054563109743,75.0,Sensodyne,Pasta Dentífrica Branqueadora Sensibilidade e Gengivas,Embalagem de 75 ml,3.95,52.67,75,L,€/L,,,https://driveimg1.intermarche.com/pt/Content/images/boitmal/produit/zoom/8625D524F1C3F393001B1C2A50057F58.jpg,,,,2024-12-18T23:59:59.999999999Z,PROSPECTUS,9,3,,,,
49387,4001724039235,375.0,Dr. Oetker,Pizza Ristorante Bolognese,Embalagem de 375g,3.69,9.84,0,kg,€/Kg,,Tipo de stockagem,https://driveimg1.intermarche.com/pt/Content/images/boitmal/produit/zoom/46053FB4E0DC2CE725978B30687992F4.jpg,,,,2024-12-18T23:59:59.999999999Z,PROSPECTUS,9,3,,,,
49389,4001724038870,340.0,Dr. Oetker,Pizza Ristorante Quattro Formaggi,Embalagem de 340g,3.69,10.85,0,kg,€/Kg,,Tipo de stockagem,https://driveimg1.intermarche.com/pt/Content/images/boitmal/produit/zoom/A0C42E4A3CD0638DF6C232B46C1C7E27.jpg,,,,2024-12-18T23:59:59.999999999Z,PROSPECTUS,9,3,,,,
51314,5601066200745,800.0,Nacional,"Farinha de aveia integral, 800g",,1.39,1.74,0,kg,€/Kg,,,https://driveimg1.intermarche.com/pt/Content/images/boitmal/produit/zoom/235C10960E97294CC4CDC7A584513052.jpg,,,,2024-12-18T23:59:59.999999999Z,PROSPECTUS,9,3,,,,
52848,8410063094564,1000.0,Pescanova,"Nuggets pescada sem glúten, 1 kg",,7.49,7.49,0,kg,€/Kg,,Tipo de stockagem,https://driveimg1.intermarche.com/pt/Content/images/boitmal/produit/zoom/5276D77CD9BBF475970EE1C857741542.jpg,https://driveimg1.intermarche.com/pt/Content/images/boitmal/produit/zoom/16DCF1CA65B81C53FF13A02B354ADA88.jpg,https://driveimg1.intermarche.com/pt/Content/images/boitmal/produit/zoom/16DCF1CA65B81C53FF13A02B354ADA88.jpg,https://driveimg1.intermarche.com/pt/Content/images/boitmal/produit/zoom/16DCF1CA65B81C53FF13A02B354ADA88.jpg,2024-12-18T23:59:59.999999999Z,PROSPECTUS,9,3,,,,
53727,8006540213872,340.0,Fairy,Detergente Manual Loiça Jasmim Rosa,Embalagem de 340ml,1.59,4.68,340,L,€/L,,,https://driveimg1.intermarche.com/pt/Content/images/boitmal/produit/zoom/1AB552FD9F32E3C9F600BFDE936D2188.jpg,,,,2024-12-18T23:59:59.999999999Z,PROSPECTUS,9,3,,,,
53800,8410436435574,2250.0,Xtra,Detergente Máquina Roupa Líquido Gel Total Color,Embalagem de 50 Doses,7.99,3.55,2250,L,€/L,,,https://driveimg1.intermarche.com/pt/Content/images/boitmal/produit/zoom/30CEE8C3BD131DB605A11F7B0975AB0B.jpg,https://driveimg1.intermarche.com/pt/Content/images/boitmal/produit/zoom/4E596594043A409630F2B3B70BA9B24B.jpg,https://driveimg1.intermarche.com/pt/Content/images/boitmal/produit/zoom/4E596594043A409630F2B3B70BA9B24B.jpg,,2024-12-18T23:59:59.999999999Z,PROSPECTUS,9,3,,,,
8435,5601050033953,620.0,Danone,"Iogurte activia líquido 0% de pêssego/maracujá, embalagem de 4 x 155g",,1.99,3.21,0,kg,€/Kg,,,https://driveimg1.intermarche.com/pt/Content/images/boitmal/produit/zoom/8F87711D2EAC77ED611C3C3EAE26545D.jpg,,,,2024-12-18T23:59:59.999999999Z,PROSPECTUS,9,3,,,,
972,5601024030056,750.0,Oliveira da Serra,"Azeite extra virgem, azeitonas verdes, garrafa de 750 ml",,8.69,11.59,750,L,€/L,,,https://driveimg1.intermarche.com/pt/Content/images/boitmal/produit/zoom/2775848F23153ACAF6624BDC341B21AA.jpg,,,,2024-12-18T23:59:59.999999999Z,PROSPECTUS,9,3,,,,
996,5601038005064,80.0,Knorr,"Caldo de legumes 8 cubos, embalagem de 80g",,1.49,18.63,0,kg,€/Kg,,,https://driveimg1.intermarche.com/pt/Content/images/boitmal/produit/zoom/6F28E4D3F3D86011504BC554235AD652.jpg,,,,2024-12-18T23:59:59.999999999Z,PROSPECTUS,9,3,,,,
11405,5411188104971,500.0,Alpro,"Yofu de soja natural, de 4x125 g",,2.39,4.78,0,kg,€/Kg,,,https://driveimg1.intermarche.com/pt/Content/images/boitmal/produit/zoom/F1F1BA1F02C9951A72D939766BAFAE6F.jpg,,,,2024-12-18T23:59:59.999999999Z,PROSPECTUS,9,3,,,,
1196,5601119942608,200.0,Nobre,"Salsichas de aves, lata de 200g",,1.39,6.95,0,kg,€/Kg,,,https://driveimg1.intermarche.com/pt/Content/images/boitmal/produit/zoom/C3D289F4C441D4785985F7C225CA4543.jpg,,,,2024-12-18T23:59:59.999999999Z,PROSPECTUS,9,3,,,,
12521,8712100417474,459.0,HellmannS,"Maionese magra em frasco, embalagem de 460g",,3.14,6.84,0,kg,€/Kg,,,https://driveimg1.intermarche.com/pt/Content/images/boitmal/produit/zoom/42C1DD6B5B9088F59B88BFAE0821ECAF.jpg,https://driveimg1.intermarche.com/pt/Content/images/boitmal/produit/zoom/5EE500879C9469898FD1466D95386BB7.jpg,https://driveimg1.intermarche.com/pt/Content/images/boitmal/produit/zoom/5EE500879C9469898FD1466D95386BB7.jpg,https://driveimg1.intermarche.com/pt/Content/images/boitmal/produit/zoom/5EE500879C9469898FD1466D95386BB7.jpg,2024-12-18T23:59:59.999999999Z,PROSPECTUS,9,3,https://driveimg1.intermarche.com/pt/Content/images/boitmal/produit/zoom/5EE500879C9469898FD1466D95386BB7.jpg,,,
16642,5000116109982,700.0,Iglo,"Favas, embalagem de 700g",,2.99,4.27,0,kg,€/Kg,,Tipo de stockagem,https://driveimg1.intermarche.com/pt/Content/images/boitmal/produit/zoom/F85552D539976B3D3F71699F3FA28017.jpg,,,,2024-12-18T23:59:59.999999999Z,PROSPECTUS,9,3,,,,
1697,5603697270043,565.0,Koala,"Polpa de maracujá, em lata, 570g",,3.19,5.65,0,kg,€/Kg,,,https://driveimg1.intermarche.com/pt/Content/images/boitmal/produit/zoom/69C77B5CC4BB87910FEF9DC34E405BE0.jpg,,,,2024-12-18T23:59:59.999999999Z,PROSPECTUS,9,3,,,,
21577,5602947000713,750.0,Quinta da Pacheca,Vinho rosé doc douro,Garrafa de 750 ml,6.99,9.32,750,L,€/L,,,https://driveimg1.intermarche.com/pt/Content/images/boitmal/produit/zoom/99C3E3FF1B0370B7F352668571EDA823.jpg,,,,2024-12-18T23:59:59.999999999Z,PROSPECTUS,9,3,,,,
24579,3600541946309,400.0,Fructis,Champô força e brilho,Embalagem com 400 ml,3.89,9.73,400,L,€/L,,,https://driveimg1.intermarche.com/pt/Content/images/boitmal/produit/zoom/B318411B1A658517F85A242ED66D26E5.jpg,,,,2024-12-18T23:59:59.999999999Z,PROSPECTUS,9,3,,,,
2500,7613033129025,250.0,Cerelac,"Papa infantil não láctea bolacha maria +6 meses, de 250g",,2.39,9.56,0,kg,€/Kg,,,https://driveimg1.intermarche.com/pt/Content/images/boitmal/produit/zoom/86F8E21230827C4A87CCDAA9CDA276AE.jpg,,,,2024-12-18T23:59:59.999999999Z,PROSPECTUS,9,3,,,,
26274,5601027002609,175.0,Bollycao,5 manhãzitos,Embalagem com 175 g,2.24,12.8,0,kg,€/Kg,,,https://driveimg1.intermarche.com/pt/Content/images/boitmal/produit/zoom/699653388328E6911C7212A499A4EF65.jpg,,,,2024-12-18T23:59:59.999999999Z,PROSPECTUS,9,3,,,,
27921,3600523587315,200.0,Elvive,Mascara Dream Long,Embalagem de 200 ml,4.89,24.45,200,L,€/L,,,https://driveimg1.intermarche.com/pt/Content/images/boitmal/produit/zoom/F617A6480E1DFB510E6663730A453A0A.jpg,,,,2024-12-18T23:59:59.999999999Z,PROSPECTUS,9,3,,,,
28601,7613034196453,680.0,Purina Gourmet,Comida húmida para gato finos pedaços em molho,Embalagem de 680g,4.64,6.82,0,kg,€/Kg,,,https://driveimg1.intermarche.com/pt/Content/images/boitmal/produit/zoom/913F2A9EEBC89BDE539CE130E00F4167.jpg,,,,2024-12-18T23:59:59.999999999Z,PROSPECTUS,9,3,,,,
37990,8410063036175,1000.0,Pescanova,"Caprichos do mar sem glúten, embalagem de 1 kg",,6.39,6.39,0,kg,€/Kg,,Tipo de stockagem,https://driveimg1.intermarche.com/pt/Content/images/boitmal/produit/zoom/6895ADBC20BAA64ABF1A75EDB160FACB.jpg,,,,2024-12-18T23:59:59.999999999Z,PROSPECTUS,9,3,,,,
39539,5607552295387,500.0,Cristal,"Vinagre de sidra biológica 5%, garrafa de 500 ml",,0.99,1.98,500,L,€/L,,,https://driveimg1.intermarche.com/pt/Content/images/boitmal/produit/zoom/9A50E4BD801B0B9AADC797DC9DBEFB5D.jpg,,,,2024-12-18T23:59:59.999999999Z,PROSPECTUS,9,3,,,,
43119,5411188121374,250.0,Alpro,"Creme soja cozinha, 250 ml",,1.39,5.56,250,L,€/L,,,https://driveimg1.intermarche.com/pt/Content/images/boitmal/produit/zoom/596BD7E2601FA9A818BD571593FBC40F.jpg,,,,2024-12-18T23:59:59.999999999Z,PROSPECTUS,9,3,,,,
46333,5054563107510,75.0,Sensodyne,Dentífrico sensibilidade e gengivas,Embalagem de 75 ml,3.95,52.67,75,L,€/L,,,https://driveimg1.intermarche.com/pt/Content/images/boitmal/produit/zoom/F291736432CB465B2F7030533D20B63D.jpg,,,,2024-12-18T23:59:59.999999999Z,PROSPECTUS,9,3,,,,
47106,7613287613806,,Nescafé,"Café espresso buondi intenso, 16 cápsulas",,8.99,8.99,30,,€/Unidade,,,https://driveimg1.intermarche.com/pt/Content/images/boitmal/produit/zoom/E40A3E7241DABB11EAC194DA9AD5C029.jpg,,,,2024-12-18T23:59:59.999999999Z,PROSPECTUS,9,3,,,,
49432,4001724039051,345.0,Dr. Oetker,Pizza Speciale,Embalagem de 345g,3.69,10.7,0,kg,€/Kg,,Tipo de stockagem,https://driveimg1.intermarche.com/pt/Content/images/boitmal/produit/zoom/70751A7887E2B4C8A9C28CD4428D0373.jpg,,,,2024-12-18T23:59:59.999999999Z,PROSPECTUS,9,3,,,,
8414,0000084105554,600.0,Danone,"Iogurte líquido natural, pack 6 x 100 g",,2.89,4.82,0,kg,€/Kg,,,https://driveimg1.intermarche.com/pt/Content/images/boitmal/produit/zoom/0D1F331132D6ABD29FDCEFD550221808.jpg,,,,2024-12-18T23:59:59.999999999Z,PROSPECTUS,9,3,,,,
8438,5601050033816,620.0,Danone,"Iogurte activia líquido frutos silvestres, embalagem de 4 x 155g",,1.99,3.21,0,kg,€/Kg,,,https://driveimg1.intermarche.com/pt/Content/images/boitmal/produit/zoom/E214EAC60369F7ED2580B2CD156E97E1.jpg,,,,2024-12-18T23:59:59.999999999Z,PROSPECTUS,9,3,,,,
8535,5601119957190,120.0,Campofrio,"Peito peru forno lenha fatias finas, embalagem de 120g",,2.39,19.92,0,kg,€/Kg,,,https://driveimg1.intermarche.com/pt/Content/images/boitmal/produit/zoom/D0F1C138ED4F65C03D7E0FBA10DC6373.jpg,,,,2024-12-18T23:59:59.999999999Z,PROSPECTUS,9,3,,,,
11872,5602384000017,80.0,Santiago,"Queijo fresco, embalagem de 80g",,0.65,8.13,0,kg,€/Kg,,,https://driveimg1.intermarche.com/pt/Content/images/boitmal/produit/zoom/75CA25E12565C7CB793280CE7BA2E25E.jpg,,,,2024-12-18T23:59:59.999999999Z,PROSPECTUS,9,3,,,,
13133,2893114000000,500.0,Peixaria,Faneca,"Vendido ao peso, 1 un = 500 g (aprox.)",2.0,3.99,0,,€/Kg,,,https://driveimg1.intermarche.com/pt/Content/images/boitmal/produit/zoom/FEE400AEBDA70958E3FAD3F40024548E.jpg,,,,2024-12-18T23:59:59.999999999Z,PROSPECTUS,9,3,,,,
1490,5601363001144,130.0,Fritos,"Aperitivos fritos, embalagem 130g",,0.99,7.62,0,kg,€/Kg,,,https://driveimg1.intermarche.com/pt/Content/images/boitmal/produit/zoom/94DEDADD6AD8408E70DBD7678A1BF0DA.jpg,,,,2024-12-18T23:59:59.999999999Z,PROSPECTUS,9,3,,,,
16382,8010265640202,375.0,KelloggS,"Cereais corn flakes original, embalagem de 380g",,2.79,7.44,0,kg,€/Kg,,,https://driveimg1.intermarche.com/pt/Content/images/boitmal/produit/zoom/2FC4E3F59AA8639D3C3D08A101446BEA.jpg,,,,2024-12-18T23:59:59.999999999Z,PROSPECTUS,9,3,,,,
1711,5604055118410,6000.0,Fastio,"Água mineral sem gás, pack 4 x 1.5 l",,2.19,0.37,6000,L,€/L,,,https://driveimg1.intermarche.com/pt/Content/images/boitmal/produit/zoom/ADF5F83607F39D07CF3C9F204186DB24.jpg,,,,2024-12-18T23:59:59.999999999Z,PROSPECTUS,9,3,,,,
24583,3600541946262,400.0,Fructis,Champô hidra caracóis,Embalagem de 400 ml,3.89,9.73,400,L,€/L,,,https://driveimg1.intermarche.com/pt/Content/images/boitmal/produit/zoom/F45C286B6B8330CEB5E45C88E611688B.jpg,,,,2024-12-18T23:59:59.999999999Z,PROSPECTUS,9,3,,,,
25068,8715700423852,560.0,Heinz,Ketchup menos sal e açucares,Embalagem de 560g,3.24,5.79,0,kg,€/Kg,,,https://driveimg1.intermarche.com/pt/Content/images/boitmal/produit/zoom/643B7D3C7E6184C42BB65F3C1C4B7F40.jpg,,,,2024-12-18T23:59:59.999999999Z,PROSPECTUS,9,3,,,,
2525,7613033865848,400.0,Cerelac,Leite e cereais 8 cereais e mel +6 meses,Garrafa de 400 ml,2.24,5.6,400,L,€/L,,,https://driveimg1.intermarche.com/pt/Content/images/boitmal/produit/zoom/F3FA0505F84763AD463A118D9C701F18.jpg,,,,2024-12-18T23:59:59.999999999Z,PROSPECTUS,9,3,,,,
2630,8000500003787,200.0,Ferrero Rocher,16 bombons,Embalagem de 200g,5.99,29.95,0,kg,€/Kg,,,https://driveimg1.intermarche.com/pt/Content/images/boitmal/produit/zoom/C48862C103510D2C0692C2794FC35562.jpg,,,,2024-12-18T23:59:59.999999999Z,PROSPECTUS,9,3,,,,
26485,3600542034074,400.0,Fructis,Champô Hidraliso,Embalagem de 400 ml,3.89,9.73,400,L,€/L,,,https://driveimg1.intermarche.com/pt/Content/images/boitmal/produit/zoom/0A5BF6BD4C0B7CE0E1D33260CCEBEAEB.jpg,,,,2024-12-18T23:59:59.999999999Z,PROSPECTUS,9,3,,,,
34328,5603344291018,120.0,General,Bacalhau com grão,Embalagem de 120g,1.85,15.42,0,kg,€/Kg,,,https://driveimg1.intermarche.com/pt/Content/images/boitmal/produit/zoom/3CE63A7FB770BD16863F1AA0D2B1E6B2.jpg,,,,2024-12-18T23:59:59.999999999Z,PROSPECTUS,9,3,,,,
41069,8410650171425,1500.0,Ultima,Ração seca gato esterilizado com salmão,Embalagem de 1.5 kg,9.94,6.63,0,kg,€/Kg,,,https://driveimg1.intermarche.com/pt/Content/images/boitmal/produit/zoom/DD83F89D122DCC905AAE152B5E5401B6.jpg,,,,2024-12-18T23:59:59.999999999Z,PROSPECTUS,9,3,,,,
41265,5411188122074,750.0,Alpro,Bebida soja chocolate light 3x250ml,,2.49,3.32,750,L,€/L,,,https://driveimg1.intermarche.com/pt/Content/images/boitmal/produit/zoom/CEEDD503270174A375D0D679D73C4678.jpg,,,,2024-12-18T23:59:59.999999999Z,PROSPECTUS,9,3,,,,
42782,2696841000000,500.0,Pastelaria,Cheesecake frutos vermelhos,500 g,7.99,15.98,0,kg,€/Kg,,,https://driveimg1.intermarche.com/pt/Content/images/boitmal/produit/zoom/36D3F0C4312DF34B527E768275C37216.jpg,,,,2024-12-18T23:59:59.999999999Z,PROSPECTUS,9,3,,,,
44389,8410001134925,,Scotch Brite,Esfregão com Esponja Fibra Verde Gama Classic,,0.99,0.99,1,,€/Unidade,,,https://driveimg1.intermarche.com/pt/Content/images/boitmal/produit/zoom/3954153DE4DE2D0BCA44A93DDFAD6FB0.jpg,,,,2024-12-18T23:59:59.999999999Z,PROSPECTUS,9,3,,,,
44832,7613287235497,7.0,Cerelac,"Nutripuffs de banana 8 meses sem açúcar, embalagem de 7g",,0.66,94.29,0,kg,€/Kg,,,https://driveimg1.intermarche.com/pt/Content/images/boitmal/produit/zoom/6798487E853B53B30C64658DB94F26AA.jpg,,,,2024-12-18T23:59:59.999999999Z,PROSPECTUS,9,3,,,,
44833,7613287235756,7.0,Cerelac,Nutripuffs de framboesa 8 meses s/ açúcar,Embalagem de 7g,0.66,94.29,0,kg,€/Kg,,,https://driveimg1.intermarche.com/pt/Content/images/boitmal/produit/zoom/6A9D9D09B0B737ABCD74CAEF7A48F840.jpg,,,,2024-12-18T23:59:59.999999999Z,PROSPECTUS,9,3,,,,
44903,5601066200325,1000.0,Nacional,"Farinha preparada pão caseiro, 1kg",,1.79,1.79,0,kg,€/Kg,,,https://driveimg1.intermarche.com/pt/Content/images/boitmal/produit/zoom/4D17517C7C018E28AA2A4618CB765EB3.jpg,,,,2024-12-18T23:59:59.999999999Z,PROSPECTUS,9,3,,,,
4526,4005808247233,250.0,Nivea,"Smoth milk, tripla acção, 250 ml",,3.79,15.16,250,L,€/L,,,https://driveimg1.intermarche.com/pt/Content/images/boitmal/produit/zoom/ED23D3022E71FDD14FE8C56618FEBE1F.jpg,,,,2024-12-18T23:59:59.999999999Z,PROSPECTUS,9,3,,,,
45362,3041091718020,380.0,Bledina,"Frutapura maçã e pera, embalagem de 4 x 95g",,2.24,5.89,0,kg,€/Kg,,,https://driveimg1.intermarche.com/pt/Content/images/boitmal/produit/zoom/B7F4106EFF27F3EE9B88FB6BF516905C.jpg,,,,2024-12-18T23:59:59.999999999Z,PROSPECTUS,9,3,,,,
46814,8410036807887,750.0,Freixenet,"Blanc de blancs, garrafa de 750 ml",,5.99,7.99,750,L,€/L,,,https://driveimg1.intermarche.com/pt/Content/images/boitmal/produit/zoom/8443921EA647B3A561B8E54CBA9F0C34.jpg,,,,2024-12-24T23:59:59.999999999Z,PROSPECTUS,9,3,,,,
47621,0000080466437,40.0,Dove,Desodorizante original 0% álcool,40 ml,3.59,89.75,40,L,€/L,,,https://driveimg1.intermarche.com/pt/Content/images/boitmal/produit/zoom/6250F87CFED7E6C6408C0D352DF269E6.jpg,,,,2024-12-18T23:59:59.999999999Z,PROSPECTUS,9,3,,,,
48011,5603722520068,800.0,Agros,"Leite com chocolate meio gordo sem lactose, 4 x 200 ml",,1.99,2.49,800,L,€/L,,,https://driveimg1.intermarche.com/pt/Content/images/boitmal/produit/zoom/534AAD13A7F896FDBA98EB7001B680B9.jpg,,,,2024-12-18T23:59:59.999999999Z,PROSPECTUS,9,3,,,,
4807,5011013100156,700.0,Baileys,"Licor irish cream original, garrafa de 700 ml",,14.69,20.99,700,L,€/L,,,https://driveimg1.intermarche.com/pt/Content/images/boitmal/produit/zoom/FDAAA0E0F93FA491E337DFBBB5FBFE7F.jpg,,,,2024-12-18T23:59:59.999999999Z,PROSPECTUS,9,4,,,,
49418,8410500012861,1200.0,Actimel Danone,"Probiótico natural 0%, 12 x 100 g",,4.89,4.08,0,kg,€/Kg,,,https://driveimg1.intermarche.com/pt/Content/images/boitmal/produit/zoom/31841197B3A773C57C73C74FF0227CFD.jpg,,,,2024-12-18T23:59:59.999999999Z,PROSPECTUS,9,4,,,,
50458,5603722521003,160.0,Mimosa,"Manteiga com sal, 160g",,2.14,13.38,0,kg,€/Kg,,,https://driveimg1.intermarche.com/pt/Content/images/boitmal/produit/zoom/09C6645B0E41FE4C659D6FBAFCE3C138.jpg,,,,2024-12-18T23:59:59.999999999Z,PROSPECTUS,9,4,,,,
51370,5000116127085,1080.0,Capitão Iglo,"50 nuggets de frango queijo, embalagem de 1.08 kg",,12.99,12.03,0,kg,€/Kg,,Tipo de stockagem,https://driveimg1.intermarche.com/pt/Content/images/boitmal/produit/zoom/01D800E519FFA7F5AD97F2A12D06E0B0.jpg,,,,2024-12-18T23:59:59.999999999Z,PROSPECTUS,9,4,,,,
51913,3073781193190,250.0,A Vaca Que Ri,"Queijo fundido light, 250g",,2.79,11.16,0,kg,€/Kg,,,https://driveimg1.intermarche.com/pt/Content/images/boitmal/produit/zoom/E15DBF8C50BC3B8710D45A825CD776C9.jpg,,,,2024-12-18T23:59:59.999999999Z,PROSPECTUS,9,4,,,,
52024,8711327580343,330.0,Magnum,"Gelados mini double sunlover, embalagem de 330 ml",,4.19,12.7,330,L,€/L,,Tipo de stockagem,https://driveimg1.intermarche.com/pt/Content/images/boitmal/produit/zoom/072DE7ACC63CE75B8E6E3C11FAC99F00.jpg,,,,2024-12-18T23:59:59.999999999Z,PROSPECTUS,9,4,,,,
53067,5601050037821,620.0,Danone,"Bifidus líquido activia ananás 000%, 4 x 155g",,1.99,3.21,0,kg,€/Kg,,,https://driveimg1.intermarche.com/pt/Content/images/boitmal/produit/zoom/3D4965FAC6DA56015B0EA60D0CC350AD.jpg,https://driveimg1.intermarche.com/pt/Content/images/boitmal/produit/zoom/227608E522C57EFFD851E1F0A8F434F8.jpg,https://driveimg1.intermarche.com/pt/Content/images/boitmal/produit/zoom/227608E522C57EFFD851E1F0A8F434F8.jpg,,2024-12-18T23:59:59.999999999Z,PROSPECTUS,9,4,,,,
53077,8711327483071,255.0,Magnum,"Gelado double gold caramelo billionaire, 3 x 85ml",,3.29,12.9,255,L,€/L,,Tipo de stockagem,https://driveimg1.intermarche.com/pt/Content/images/boitmal/produit/zoom/42B8EC9CDDC9A5A64A8B9BF8DDBBF480.jpg,https://driveimg1.intermarche.com/pt/Content/images/boitmal/produit/zoom/74238D995E9DE969AA617757BB3DA134.jpg,https://driveimg1.intermarche.com/pt/Content/images/boitmal/produit/zoom/74238D995E9DE969AA617757BB3DA134.jpg,https://driveimg1.intermarche.com/pt/Content/images/boitmal/produit/zoom/74238D995E9DE969AA617757BB3DA134.jpg,2024-12-18T23:59:59.999999999Z,PROSPECTUS,9,4,,,,
53670,5054563119827,75.0,Sensodyne,Pasta de Dentes Branqueadora Nourish Branco Saudável,Embalagem de 75ml,3.5,46.67,75,L,€/L,,,https://driveimg1.intermarche.com/pt/Content/images/boitmal/produit/zoom/A3B258A8AC8B9A59C7DEE51779DB6CEB.jpg,https://driveimg1.intermarche.com/pt/Content/images/boitmal/produit/zoom/E9A3BE851B4BFFD8866CC74997851983.jpg,https://driveimg1.intermarche.com/pt/Content/images/boitmal/produit/zoom/E9A3BE851B4BFFD8866CC74997851983.jpg,https://driveimg1.intermarche.com/pt/Content/images/boitmal/produit/zoom/E9A3BE851B4BFFD8866CC74997851983.jpg,2024-12-18T23:59:59.999999999Z,PROSPECTUS,9,4,https://driveimg1.intermarche.com/pt/Content/images/boitmal/produit/zoom/E9A3BE851B4BFFD8866CC74997851983.jpg,,,
6111,7613031204458,340.0,Purina Gourmet,Comida húmida para gato finos pedaços em molho,Embalagem de 340g,2.34,6.88,0,kg,€/Kg,,,https://driveimg1.intermarche.com/pt/Content/images/boitmal/produit/zoom/393F7D9374FE095E1E4BD6A16BFBFD33.jpg,,,,2024-12-18T23:59:59.999999999Z,PROSPECTUS,9,4,,,,
6281,8410001109978,,Scotch Brite,"Esfregão com esponja salva unhas ergonómico, 2 unidades",,1.84,1.84,2,,€/Unidade,,,https://driveimg1.intermarche.com/pt/Content/images/boitmal/produit/zoom/4CA8003DAEE6979618A8434446696DC5.jpg,,,,2024-12-18T23:59:59.999999999Z,PROSPECTUS,9,4,,,,
640,3250390207528,130.0,Bouton dor,Cajus torrados salgados,Embalagem de 130g,1.69,13.0,0,kg,€/Kg,,,https://driveimg1.intermarche.com/pt/Content/images/boitmal/produit/zoom/9B80EEE07D104D06B1404C07F28EB251.jpg,,,,2024-12-18T23:59:59.999999999Z,PROSPECTUS,9,4,,,,
6689,8435257022567,720.0,Longa vida,"Iogurte magro morango, embalagem de 6 x 120g",,2.29,3.18,0,kg,€/Kg,,,https://driveimg1.intermarche.com/pt/Content/images/boitmal/produit/zoom/C7D81FD136DA0ED21FA11EE161602678.jpg,,,,2024-12-18T23:59:59.999999999Z,PROSPECTUS,9,4,,,,
7965,5000204595369,,Glade,"Recarga ambientador automático, sense & spray, lavanda/jasmim",,3.49,3.49,0,,€/Unidade,,,https://driveimg1.intermarche.com/pt/Content/images/boitmal/produit/zoom/497BE1766F9C99EE2559EEE841495429.jpg,,,,2024-12-18T23:59:59.999999999Z,PROSPECTUS,9,4,,,,
816,5000116106219,300.0,Iglo,"Bacalhau à brás, embalagem de 300g",,4.99,16.63,0,kg,€/Kg,,Tipo de stockagem,https://driveimg1.intermarche.com/pt/Content/images/boitmal/produit/zoom/548A3EECAA6EBC92135B4800CD140436.jpg,,,,2024-12-18T23:59:59.999999999Z,PROSPECTUS,9,4,,,,
9059,5601752080026,750.0,Favaios,"Moscatel favaios, garrafa de 750 ml",,4.99,6.65,750,L,€/L,,,https://driveimg1.intermarche.com/pt/Content/images/boitmal/produit/zoom/263E5B4B63284ABF86B8A3C99564569D.jpg,,,,2024-12-24T23:59:59.999999999Z,PROSPECTUS,9,4,,,,
994,5601038001400,240.0,Knorr,"Caldo de carne 24 cubos, embalagem de 240g",,2.49,10.38,0,kg,€/Kg,,,https://driveimg1.intermarche.com/pt/Content/images/boitmal/produit/zoom/111ACC6539DBD1BD4431EF700197763E.jpg,,,,2024-12-18T23:59:59.999999999Z,PROSPECTUS,9,4,,,,
10057,8410036800512,750.0,Freixenet,"Espumante cava meio seco reserva, garrafa de 750 ml",,6.99,9.32,750,L,€/L,,,https://driveimg1.intermarche.com/pt/Content/images/boitmal/produit/zoom/595A72B091587557F63E6DF8F5C0E8F8.jpg,,,,2024-12-24T23:59:59.999999999Z,PROSPECTUS,9,4,,,,
1009,5601038300077,80.0,Knorr,"Caldo de galinha 8 cubos, embalagem de 80g",,1.49,18.63,0,kg,€/Kg,,,https://driveimg1.intermarche.com/pt/Content/images/boitmal/produit/zoom/CFDBB6C1885F48FB7941F504CD886192.jpg,,,,2024-12-18T23:59:59.999999999Z,PROSPECTUS,9,4,,,,
1102,5601066200080,1000.0,Nacional,"Farinha rainha com fermento, embalagem de 1000g",,1.14,1.14,0,kg,€/Kg,,,https://driveimg1.intermarche.com/pt/Content/images/boitmal/produit/zoom/1F46A8407AE2757268DF4DF863DF2CF4.jpg,,,,2024-12-18T23:59:59.999999999Z,PROSPECTUS,9,4,,,,
11505,5601050033793,620.0,Danone,"Iogurte activia líquido kiwi, embalagem de 4 x 155g",,1.99,3.21,0,kg,€/Kg,,,https://driveimg1.intermarche.com/pt/Content/images/boitmal/produit/zoom/14FD12E9F72A1B2587D9D8BF93B11B3E.jpg,,,,2024-12-18T23:59:59.999999999Z,PROSPECTUS,9,4,,,,
1212,5601119950481,420.0,Nobre,"Refeição caseira almôndegas, embalagem de 420g",,2.9,6.9,0,kg,€/Kg,,,https://driveimg1.intermarche.com/pt/Content/images/boitmal/produit/zoom/337528A4932DEE68006A1ECADBCE182B.jpg,,,,2024-12-18T23:59:59.999999999Z,PROSPECTUS,9,4,,,,
13201,2893186000000,800.0,Peixaria,Pargo Mulato, 1un = 800 gr (aprox.),4.79,5.99,0,,€/Kg,,,https://driveimg1.intermarche.com/pt/Content/images/boitmal/produit/zoom/11C32BE0B2CE482787FEFB1794945225.jpg,,,,2024-12-18T23:59:59.999999999Z,PROSPECTUS,9,4,,,,
14722,8410063045917,800.0,Pescanova,"Camarão vannamei 24/40, embalagem de 800g",,9.99,12.49,0,kg,€/Kg,,Tipo de stockagem,https://driveimg1.intermarche.com/pt/Content/images/boitmal/produit/zoom/CE44DDFA8734C0276A1512F05FB6C21A.jpg,,,,2024-12-18T23:59:59.999999999Z,PROSPECTUS,9,4,,,,
15336,3435630210012,250.0,JR,"Massa Filo, 250g",,2.85,11.4,0,kg,€/Kg,,,https://driveimg1.intermarche.com/pt/Content/images/boitmal/produit/zoom/AE79202175ACC7495AE62CF1CD07BF26.jpg,,,,2024-12-18T23:59:59.999999999Z,PROSPECTUS,9,4,,,,
15808,5000116110001,300.0,Iglo,"Lasanha bolonhesa, embalagem de 300g",,2.99,9.97,0,kg,€/Kg,,Tipo de stockagem,https://driveimg1.intermarche.com/pt/Content/images/boitmal/produit/zoom/B971AF0ED57E873A7BEC36E18F85743D.jpg,,,,2024-12-18T23:59:59.999999999Z,PROSPECTUS,9,4,,,,
18139,8712100323140,650.0,Olá,"Gelado viennetta morango, embalagem de 650 ml",,2.59,3.98,650,L,€/L,,Tipo de stockagem,https://driveimg1.intermarche.com/pt/Content/images/boitmal/produit/zoom/9EB148C60436516116DB2774342E6EF0.jpg,,,,2024-12-18T23:59:59.999999999Z,PROSPECTUS,9,4,,,,
19585,8435257033822,720.0,Longa vida,"Iogurte magro natural, embalagem de 6 x 120g",,2.29,3.18,0,kg,€/Kg,,,https://driveimg1.intermarche.com/pt/Content/images/boitmal/produit/zoom/0343709B1D70140B7336A86F6CAA12F8.jpg,,,,2024-12-18T23:59:59.999999999Z,PROSPECTUS,9,4,,,,
2457,7613031213849,340.0,Purina Gourmet,Comida húmida para gato delícias do oceano,Embalagem de 340 g,2.34,6.88,0,kg,€/Kg,,,https://driveimg1.intermarche.com/pt/Content/images/boitmal/produit/zoom/434167A16368A96CB5D1945EBB02F8CB.jpg,,,,2024-12-18T23:59:59.999999999Z,PROSPECTUS,9,4,,,,
2473,7613032404154,250.0,Cerelac,"1ª papa láctea multifrutos sem glúten +4 meses, embalagem de 250g",,3.74,14.96,0,kg,€/Kg,,,https://driveimg1.intermarche.com/pt/Content/images/boitmal/produit/zoom/15CA403429D220415417A36F0419C1CA.jpg,,,,2024-12-18T23:59:59.999999999Z,PROSPECTUS,9,4,,,,
24810,8714100289983,440.0,Magnum,"Gelado pint amêndoas, embalagem de 440 ml",,3.69,8.39,440,L,€/L,,Tipo de stockagem,https://driveimg1.intermarche.com/pt/Content/images/boitmal/produit/zoom/3A13A62312A4E6B689883F50A6265AFD.jpg,https://driveimg1.intermarche.com/pt/Content/images/boitmal/produit/zoom/CAF47DA081A9FA3D88EC863A18BD3DDE.jpg,https://driveimg1.intermarche.com/pt/Content/images/boitmal/produit/zoom/CAF47DA081A9FA3D88EC863A18BD3DDE.jpg,,2024-12-18T23:59:59.999999999Z,PROSPECTUS,9,4,,,,
2524,7613033865435,400.0,Cerelac,Leite e cereais bolacha maria +6 meses,Garrafa de 400 ml,2.24,5.6,400,L,€/L,,,https://driveimg1.intermarche.com/pt/Content/images/boitmal/produit/zoom/174B9CF061F6CE8751E518CE7B06402B.jpg,,,,2024-12-18T23:59:59.999999999Z,PROSPECTUS,9,4,,,,
25386,5602527034244,170.0,Saloio,"Requeijão cabra, 170 g",,1.89,11.12,0,kg,€/Kg,,,https://driveimg1.intermarche.com/pt/Content/images/boitmal/produit/zoom/A40E458EED300740C12E6C375662439B.jpg,,,,2024-12-18T23:59:59.999999999Z,PROSPECTUS,9,4,,,,
26414,5000116110919,1042.0,Capitão Iglo,"50 nuggets de frango, embalagem de 1042g",,12.99,12.47,0,kg,€/Kg,,Tipo de stockagem,https://driveimg1.intermarche.com/pt/Content/images/boitmal/produit/zoom/D97E3080A57234D7462734347713E694.jpg,,,,2024-12-18T23:59:59.999999999Z,PROSPECTUS,9,4,,,,
2777,8410168399823,3000.0,Friskies,Ração para cão júnior vitafit com frango e leite,Embalagem de 3 kg,9.74,3.25,0,kg,€/Kg,,,https://driveimg1.intermarche.com/pt/Content/images/boitmal/produit/zoom/8FB72E4F81A6A85337B0A193B644C666.jpg,,,,2024-12-18T23:59:59.999999999Z,PROSPECTUS,9,4,,,,
30713,8714100637562,330.0,Magnum,"Magnum mini intense dark 70%, embalagem de 6 x 55 ml",,3.99,12.09,330,L,€/L,,Tipo de stockagem,https://driveimg1.intermarche.com/pt/Content/images/boitmal/produit/zoom/B6FEDC1DE92C93F96A9F10C84FBE1B5A.jpg,https://driveimg1.intermarche.com/pt/Content/images/boitmal/produit/zoom/D57F829433EB7CA6987F1C9E83A03E1B.jpg,https://driveimg1.intermarche.com/pt/Content/images/boitmal/produit/zoom/D57F829433EB7CA6987F1C9E83A03E1B.jpg,https://driveimg1.intermarche.com/pt/Content/images/boitmal/produit/zoom/D57F829433EB7CA6987F1C9E83A03E1B.jpg,2024-12-18T23:59:59.999999999Z,PROSPECTUS,9,4,,,,
33118,5601066200592,500.0,Nacional,"Farinha de espelta integral, 500g",,1.49,2.98,0,kg,€/Kg,,,https://driveimg1.intermarche.com/pt/Content/images/boitmal/produit/zoom/BD820060C71D6DCBA3D46A1963F0F79E.jpg,,,,2024-12-18T23:59:59.999999999Z,PROSPECTUS,9,4,,,,
433,8722700086703,80.0,Knorr,"Caldo para arroz 8 cubos, embalagem de 80g",,1.49,18.63,0,kg,€/Kg,,,https://driveimg1.intermarche.com/pt/Content/images/boitmal/produit/zoom/86EF0F3A35369BBBB925F997B7F539F0.jpg,,,,2024-12-18T23:59:59.999999999Z,PROSPECTUS,9,4,,,,
43752,5411188124726,1000.0,Alpro,"Bebida aveia e amêndoa, embalagem de 1litro",,1.99,1.99,1000,L,€/L,,,https://driveimg1.intermarche.com/pt/Content/images/boitmal/produit/zoom/4D3B3168980895BAB7C9074AC463F381.jpg,,,,2024-12-18T23:59:59.999999999Z,PROSPECTUS,9,4,,,,
44318,2893254000000,2000.0,Peixaria,Tamboril,Vendido ao peso,21.98,10.99,0,,€/Kg,,,https://driveimg1.intermarche.com/pt/Content/images/boitmal/produit/zoom/77173D6CED5B473CB531C7C582BA4FA4.jpg,,,,2024-12-18T23:59:59.999999999Z,PROSPECTUS,9,4,,,,
44651,7622201410483,160.0,Oreo,"Bolachas golden mini, embalagem de 160g",,1.84,11.5,0,kg,€/Kg,,,https://driveimg1.intermarche.com/pt/Content/images/boitmal/produit/zoom/8EE72F4B8C31524152803DCB15134537.jpg,,,,2024-12-18T23:59:59.999999999Z,PROSPECTUS,9,4,,,,
46665,5601172231466,20.0,Blédina,"Snack flores lentilhas e milho, 20g",,0.99,49.5,0,kg,€/Kg,,,https://driveimg1.intermarche.com/pt/Content/images/boitmal/produit/zoom/6DA9AF2447425E532A15FA2540216D94.jpg,,,,2024-12-18T23:59:59.999999999Z,PROSPECTUS,9,4,,,,
46670,5601050037227,620.0,Danone,"Iogurte Líquido Activia Aveia & Linhaça, 4x155g",,1.99,3.21,0,kg,€/Kg,,,https://driveimg1.intermarche.com/pt/Content/images/boitmal/produit/zoom/4D8BE19F5E55132CE3BDC6C6840F7986.jpg,,,,2024-12-18T23:59:59.999999999Z,PROSPECTUS,9,4,,,,
46886,8006540286999,,Dodot,Fraldas Activity Extra T6 |+14 kg,44 Unidades,14.99,14.99,0,,€/Unidade,,,https://driveimg1.intermarche.com/pt/Content/images/boitmal/produit/zoom/2D0CA062C4FE6F575DB7E6378E708727.jpg,,,,2024-12-18T23:59:59.999999999Z,PROSPECTUS,9,4,,,,
49385,4001724038993,355.0,Dr. Oetker,"Pizza tonno, embalagem de 355g",,3.69,10.39,0,kg,€/Kg,,Tipo de stockagem,https://driveimg1.intermarche.com/pt/Content/images/boitmal/produit/zoom/AA935000CC5AD3F3C6CA22F86EC4B1A8.jpg,,,,2024-12-18T23:59:59.999999999Z,PROSPECTUS,9,4,,,,
