identifier,produitEan13,capacite,marque,libelle,conditionnement,prix,unitPrice,volume,typeProduit_uniteByCode,unit_value,pictogrammes_0,pictogrammes_libelleCategorie,images_0,images_1,images_2,avantages_dateFin,avantages_categorie,nro_paginas,page,images_3,images_4,images_5
50389,8445290351401,,Nescafé,"Cápsulas café sical intensidade 7, 30 unidades",,7.49,7.49,30,,€/Unidade,,,https://driveimg1.intermarche.com/pt/Content/images/boitmal/produit/zoom/1FD786A7E143BB9E177424D49D5ABF95.jpg,,,2025-06-04T23:59:59.999999999+01:00,PROSPECTUS,19,1,,,
55279,8445291077553,,Nescafe,"Cápsulas de Café Expresso Buondi Robusto Int 12, 30un.",,7.49,7.49,30,,€/Unidade,,,https://driveimg1.intermarche.com/pt/Content/images/boitmal/produit/zoom/F8F57D86C364D9E969FF28B552F6FCD7.jpg,https://driveimg1.intermarche.com/pt/Content/images/boitmal/produit/zoom/BA300C0F2E6C066F6EC8351CF64B9A07.jpg,https://driveimg1.intermarche.com/pt/Content/images/boitmal/produit/zoom/82206E3E098BB5EC764BCE73CD19C0AE.jpg,2025-06-04T23:59:59.999999999+01:00,PROSPECTUS,19,1,,,
47106,7613287613806,,Nescafé,"Café espresso buondi intenso, 16 cápsulas",,7.49,7.49,30,,€/Unidade,,,https://driveimg1.intermarche.com/pt/Content/images/boitmal/produit/zoom/E40A3E7241DABB11EAC194DA9AD5C029.jpg,,,2025-06-04T23:59:59.999999999+01:00,PROSPECTUS,19,1,,,
48551,7613287300393,,Nescafé,Nescafe portion coffee systems nescafé dolce gusto 186 g,,7.49,7.49,30,,€/Unidade,,,https://driveimg1.intermarche.com/pt/Content/images/boitmal/produit/zoom/E649FC664013B58BF3328022DDE18A28.jpg,,,2025-06-04T23:59:59.999999999+01:00,PROSPECTUS,19,1,,,
13886,2891108000000,1000.0,Frango,Bife de Frango,Vendido ao peso a partir de 1 kg,5.99,5.99,0,,€/Kg,,,https://driveimg1.intermarche.com/pt/Content/images/boitmal/produit/zoom/519BDC237EE2CC43FB5B010D4FF5A15B.jpg,,,2025-06-04T23:59:59.999999999+01:00,PROSPECTUS,19,1,,,
6267,8016825926687,75.0,Aquafresh,Pasta dentífrica menta fresca,Embalagem de 75 ml,1.84,24.53,75,L,€/L,,,https://driveimg1.intermarche.com/pt/Content/images/boitmal/produit/zoom/5AF61545461116CEF40994D7E37A4C54.jpg,,,2025-06-04T23:59:59.999999999+01:00,PROSPECTUS,19,1,,,
29899,2696008000000,,Padaria,Bola Rústica,85 g,0.27,0.27,0,,€/Unidade,,,https://driveimg1.intermarche.com/pt/Content/images/boitmal/produit/zoom/06C705452DA793A390CC49C0690F6BDD.jpg,,,2025-06-04T23:59:59.999999999+01:00,PROSPECTUS,19,1,,,
53469,5601028019941,,Renova,Rolo Cozinha Máxima Absorção Extra XXL,Embalagem de 2 unidades,1.98,1.98,2,,€/Unidade,,,https://driveimg1.intermarche.com/pt/Content/images/boitmal/produit/zoom/F4A90C9D477EA88B96B77E4FB64FF1F5.jpg,,,2025-06-04T23:59:59.999999999+01:00,PROSPECTUS,19,1,,,
12972,2892040000000,200.0,Fruta,Banana,1 un = 200 gr (aprox.),0.2,0.99,0,,€/Kg,,,https://driveimg1.intermarche.com/pt/Content/images/boitmal/produit/zoom/1515327A77B72426B2932390DFBE18E5.jpg,,,2025-06-04T23:59:59.999999999+01:00,PROSPECTUS,19,1,,,
29733,5602182210335,750.0,Monte da Ravasqueira,Vinho regional alentejano sauvignon blanc,Garrafa de 0.75 l,5.24,6.99,750,L,€/L,,,https://driveimg1.intermarche.com/pt/Content/images/boitmal/produit/zoom/B52F90CFDB5CA4C7BE5D2E4FF121E522.jpg,,,2025-06-04T23:59:59.999999999+01:00,PROSPECTUS,19,1,,,
25539,7613035799837,3000.0,Friskies,Ração para gato esterilizado com peru,Embalagem de 3 kg,8.74,2.91,0,kg,€/Kg,,,https://driveimg1.intermarche.com/pt/Content/images/boitmal/produit/zoom/6753096F838736845D00B1BB9E9BE49E.jpg,,,2025-06-04T23:59:59.999999999+01:00,PROSPECTUS,19,1,,,
2466,7613032142599,500.0,Cerelac,Farinha láctea 12 meses,Embalagem de 500g,3.74,7.48,0,kg,€/Kg,,,https://driveimg1.intermarche.com/pt/Content/images/boitmal/produit/zoom/4E708CAF1A60A052407E76B7A92102F7.jpg,,,2025-06-04T23:59:59.999999999+01:00,PROSPECTUS,19,1,,,
17873,8718951037885,500.0,Ajax,"Limpa vidros recarga tripla ação, 500 ml",,1.79,3.58,500,L,€/L,,,https://driveimg1.intermarche.com/pt/Content/images/boitmal/produit/zoom/D0A7A0C399BF07DEEA9FD446034A3D4F.jpg,,,2025-06-04T23:59:59.999999999+01:00,PROSPECTUS,19,1,,,
25883,5449000008763,1500.0,Fanta,"Refrigerante com gás laranja, garrafa de 1,5 l",,0.99,0.66,1500,L,€/L,,,https://driveimg1.intermarche.com/pt/Content/images/boitmal/produit/zoom/FC51AAD13F2C3DD9969EDD9F1221FFFF.jpg,,,2025-06-04T23:59:59.999999999+01:00,PROSPECTUS,19,1,,,
31516,8435257039107,1280.0,Nestlé,"Yoggi liquido morango, embalagem de 8x160g",,3.89,3.04,0,kg,€/Kg,,,https://driveimg1.intermarche.com/pt/Content/images/boitmal/produit/zoom/919C3780A665F064AD1803A3631A5911.jpg,,,2025-06-04T23:59:59.999999999+01:00,PROSPECTUS,19,1,,,
54578,5604260332847,200.0,Labell Men,"Desodorizante Antitranspirante Invisible, 200ml",,1.39,6.95,200,L,€/L,,,https://driveimg1.intermarche.com/pt/Content/images/boitmal/produit/zoom/6089B570557FEDB49C72B5ECFB5CAF3F.jpg,,,2025-06-11T23:59:59.999999999+01:00,PROSPECTUS,19,1,,,
2459,7613031497096,400.0,Nestlé,"Fruta para bebé maçã pera +4 meses, embalagem de 4 x 100g",,2.24,5.6,0,kg,€/Kg,,,https://driveimg1.intermarche.com/pt/Content/images/boitmal/produit/zoom/A3657AC5DA61941E17EE1AD603103EE0.jpg,,,2025-06-04T23:59:59.999999999+01:00,PROSPECTUS,19,1,,,
13561,2893555000000,400.0,Peixaria,Red Fish Congelado,,1.8,4.49,0,,€/Kg,,Avantages !,https://driveimg1.intermarche.com/pt/Content/images/boitmal/produit/zoom/6B51C5A0022242B4A2691EFB27EE24DC.jpg,,,2025-06-04T23:59:59.999999999+01:00,PROSPECTUS,19,1,,,
32408,5601050034967,600.0,Danone,"Danacol aveia, embalagem de 6 x 100g",,2.99,4.98,0,kg,€/Kg,,,https://driveimg1.intermarche.com/pt/Content/images/boitmal/produit/zoom/5CE656F263120C59B9C0953B21D516B7.jpg,,,2025-06-04T23:59:59.999999999+01:00,PROSPECTUS,19,1,,,
2446,5998749110027,1170.0,Pedigree,"Snack para cão dentastix grande, de 1,17 kg",,10.49,8.97,0,kg,€/Kg,,,https://driveimg1.intermarche.com/pt/Content/images/boitmal/produit/zoom/A70AD1A4D7C0D5C84CB7FD7E86CC3710.jpg,,,2025-06-04T23:59:59.999999999+01:00,PROSPECTUS,19,1,,,
13990,2696200000000,,Pastelaria,Folhado de salsichas,1 unidade = 110 g,0.99,0.99,0,,€/Unidade,,,https://driveimg1.intermarche.com/pt/Content/images/boitmal/produit/zoom/4DCF72DC736051BE772FEB48C9B7E455.jpg,,,2025-06-04T23:59:59.999999999+01:00,PROSPECTUS,19,1,,,
12909,2892005000000,250.0,Fruta,Laranja Económica,1 un = 250 gr  (aprox.),0.3,1.19,0,,€/Kg,,,https://driveimg1.intermarche.com/pt/Content/images/boitmal/produit/zoom/67E13FD34B36BCD37E12339EB836171D.jpg,,,2025-06-04T23:59:59.999999999+01:00,PROSPECTUS,19,1,,,
36374,5602154681477,750.0,Castelo de Borba,Vinho branco DOC Região do Alentejo,Garrafa de 0.75 l,2.49,3.32,750,L,€/L,,,https://driveimg1.intermarche.com/pt/Content/images/boitmal/produit/zoom/F7A701495BED810C0FA032ADEE702A0B.jpg,,,2025-06-04T23:59:59.999999999+01:00,PROSPECTUS,19,1,,,
8383,5601049132995,1000.0,Mimosa,"Leite uht meio gordo, embalagem de 1litro",,0.9,0.9,1000,L,€/L,,,https://driveimg1.intermarche.com/pt/Content/images/boitmal/produit/zoom/6FB52C843F677BD37D399D45BB10B38B.jpg,https://driveimg1.intermarche.com/pt/Content/images/boitmal/produit/zoom/AE810093A08CEBD60415DCC626CF5804.jpg,https://driveimg1.intermarche.com/pt/Content/images/boitmal/produit/zoom/A0562293538F541B1B99592AA046327B.jpg,2025-06-04T23:59:59.999999999+01:00,PROSPECTUS,19,1,,,
13781,2892323000000,250.0,Fruta,Uva Red Globe,1 un = 250 gr  (aprox.),0.8,3.19,0,,€/Kg,,,https://driveimg1.intermarche.com/pt/Content/images/boitmal/produit/zoom/0CB9D5C0FE47F5D642EA2D42574AAC35.jpg,,,2025-06-04T23:59:59.999999999+01:00,PROSPECTUS,19,1,,,
13821,2892597000000,200.0,Legumes,Tomate Cacho,1 un = 200 gr (aprox.),0.32,1.59,0,,€/Kg,,,https://driveimg1.intermarche.com/pt/Content/images/boitmal/produit/zoom/FD67F77AFAB450B6A4FA38E0279E6686.jpg,,,2025-06-04T23:59:59.999999999+01:00,PROSPECTUS,19,1,,,
37515,5604260294367,1000.0,PorSi,Arroz agulha Europa,Embalagem de 1 kg,1.25,1.25,0,kg,€/Kg,,,https://driveimg1.intermarche.com/pt/Content/images/boitmal/produit/zoom/3AE7BF941A236F6D331254BF58EBAFEF.jpg,,,2025-06-04T23:59:59.999999999+01:00,PROSPECTUS,19,1,,,
12889,2892175000000,150.0,Fruta,Kiwi categoria II,1 un = 150 gr (aprox.),0.45,2.99,0,,€/Kg,,,https://driveimg1.intermarche.com/pt/Content/images/boitmal/produit/zoom/39D74C337E358C98856B0EB2FC79D7A8.jpg,,,2025-06-04T23:59:59.999999999+01:00,PROSPECTUS,19,1,,,
8384,5601049133992,1000.0,Mimosa,"Leite uht magro, embalagem de 1litro",,0.9,0.9,1000,L,€/L,,,https://driveimg1.intermarche.com/pt/Content/images/boitmal/produit/zoom/128AB814EBA9C0783B386EB2E0A38CC9.jpg,https://driveimg1.intermarche.com/pt/Content/images/boitmal/produit/zoom/8C350978140C257D0AAD7365CD133F0C.jpg,https://driveimg1.intermarche.com/pt/Content/images/boitmal/produit/zoom/B9BED9F397071733FB4D36CBE39ECDBA.jpg,2025-06-04T23:59:59.999999999+01:00,PROSPECTUS,19,1,,,
13893,2891043000000,1000.0,Porco,Entrecosto,Vendido ao peso a partir de 1 kg,4.99,4.99,0,,€/Kg,,,https://driveimg1.intermarche.com/pt/Content/images/boitmal/produit/zoom/AA05EE99D302D59771FCC108473E0700.jpg,,,2025-06-04T23:59:59.999999999+01:00,PROSPECTUS,19,1,,,
13950,2891145000000,100.0,Porco,Salsicha Fresca,1 un = 100 gr (aprox.),0.55,5.49,0,,€/Kg,,,https://driveimg1.intermarche.com/pt/Content/images/boitmal/produit/zoom/2E1CED7EDF010F56C2BF0E6CDF74D52B.jpg,,,2025-06-04T23:59:59.999999999+01:00,PROSPECTUS,19,1,,,
17229,5602125000160,300.0,Legumes,"Cogumelo branco, embalagem de 300g",,1.49,4.97,0,kg,€/Kg,,,https://driveimg1.intermarche.com/pt/Content/images/boitmal/produit/zoom/66BAD1DC458E812967002A5594A14E2C.jpg,,,2025-06-04T23:59:59.999999999+01:00,PROSPECTUS,19,1,,,
8396,5601049614330,250.0,Milhafre,"Manteiga com sal, embalagem de 250g",,2.19,8.76,0,kg,€/Kg,,,https://driveimg1.intermarche.com/pt/Content/images/boitmal/produit/zoom/8DCB9F2F3B36086D35B7173891ABA268.jpg,,,2025-06-04T23:59:59.999999999+01:00,PROSPECTUS,19,1,,,
14947,2891215000000,150.0,Frango,Espetadas,1 un= 150 gr (aprox.),1.12,7.49,0,,€/Kg,,,https://driveimg1.intermarche.com/pt/Content/images/boitmal/produit/zoom/FE13AA549ADEC08AA2FF877D2299FBFE.jpg,,,2025-06-04T23:59:59.999999999+01:00,PROSPECTUS,19,1,,,
15044,2892296000000,150.0,Fruta,Pera Packam,1 un = 150 gr (aprox.),0.25,1.69,0,,€/Kg,,,https://driveimg1.intermarche.com/pt/Content/images/boitmal/produit/zoom/82D4D87CA189AE6CDD0C48DAE6C968FE.jpg,,,2025-06-04T23:59:59.999999999+01:00,PROSPECTUS,19,1,,,
17896,5601082053523,220.0,Delta,Café moagem universal portugal,Embalagem de 220g,3.24,14.73,0,kg,€/Kg,,,https://driveimg1.intermarche.com/pt/Content/images/boitmal/produit/zoom/8DECD8723F3B1FF05BE365D14A112688.jpg,,,2025-06-04T23:59:59.999999999+01:00,PROSPECTUS,19,1,,,
23582,5604260281275,175.0,PorSi,Salada premium Origens,embalagem de 175 g,1.19,6.8,0,kg,€/Kg,,,https://driveimg1.intermarche.com/pt/Content/images/boitmal/produit/zoom/A8F765E7D8A6C281765A51B35764D182.jpg,,,2025-06-04T23:59:59.999999999+01:00,PROSPECTUS,19,1,,,
3526,2894034000000,150.0,Nobre,Fiambre da Perna Extra,1 un = 150 gr (aprox.),2.25,14.99,0,,€/Kg,,,https://driveimg1.intermarche.com/pt/Content/images/boitmal/produit/zoom/C76D05EF052819EDC79567520AD2D260.jpg,,,2025-06-04T23:59:59.999999999+01:00,PROSPECTUS,19,1,,,
41129,5604260303762,200.0,PorSi,"8 salsichas aves, embalagem de 200g",,1.09,5.45,0,kg,€/Kg,,,https://driveimg1.intermarche.com/pt/Content/images/boitmal/produit/zoom/9EA05D92F833661969A8EB1078BF37A5.jpg,,,2025-06-04T23:59:59.999999999+01:00,PROSPECTUS,19,1,,,
43541,5604260309955,2000.0,PorSi,Amaciador concentrado para roupa floral,80 doses,1.85,0.93,2000,L,€/L,,,https://driveimg1.intermarche.com/pt/Content/images/boitmal/produit/zoom/AC8E28B5914FC2CC7805AFF54F6F924A.jpg,,,2025-06-04T23:59:59.999999999+01:00,PROSPECTUS,19,1,,,
43878,2773120000000,400.0,PorSi,"Strogonoff de Frango, embalagem de 400g (aprox.)",,3.4,8.49,0,,€/Kg,,,https://driveimg1.intermarche.com/pt/Content/images/boitmal/produit/zoom/B0564C72162089A88CD1254AA02E059D.jpg,,,2025-06-04T23:59:59.999999999+01:00,PROSPECTUS,19,1,,,
52359,5604260329953,450.0,PorSi,Pão de Forma Sem Côdea,Embalagem de 450g,1.29,2.87,0,kg,€/Kg,,,https://driveimg1.intermarche.com/pt/Content/images/boitmal/produit/zoom/83890B804745E674EA0C04B230391F3E.jpg,,,2025-06-04T23:59:59.999999999+01:00,PROSPECTUS,19,1,,,
8658,5601163101716,3000.0,Luso,"Água sem gás, pack 6 x 0.5 l",,2.59,0.86,3000,L,€/L,,,https://driveimg1.intermarche.com/pt/Content/images/boitmal/produit/zoom/13EA35DE036BB24C52BA46395E39799E.jpg,,,2025-06-04T23:59:59.999999999+01:00,PROSPECTUS,19,1,,,
11950,5603722495106,200.0,Mimosa,"Nata uht light, embalagem de 200 ml",,0.91,4.55,200,L,€/L,,,https://driveimg1.intermarche.com/pt/Content/images/boitmal/produit/zoom/B134F58E2258EB7BCE2AC1B56CF95546.jpg,,,2025-06-04T23:59:59.999999999+01:00,PROSPECTUS,19,1,,,
1287,5601151260753,410.0,Compal,"Grão de bico, lata de 410 ml",,1.09,2.66,410,L,€/L,,,https://driveimg1.intermarche.com/pt/Content/images/boitmal/produit/zoom/731C3C517063722402F07A7D8ECB2B92.jpg,,,2025-06-04T23:59:59.999999999+01:00,PROSPECTUS,19,1,,,
1322,5601163011114,5400.0,Luso,"Água sem gás, garrafa de 5,4 l",,1.77,0.33,5400,L,€/L,,,https://driveimg1.intermarche.com/pt/Content/images/boitmal/produit/zoom/AA9320932FF184911C32006B7463EC74.jpg,,,2025-06-04T23:59:59.999999999+01:00,PROSPECTUS,19,1,,,
13894,2891044000000,1000.0,Porco,Entremeada sem Entrecosto,Vendido ao peso a partir de 1 kg,4.79,4.79,0,,€/Kg,,,https://driveimg1.intermarche.com/pt/Content/images/boitmal/produit/zoom/033DDCE7C7F9A9CD99F0A4BEB2F74462.jpg,,,2025-06-04T23:59:59.999999999+01:00,PROSPECTUS,19,1,,,
1467,5601286236784,500.0,Milaneza,"Massa de espirais, embalagem de 500g",,1.04,2.08,0,kg,€/Kg,,,https://driveimg1.intermarche.com/pt/Content/images/boitmal/produit/zoom/90F3AD9985391E2BB3C76374F1217643.jpg,,,2025-06-04T23:59:59.999999999+01:00,PROSPECTUS,19,1,,,
14726,8711100080060,400.0,Maizena,"Farinha, embalagem de 400g",,1.64,4.1,0,kg,€/Kg,,,https://driveimg1.intermarche.com/pt/Content/images/boitmal/produit/zoom/510CA0D1320DDBD17C988D55861FD3B8.jpg,,,2025-06-04T23:59:59.999999999+01:00,PROSPECTUS,19,1,,,
15922,2892269000000,150.0,Fruta,Nectarina,1 un = 150 gr (aprox.),0.52,3.49,0,,€/Kg,,,https://driveimg1.intermarche.com/pt/Content/images/boitmal/produit/zoom/39E5D4E904BC246491DD0D9A67E98725.jpg,,,2025-06-04T23:59:59.999999999+01:00,PROSPECTUS,19,1,,,
15979,5601119242364,650.0,Nobre,"Salsichas de aves extra suculentas, frasco de 650g",,2.09,3.22,0,kg,€/Kg,,,https://driveimg1.intermarche.com/pt/Content/images/boitmal/produit/zoom/F9B3EEFB29AFDD46B059DC76A73501AE.jpg,,,2025-06-04T23:59:59.999999999+01:00,PROSPECTUS,19,1,,,
16022,5601146703609,5000.0,Sagres,Cerveja Mini,20 x 0.25 l,9.79,1.96,5000,L,€/L,,,https://driveimg1.intermarche.com/pt/Content/images/boitmal/produit/zoom/DB02895A50A259FB6B3AB495851D234D.jpg,,,2025-06-04T23:59:59.999999999+01:00,PROSPECTUS,19,1,,,
16567,5000116110070,750.0,Iglo,"Esparregado de espinafres, embalagem de 750g",,3.49,4.65,0,kg,€/Kg,,Tipo de stockagem,https://driveimg1.intermarche.com/pt/Content/images/boitmal/produit/zoom/F70E4F5A76F097E6E455FB2FF67D9B6F.jpg,,,2025-06-04T23:59:59.999999999+01:00,PROSPECTUS,19,1,,,
2309,5604260271801,2000.0,PorSi,Refrigerante de cola zero,Garrafa de 2 l,0.79,0.4,2000,L,€/L,,,https://driveimg1.intermarche.com/pt/Content/images/boitmal/produit/zoom/B3B2D30749328B98E0A5409203C1AF4C.jpg,,,2025-06-04T23:59:59.999999999+01:00,PROSPECTUS,19,1,,,
23278,5604260281282,250.0,PorSi,Salada toscana Programa Origens,embalagem de 250 g,1.19,4.76,0,kg,€/Kg,,,https://driveimg1.intermarche.com/pt/Content/images/boitmal/produit/zoom/829819BF310BA689C7002E0655E64BF5.jpg,,,2025-06-04T23:59:59.999999999+01:00,PROSPECTUS,19,1,,,
26091,7613036115575,550.0,Nestlé,Cereais estrelitas,Embalagem de 550g,3.49,6.35,0,kg,€/Kg,,,https://driveimg1.intermarche.com/pt/Content/images/boitmal/produit/zoom/90505B63FB20AF187537F3B46DDB9B86.jpg,,,2025-06-04T23:59:59.999999999+01:00,PROSPECTUS,19,1,,,
41300,5601050036596,440.0,Danone,"Iogurte oikos manga papaya, embalagem de 4 x 110g",,1.99,4.52,0,kg,€/Kg,,,https://driveimg1.intermarche.com/pt/Content/images/boitmal/produit/zoom/407B76EA9B8AB5CE288E3F687A8DBF84.jpg,,,2025-06-04T23:59:59.999999999+01:00,PROSPECTUS,19,1,,,
44059,5601363012683,160.0,LayS,"Batata frita lisas originais, embalagem de 160g",,1.29,8.06,0,kg,€/Kg,,,https://driveimg1.intermarche.com/pt/Content/images/boitmal/produit/zoom/D6B617CBD0A985504B50100E928DB47C.jpg,,,2025-06-04T23:59:59.999999999+01:00,PROSPECTUS,19,1,,,
49622,5604260323197,800.0,PorSi,Sopa de Agrião,800 g,2.49,3.11,0,kg,€/Kg,,,https://driveimg1.intermarche.com/pt/Content/images/boitmal/produit/zoom/4085BBAFBD74C088C8D8DFDF12A0C201.jpg,,,2025-06-04T23:59:59.999999999+01:00,PROSPECTUS,19,1,,,
8397,5601050016017,600.0,Danone,"Danacol morango, embalagem de 6 x 100 g",,2.99,4.98,0,kg,€/Kg,,,https://driveimg1.intermarche.com/pt/Content/images/boitmal/produit/zoom/F76543BD64340CC9668C447CAE3F75A1.jpg,,,2025-06-04T23:59:59.999999999+01:00,PROSPECTUS,19,1,,,
10094,8435257040776,640.0,Nestlé,"Iogurte líquido yoggi banana, embalagem de 4 x 160 g",,1.99,3.11,0,kg,€/Kg,,,https://driveimg1.intermarche.com/pt/Content/images/boitmal/produit/zoom/6885FCEF2FEF4752D565E64A3BDEE242.jpg,,,2025-06-04T23:59:59.999999999+01:00,PROSPECTUS,19,1,,,
11503,5601050019100,600.0,Danone,"Danacol frutos exóticos, embalagem de 6 x 100 g",,2.99,4.98,0,kg,€/Kg,,,https://driveimg1.intermarche.com/pt/Content/images/boitmal/produit/zoom/2A16EAD58E7A10ECD338C77C33D25273.jpg,,,2025-06-04T23:59:59.999999999+01:00,PROSPECTUS,19,1,,,
11641,5601180001020,1000.0,Vigor,Leite pasteurizado meio gordo,Garrafa de 1 l,1.0,1.0,1000,L,€/L,,,https://driveimg1.intermarche.com/pt/Content/images/boitmal/produit/zoom/C25BCB5001E1A92DAA543A65EC5B2802.jpg,,,2025-06-04T23:59:59.999999999+01:00,PROSPECTUS,19,1,,,
11687,5601244202158,400.0,Terra Nostra,"Queijo fatias redução de gordura, embalagem de 400g",,4.29,10.73,0,kg,€/Kg,,,https://driveimg1.intermarche.com/pt/Content/images/boitmal/produit/zoom/1F91460A767DF4AF90E45E918A360294.jpg,,,2025-06-04T23:59:59.999999999+01:00,PROSPECTUS,19,1,,,
11961,5603722505607,1000.0,Mimosa,"Leite sem lactose meio gordo, de 1l",,1.15,1.15,1000,L,€/L,,,https://driveimg1.intermarche.com/pt/Content/images/boitmal/produit/zoom/A98ED8A0E5E675A3AC1A551BCE75B0AB.jpg,https://driveimg1.intermarche.com/pt/Content/images/boitmal/produit/zoom/4E57BFE09E8D859BDBE1705476BB9F1B.jpg,https://driveimg1.intermarche.com/pt/Content/images/boitmal/produit/zoom/E1F70144AAFCC0EAEBFF05614177D009.jpg,2025-06-04T23:59:59.999999999+01:00,PROSPECTUS,19,1,,,
1226,5601146001507,1500.0,Joi,"Refrigerante sem gás de manga/laranja, garrafa de 1,5 l",,1.29,0.86,1500,L,€/L,,,https://driveimg1.intermarche.com/pt/Content/images/boitmal/produit/zoom/DB9CD865FA14B43795929B354A61BA32.jpg,,,2025-06-04T23:59:59.999999999+01:00,PROSPECTUS,19,1,,,
1228,5601146230518,1500.0,Joi,"Refrigerante sem gás, laranja, garrafa de 1,5 l",,1.29,0.86,1500,L,€/L,,,https://driveimg1.intermarche.com/pt/Content/images/boitmal/produit/zoom/9CFD5D319CF23E8EEE61B6DFE693387D.jpg,,,2025-06-04T23:59:59.999999999+01:00,PROSPECTUS,19,1,,,
13603,2893598000000,250.0,Peixaria,Sardinha Pequena Congelada,1 un= 250 gr (aprox.),0.75,2.99,0,,€/Kg,,Avantages !,https://driveimg1.intermarche.com/pt/Content/images/boitmal/produit/zoom/3CA0FC96B889D2EC96F915EEAEB30E47.jpg,,,2025-06-04T23:59:59.999999999+01:00,PROSPECTUS,19,1,,,
13817,2892582000000,250.0,Legumes,Pimento Verde,1 un = 250 gr  (aprox.),0.62,2.49,0,,€/Kg,,,https://driveimg1.intermarche.com/pt/Content/images/boitmal/produit/zoom/65E0131049B6BD4E669549F70B795EC0.jpg,,,2025-06-04T23:59:59.999999999+01:00,PROSPECTUS,19,1,,,
13915,2891249000000,2000.0,Peru,Perna com Osso,Vendido ao peso,8.78,4.39,0,,€/Kg,,,https://driveimg1.intermarche.com/pt/Content/images/boitmal/produit/zoom/EA6C55F440DB29FDE55EB019973B1FE5.jpg,,,2025-06-04T23:59:59.999999999+01:00,PROSPECTUS,19,1,,,
1437,5601260046101,1000.0,Saludães,Arroz Carolino,Embalagem de 1 kg,1.39,1.39,0,kg,€/Kg,,,https://driveimg1.intermarche.com/pt/Content/images/boitmal/produit/zoom/844734F94E64C7EE2E76F0FC068B9A4B.jpg,,,2025-06-04T23:59:59.999999999+01:00,PROSPECTUS,19,1,,,
15980,5601119244368,210.0,Nobre,"Salsichas extra suculentas de peru, frasco de 210g",,2.39,11.38,0,kg,€/Kg,,,https://driveimg1.intermarche.com/pt/Content/images/boitmal/produit/zoom/CFAE20131139C70D365FB7E596D49C5A.jpg,,,2025-06-04T23:59:59.999999999+01:00,PROSPECTUS,19,1,,,
1684,5602711107495,500.0,Rar,"Açúcar mascavado claro, embalagem de 500g",,1.69,3.38,0,kg,€/Kg,,,https://driveimg1.intermarche.com/pt/Content/images/boitmal/produit/zoom/399202B3EC363C102FC9F508496AC3C9.jpg,,,2025-06-04T23:59:59.999999999+01:00,PROSPECTUS,19,1,,,
18489,5600744051020,198.0,Saborosa,"Bolacha de manteiga belga com chocolate, embalagem de 200g",,1.64,8.28,0,kg,€/Kg,,,https://driveimg1.intermarche.com/pt/Content/images/boitmal/produit/zoom/96C31A82D017146C1ADBA7AC747D4690.jpg,,,2025-06-04T23:59:59.999999999+01:00,PROSPECTUS,19,1,,,
18770,5449000138026,1500.0,Fanta,"Refrigerante com gás de laranja zero, garrafa de 1,5 l",,0.99,0.66,1500,L,€/L,,,https://driveimg1.intermarche.com/pt/Content/images/boitmal/produit/zoom/DE34E5B994CDF7FCC42CE983A86D82DE.jpg,,,2025-06-04T23:59:59.999999999+01:00,PROSPECTUS,19,1,,,
20213,5604260312528,500.0,PorSi,"Spray vitrocerâmica/indução, 500 ml",,1.99,3.98,500,L,€/L,,,https://driveimg1.intermarche.com/pt/Content/images/boitmal/produit/zoom/CB94877C29C8EC4564A57A89947A674D.jpg,,,2025-06-04T23:59:59.999999999+01:00,PROSPECTUS,19,1,,,
22164,5601260254056,500.0,Saludães,"Arroz doce especial, embalagem de 500g",,0.83,1.66,0,kg,€/Kg,,,https://driveimg1.intermarche.com/pt/Content/images/boitmal/produit/zoom/C73C7DA612DE17339FC2172D24F6B83B.jpg,,,2025-06-04T23:59:59.999999999+01:00,PROSPECTUS,19,1,,,
2308,5604260271795,2000.0,PorSi,Refrigerante com gás cola,Garrafa de 2 l,1.35,0.68,2000,L,€/L,,,https://driveimg1.intermarche.com/pt/Content/images/boitmal/produit/zoom/FAE084877CD5F49373EA9981F15AE891.jpg,,,2025-06-04T23:59:59.999999999+01:00,PROSPECTUS,19,1,,,
2588,7622300270469,150.0,Milka,"Bolachas de chocolate leite, embalagem de 150g",,2.24,14.93,0,kg,€/Kg,,,https://driveimg1.intermarche.com/pt/Content/images/boitmal/produit/zoom/D3835F95E7726A33CA160A344F067F5A.jpg,,,2025-06-04T23:59:59.999999999+01:00,PROSPECTUS,19,1,,,
27816,5601050034172,500.0,Danone,"Sobremesa danette chocolate, embalagem de 4 x 125g",,1.97,3.94,0,kg,€/Kg,,,https://driveimg1.intermarche.com/pt/Content/images/boitmal/produit/zoom/270794F61E693F9DF4745375FEF2C1D6.jpg,,,2025-06-04T23:59:59.999999999+01:00,PROSPECTUS,19,1,,,
32402,4005900542557,50.0,Nivea,"Desodorizante roll on black & white invisible silky smooth, 50 ml",,3.14,62.8,50,L,€/L,,,https://driveimg1.intermarche.com/pt/Content/images/boitmal/produit/zoom/38BC337DF80EFF7BB0EAAC1C90FD7BD0.jpg,,,2025-06-11T23:59:59.999999999+01:00,PROSPECTUS,19,1,,,
35431,2892038000000,500.0,Fruta,Maçã golden perlim categoria: II,Vendido ao peso a partir de 500 g,1.15,2.29,0,,€/Kg,,,https://driveimg1.intermarche.com/pt/Content/images/boitmal/produit/zoom/A5A43AE6B7B78DC5AE3DA67096CDA0C6.jpg,,,2025-06-04T23:59:59.999999999+01:00,PROSPECTUS,19,1,,,
41298,5601050036541,440.0,Danone,"Iogurte oikos natural,  4 x 110g",,2.49,5.66,0,kg,€/Kg,,,https://driveimg1.intermarche.com/pt/Content/images/boitmal/produit/zoom/100CC1C1966D7A85865BF44E424F358B.jpg,,,2025-06-04T23:59:59.999999999+01:00,PROSPECTUS,19,1,,,
43543,5604260309931,2000.0,PorSi,Amaciador concentrado para roupa alfazema,80 doses,1.85,0.93,2000,L,€/L,,,https://driveimg1.intermarche.com/pt/Content/images/boitmal/produit/zoom/07069CB8BFCFAE27D60047F2A269715A.jpg,,,2025-06-04T23:59:59.999999999+01:00,PROSPECTUS,19,1,,,
438,8722700140139,20.0,Lipton,"20 saquetas infusão de cidreira, embalagem de 20g",,1.49,74.5,0,kg,€/Kg,,,https://driveimg1.intermarche.com/pt/Content/images/boitmal/produit/zoom/75772B648D442A3C0BB5D4E8A4601B76.jpg,,,2025-06-04T23:59:59.999999999+01:00,PROSPECTUS,19,1,,,
45431,5601050036893,300.0,Danone,"Yopro líquido manga, embalagem de 300g",,1.99,6.63,0,kg,€/Kg,,,https://driveimg1.intermarche.com/pt/Content/images/boitmal/produit/zoom/1E004FD89D8A20EC3FC964ADAE11A7AF.jpg,,,2025-06-04T23:59:59.999999999+01:00,PROSPECTUS,19,1,,,
460,9012200872739,300.0,Milka,Tablete de chocolate bolacha,Embalagem de 300g,4.49,14.97,0,kg,€/Kg,,,https://driveimg1.intermarche.com/pt/Content/images/boitmal/produit/zoom/B079F510F365FFBB8A7DC0C6F117560B.jpg,,,2025-06-04T23:59:59.999999999+01:00,PROSPECTUS,19,1,,,
48138,5604260323302,2000.0,PorSi,"Amaciador concentrado spa, 80 doses",,1.85,0.93,2000,L,€/L,,,https://driveimg1.intermarche.com/pt/Content/images/boitmal/produit/zoom/B55A72265AD19CED3CBED903155DF619.jpg,,,2025-06-04T23:59:59.999999999+01:00,PROSPECTUS,19,1,,,
48257,2892120000000,150.0,Fruta,Maçã Evelina Perlim,Categoria: II,0.34,2.29,0,,€/Kg,,,https://driveimg1.intermarche.com/pt/Content/images/boitmal/produit/zoom/3BDBEF60CE1A61E8725F4EC5D0B0E2FB.jpg,,,2025-06-04T23:59:59.999999999+01:00,PROSPECTUS,19,1,,,
48426,4005900845702,50.0,Nivea Men,"Desodorizante roll on cool kick, 50 ml",,2.69,53.8,50,L,€/L,,,https://driveimg1.intermarche.com/pt/Content/images/boitmal/produit/zoom/9A906FA410C547B80F0C3BC1C3C86CB6.jpg,,,2025-06-11T23:59:59.999999999+01:00,PROSPECTUS,19,1,,,
49463,8445290250322,600.0,Nestum,Flocos Cereais Mel,Embalagem de 600g,3.79,6.32,0,kg,€/Kg,,,https://driveimg1.intermarche.com/pt/Content/images/boitmal/produit/zoom/4A0A62606AC144021ED115E1FAB3D0CE.jpg,,,2025-06-04T23:59:59.999999999+01:00,PROSPECTUS,19,1,,,
4971,5601001326103,20.0,Nescafé,"Café solúvel sem cafeína, embalagem de 20g",,1.59,79.5,0,kg,€/Kg,,,https://driveimg1.intermarche.com/pt/Content/images/boitmal/produit/zoom/7C3CF703560FB162B91026CC9561DB3E.jpg,,,2025-06-04T23:59:59.999999999+01:00,PROSPECTUS,19,1,,,
50033,5601050037593,300.0,Yopro,"Iogurte liquido pêssego maragujá, 300g",,1.99,6.63,0,kg,€/Kg,,,https://driveimg1.intermarche.com/pt/Content/images/boitmal/produit/zoom/FBD4E9C7CBF6F8731249673D25B3B2EC.jpg,,,2025-06-04T23:59:59.999999999+01:00,PROSPECTUS,19,1,,,
511,3046920028363,100.0,Lindt,"Tablete de chocolate excellence, 85% cacau, embalagem de 100g",,3.74,37.4,0,kg,€/Kg,,,https://driveimg1.intermarche.com/pt/Content/images/boitmal/produit/zoom/05B4E950A6290D86B9B96B210C726A38.jpg,,,2025-06-04T23:59:59.999999999+01:00,PROSPECTUS,19,1,,,
51913,3073781193190,250.0,A Vaca Que Ri,"Queijo fundido light, 250g",,2.95,11.8,0,kg,€/Kg,,,https://driveimg1.intermarche.com/pt/Content/images/boitmal/produit/zoom/E15DBF8C50BC3B8710D45A825CD776C9.jpg,,,2025-06-04T23:59:59.999999999+01:00,PROSPECTUS,19,1,,,
52603,5604260328628,120.0,PorSi,"6 salsichas tipo frankfurt, 120 g",,0.79,6.58,0,kg,€/Kg,,,https://driveimg1.intermarche.com/pt/Content/images/boitmal/produit/zoom/811C87520E2C93C5E045A2F997D09B94.jpg,,,2025-06-04T23:59:59.999999999+01:00,PROSPECTUS,19,1,,,
54346,8435495843733,,Gama,"Detergente Roupa Máquina Líquido Cuidado Diário, 80D",,6.99,6.99,0,,€/Unidade,,,https://driveimg1.intermarche.com/pt/Content/images/boitmal/produit/zoom/E5D9177D92E6E9DF5147C07C4D5C380F.jpg,,,2025-06-04T23:59:59.999999999+01:00,PROSPECTUS,19,1,,,
54524,8720181510038,1000.0,Vaseline,"Gel de Banho Derma Care, 1L",,3.94,3.94,1000,L,€/L,,,https://driveimg1.intermarche.com/pt/Content/images/boitmal/produit/zoom/A5C816DAC9EF50E8B6CE349A163065C8.jpg,,,2025-06-11T23:59:59.999999999+01:00,PROSPECTUS,19,1,,,
54606,8720181466359,720.0,Dove,"Gel de banho hydrate, 720ml",,4.79,6.65,720,L,€/L,,,https://driveimg1.intermarche.com/pt/Content/images/boitmal/produit/zoom/73576AE98695DDB42CEBA03FBEBB469E.jpg,,,2025-06-11T23:59:59.999999999+01:00,PROSPECTUS,19,1,,,
54908,8720181468452,720.0,Dove,"Gel De Banho Silky Velvet, 720ml",,4.79,6.65,720,L,€/L,,,https://driveimg1.intermarche.com/pt/Content/images/boitmal/produit/zoom/B4B8973AC1CFAE2318D36A45878739E2.jpg,,,2025-06-11T23:59:59.999999999+01:00,PROSPECTUS,19,1,,,
55264,8445291133273,200.0,Buondi,"Café Moído Torrado Moagem Universal Original Int 9, 200g",,3.89,19.45,0,kg,€/Kg,,,https://driveimg1.intermarche.com/pt/Content/images/boitmal/produit/zoom/12B7362029AD0E17CC16AA453025E6E9.jpg,,,2025-06-04T23:59:59.999999999+01:00,PROSPECTUS,19,2,,,
8657,5601163081711,1980.0,Luso,"Água sem gás, pack 6 x 0.33 l",,2.35,1.19,1980,L,€/L,,,https://driveimg1.intermarche.com/pt/Content/images/boitmal/produit/zoom/443B50B4BA27541FFD3067F816F7D24A.jpg,,,2025-06-04T23:59:59.999999999+01:00,PROSPECTUS,19,2,,,
8894,5601331001022,60.0,Couto,Pasta dentífrica,Embalagem de 60 ml,2.99,49.83,60,L,€/L,,,https://driveimg1.intermarche.com/pt/Content/images/boitmal/produit/zoom/F585238FA7306633A5A536FE4A13386A.jpg,,,2025-06-11T23:59:59.999999999+01:00,PROSPECTUS,19,2,,,
9315,5603722509544,1000.0,Mimosa,"Leite 0% lactose magro, de 1l",,1.15,1.15,1000,L,€/L,,,https://driveimg1.intermarche.com/pt/Content/images/boitmal/produit/zoom/0350D0DE44A653A9AB01722B06443E94.jpg,https://driveimg1.intermarche.com/pt/Content/images/boitmal/produit/zoom/DC5219EC1E15E09529E323B7D196FADA.jpg,https://driveimg1.intermarche.com/pt/Content/images/boitmal/produit/zoom/DC48BFFA4281D8016E9FB40168ED4485.jpg,2025-06-04T23:59:59.999999999+01:00,PROSPECTUS,19,2,,,
9723,5604260272525,500.0,PorSi,"Iogurte aroma de banana,  4x125g",,0.8,1.6,0,kg,€/Kg,,,https://driveimg1.intermarche.com/pt/Content/images/boitmal/produit/zoom/D2059B4E5A418F64743F693F4C251D07.jpg,,,2025-06-04T23:59:59.999999999+01:00,PROSPECTUS,19,2,,,
9724,5604260272532,500.0,PorSi,"Iogurte sabor a morango,  4 x 125 g",,0.8,1.6,0,kg,€/Kg,,,https://driveimg1.intermarche.com/pt/Content/images/boitmal/produit/zoom/912FA37FF8F13435726C70A7B4577F9A.jpg,,,2025-06-04T23:59:59.999999999+01:00,PROSPECTUS,19,2,,,
991,5601029004090,120.0,Bom Petisco,"Atum posta em azeite, embalagem de 120g",,2.19,18.25,0,kg,€/Kg,,,https://driveimg1.intermarche.com/pt/Content/images/boitmal/produit/zoom/7303762D9C0618FC9C75C481CF52C5DB.jpg,,,2025-06-04T23:59:59.999999999+01:00,PROSPECTUS,19,2,,,
1009,5601038300077,80.0,Knorr,"Caldo de galinha 8 cubos, embalagem de 80g",,1.49,18.63,0,kg,€/Kg,,,https://driveimg1.intermarche.com/pt/Content/images/boitmal/produit/zoom/CFDBB6C1885F48FB7941F504CD886192.jpg,,,2025-06-04T23:59:59.999999999+01:00,PROSPECTUS,19,2,,,
10095,8435257040899,640.0,Nestlé,"Iogurte líquido yoggi morango, embalagem de 4 x 160g",,1.99,3.11,0,kg,€/Kg,,,https://driveimg1.intermarche.com/pt/Content/images/boitmal/produit/zoom/BCBB1C4518CDF8045B46EB41CD173E54.jpg,,,2025-06-04T23:59:59.999999999+01:00,PROSPECTUS,19,2,,,
10702,8714789925349,75.0,Colgate,"Pasta dentífrica máxima proteção, fresca, embalagem de 75 ml",,1.99,26.53,75,L,€/L,,,https://driveimg1.intermarche.com/pt/Content/images/boitmal/produit/zoom/25ADA59A95A3FDAF86D88BFBC2F69BCB.jpg,,,2025-06-11T23:59:59.999999999+01:00,PROSPECTUS,19,2,,,
11297,5000127524026,300.0,Kellogg's,"Cereais special k, frutos vermelhos",Embalagem de 300g,2.99,9.97,0,kg,€/Kg,,,https://driveimg1.intermarche.com/pt/Content/images/boitmal/produit/zoom/CB255FE180D4EB8D64E75856EC06E921.jpg,,,2025-06-04T23:59:59.999999999+01:00,PROSPECTUS,19,2,,,
11496,5601049213991,200.0,Mimosa,"Nata uht, embalagem de 200 ml",,0.91,4.55,200,L,€/L,,,https://driveimg1.intermarche.com/pt/Content/images/boitmal/produit/zoom/8FC5ABCE23EB48F851FFE29C53BFA5D9.jpg,,,2025-06-04T23:59:59.999999999+01:00,PROSPECTUS,19,2,,,
11586,5601151540831,600.0,Compal,"Néctar ananás, pack 3 x 200 ml",,1.35,2.25,600,L,€/L,,,https://driveimg1.intermarche.com/pt/Content/images/boitmal/produit/zoom/3FACB43E7A9E03C7ABECF62B790A7085.jpg,,,2025-06-04T23:59:59.999999999+01:00,PROSPECTUS,19,2,,,
11587,5601151540879,600.0,Compal,"Néctar de alperce, tetra, pack 3 x 200 ml",,1.35,2.25,600,L,€/L,,,https://driveimg1.intermarche.com/pt/Content/images/boitmal/produit/zoom/9EAE317162BBF2A8DB55C55984DA9444.jpg,,,2025-06-04T23:59:59.999999999+01:00,PROSPECTUS,19,2,,,
11588,5601151540909,600.0,Compal,"Néctar pêssego, pack 3 x 200 ml",,1.35,2.25,600,L,€/L,,,https://driveimg1.intermarche.com/pt/Content/images/boitmal/produit/zoom/AF3FB6DEEC4349ABAE7189D1F661A578.jpg,,,2025-06-04T23:59:59.999999999+01:00,PROSPECTUS,19,2,,,
11640,5601180000993,1000.0,Vigor,"Leite pasteurizado gordo, de 1l",,1.08,1.08,1000,L,€/L,,,https://driveimg1.intermarche.com/pt/Content/images/boitmal/produit/zoom/12B86C68D7331166E668398B8E667665.jpg,,,2025-06-04T23:59:59.999999999+01:00,PROSPECTUS,19,2,,,
12468,8435250439584,256.0,Nestlé,"Iogurte mix in smarties morango, embalagem de 2 x 128 g",,2.09,8.16,0,kg,€/Kg,,,https://driveimg1.intermarche.com/pt/Content/images/boitmal/produit/zoom/546EB338CC6149CC0CDDECE6E5ABF48D.jpg,,,2025-06-04T23:59:59.999999999+01:00,PROSPECTUS,19,2,,,
12718,5604260297023,230.0,PorSi,Massa Folhada Margarina,Embalagem de 230 g,0.99,4.3,0,kg,€/Kg,,,https://driveimg1.intermarche.com/pt/Content/images/boitmal/produit/zoom/6C1FA409E5C8134DE9FAB02BCA4DC1FA.jpg,,,2025-06-04T23:59:59.999999999+01:00,PROSPECTUS,19,2,,,
12723,5604260297030,230.0,PorSi,Massa Quebrada Margarina,Embalagem de 230 g,0.99,4.3,0,kg,€/Kg,,,https://driveimg1.intermarche.com/pt/Content/images/boitmal/produit/zoom/59441B0A1A3AA87C68C2FF2729BD7609.jpg,,,2025-06-04T23:59:59.999999999+01:00,PROSPECTUS,19,2,,,
1274,5601151070758,410.0,Compal,"Feijão manteiga, lata de 410 ml",,1.09,2.66,410,L,€/L,,,https://driveimg1.intermarche.com/pt/Content/images/boitmal/produit/zoom/F168BC675838A1B24B473123F714EAB2.jpg,,,2025-06-04T23:59:59.999999999+01:00,PROSPECTUS,19,2,,,
12892,2892508000000,400.0,Legumes,Beringela,1 un=400 gr (aprox.),0.76,1.89,0,,€/Kg,,,https://driveimg1.intermarche.com/pt/Content/images/boitmal/produit/zoom/5B7B3A896213DE67893050A67A6D9D9B.jpg,,,2025-06-04T23:59:59.999999999+01:00,PROSPECTUS,19,2,,,
1301,5601151660751,410.0,Compal,"Feijão encarnado, lata de 410ml",,1.09,2.66,410,L,€/L,,,https://driveimg1.intermarche.com/pt/Content/images/boitmal/produit/zoom/8777874F846E4C62B1CDEE04A734A2E1.jpg,,,2025-06-04T23:59:59.999999999+01:00,PROSPECTUS,19,2,,,
13126,2893105000000,600.0,Peixaria,Dourada de Viveiro,de 600 a 800g,4.49,7.49,0,,€/Kg,,,https://driveimg1.intermarche.com/pt/Content/images/boitmal/produit/zoom/6E8A33BF89ACC347EAD33BE9A6FF5B5C.jpg,,,2025-06-04T23:59:59.999999999+01:00,PROSPECTUS,19,2,,,
1325,5601163120816,750.0,Luso,"Água sem gás, garrafa de 0,75 l",,0.68,0.91,750,L,€/L,,,https://driveimg1.intermarche.com/pt/Content/images/boitmal/produit/zoom/AA1A6E591B93610CCB3C24631D9E85B8.jpg,,,2025-06-04T23:59:59.999999999+01:00,PROSPECTUS,19,2,,,
13302,2893290000000,1000.0,Peixaria,Dentão,1 un= 1 kg (aprox.),6.99,6.99,0,,€/Kg,,,https://driveimg1.intermarche.com/pt/Content/images/boitmal/produit/zoom/9E7454AE2E2A021D24A270393DD78CE6.jpg,,,2025-06-04T23:59:59.999999999+01:00,PROSPECTUS,19,2,,,
13529,2893521000000,1000.0,Peixaria,Pescada do Chile Congelada Nº3,1 un= 1 kg (aprox.),8.99,8.99,0,,€/Kg,,Avantages !,https://driveimg1.intermarche.com/pt/Content/images/boitmal/produit/zoom/40D57D35BBDBDF72027C959F41A6E90C.jpg,,,2025-06-04T23:59:59.999999999+01:00,PROSPECTUS,19,2,,,
13852,2891020000000,100.0,Novilho,Fígado,1 un = 100 gr (aprox.),0.6,5.99,0,,€/Kg,,,https://driveimg1.intermarche.com/pt/Content/images/boitmal/produit/zoom/7F21D014BF856223502CE366D77F0F5C.jpg,,,2025-06-04T23:59:59.999999999+01:00,PROSPECTUS,19,2,,,
13866,2891048000000,1000.0,Porco,Bifanas,Vendido ao peso a partir de 1 kg,4.75,4.75,0,,€/Kg,,,https://driveimg1.intermarche.com/pt/Content/images/boitmal/produit/zoom/72DE0DA6B485199AC995C629E3E4D279.jpg,,,2025-06-04T23:59:59.999999999+01:00,PROSPECTUS,19,2,,,
13895,2891047000000,150.0,Porco,Espetadas,1 un = 150 gr (aprox.),0.97,6.49,0,,€/Kg,,,https://driveimg1.intermarche.com/pt/Content/images/boitmal/produit/zoom/1E16755CED294E905F3A5B2727B27D5F.jpg,,,2025-06-04T23:59:59.999999999+01:00,PROSPECTUS,19,2,,,
13956,2891205000000,50.0,Porco,Salsicha Brasileira,1 un = 50 gr (aprox.),0.27,5.49,0,,€/Kg,,,https://driveimg1.intermarche.com/pt/Content/images/boitmal/produit/zoom/F6298C19D94A9653E5F3E3E4F0DEBFCF.jpg,,,2025-06-04T23:59:59.999999999+01:00,PROSPECTUS,19,2,,,
14258,5601119225466,110.0,Nobre,"Peito peru fumado fatias finas, embalagem de 110g",,2.19,19.91,0,kg,€/Kg,,,https://driveimg1.intermarche.com/pt/Content/images/boitmal/produit/zoom/24DA88D6E72830F8A85ACE55946CFFD2.jpg,,,2025-06-04T23:59:59.999999999+01:00,PROSPECTUS,19,2,,,
1436,5601260038106,1000.0,Cigala,"Arroz brajma, embalagem de 1 kg",,2.54,2.54,0,kg,€/Kg,,,https://driveimg1.intermarche.com/pt/Content/images/boitmal/produit/zoom/3E85F2B6F5A9D6CEC74990FDA36993E9.jpg,,,2025-06-04T23:59:59.999999999+01:00,PROSPECTUS,19,2,,,
1465,5601286234773,250.0,Milaneza,"Massa de letras, embalagem de 250g",,0.61,2.44,0,kg,€/Kg,,,https://driveimg1.intermarche.com/pt/Content/images/boitmal/produit/zoom/93F4FB7CE3C81A4CA398AFB1F88C82DD.jpg,,,2025-06-04T23:59:59.999999999+01:00,PROSPECTUS,19,2,,,
14847,2892476000000,100.0,Programa Origens,Alho Seco,Vendido a partir de 100 gr,0.55,5.49,0,,€/Kg,,,https://driveimg1.intermarche.com/pt/Content/images/boitmal/produit/zoom/CFA3B1E723D71FB9BFAE5D5B250C3BB3.jpg,,,2025-06-04T23:59:59.999999999+01:00,PROSPECTUS,19,2,,,
14977,5604260276035,200.0,PorSi,Presunto fatiado,Embalagem de 200g,2.89,14.45,0,kg,€/Kg,,,https://driveimg1.intermarche.com/pt/Content/images/boitmal/produit/zoom/2381AC1845C71E2DC403157AC1817E6F.jpg,,,2025-06-04T23:59:59.999999999+01:00,PROSPECTUS,19,2,,,
15039,2892256000000,4000.0,Fruta,Melão Verde,Vendido ao peso | 1 un = 4kg (aprox.),6.76,1.69,0,,€/Kg,,,https://driveimg1.intermarche.com/pt/Content/images/boitmal/produit/zoom/25FE547830213D1C98E9F3B3D9687685.jpg,,,2025-06-04T23:59:59.999999999+01:00,PROSPECTUS,19,2,,,
15981,5601119244375,210.0,Nobre,"Salsichas extra suculentas de frango, frasco de 210g",,2.39,11.38,0,kg,€/Kg,,,https://driveimg1.intermarche.com/pt/Content/images/boitmal/produit/zoom/FF112EFB90E4953B2240BF7E131FD2C0.jpg,,,2025-06-04T23:59:59.999999999+01:00,PROSPECTUS,19,2,,,
16072,2696083000000,62.0,Panpor,Carcaça de Cereais,,0.29,4.68,0,kg,€/Kg,,,https://driveimg1.intermarche.com/pt/Content/images/boitmal/produit/zoom/64BBBB65E56708FCB9DD0C80C78538ED.jpg,,,2025-06-04T23:59:59.999999999+01:00,PROSPECTUS,19,2,,,
16406,7622210352231,31.0,Royal,"Gelatina frutos tropicais 10kcal, 30g",,1.45,46.77,0,kg,€/Kg,,,https://driveimg1.intermarche.com/pt/Content/images/boitmal/produit/zoom/0B3BA156EC613D4E9D8ADDCBB32811AB.jpg,,,2025-06-04T23:59:59.999999999+01:00,PROSPECTUS,19,2,,,
16492,8718951037847,500.0,Ajax,"Limpa vidros pistola, tripla acção, embalagem de 500 ml",,1.97,3.94,500,L,€/L,,,https://driveimg1.intermarche.com/pt/Content/images/boitmal/produit/zoom/835152AD536CA633AE488A10E244161F.jpg,,,2025-06-04T23:59:59.999999999+01:00,PROSPECTUS,19,2,,,
17114,5000116110148,320.0,Capitão Iglo,"4 hamburguers vaca sem glúten, embalagem de 320g",,4.49,14.03,0,kg,€/Kg,,Tipo de stockagem,https://driveimg1.intermarche.com/pt/Content/images/boitmal/produit/zoom/F31F98EC751272F860D1F790EE53DF35.jpg,,,2025-06-04T23:59:59.999999999+01:00,PROSPECTUS,19,2,,,
18083,5601008200017,258.0,Vieira,Bolacha digestive aveia 258g,,1.84,7.13,0,kg,€/Kg,,,https://driveimg1.intermarche.com/pt/Content/images/boitmal/produit/zoom/74BF051807707504BF4C099005DC7DC3.jpg,,,2025-06-04T23:59:59.999999999+01:00,PROSPECTUS,19,2,,,
18157,3014260014278,,Oral B,Escova de Dentes 1-2-3 Shiny Clean,4 unidades,3.74,3.74,0,,€/Unidade,,,https://driveimg1.intermarche.com/pt/Content/images/boitmal/produit/zoom/E6FFAE21C5D38ABDA8B0CC3AEA23ACB2.jpg,,,2025-06-11T23:59:59.999999999+01:00,PROSPECTUS,19,2,,,
18426,3600541887817,400.0,Garnier,Champô Ultra Suave Delicias de Aveia,Embalagem de 400 ml,3.79,9.48,400,L,€/L,,,https://driveimg1.intermarche.com/pt/Content/images/boitmal/produit/zoom/FB3520AB0507187656A408B0D650CF4F.jpg,,,2025-06-11T23:59:59.999999999+01:00,PROSPECTUS,19,2,,,
18488,5600744051013,220.0,Saborosa,"Bolacha de manteiga belga original, embalagem de 220g",,1.59,7.23,0,kg,€/Kg,,,https://driveimg1.intermarche.com/pt/Content/images/boitmal/produit/zoom/435E3C8EAE2EA4A45A8BB3A81B14CF20.jpg,,,2025-06-04T23:59:59.999999999+01:00,PROSPECTUS,19,2,,,
18842,5601070000508,500.0,Cristal,"Vinagre vinho branco 500ml, garrafa de 500 ml",,1.09,2.18,500,L,€/L,,,https://driveimg1.intermarche.com/pt/Content/images/boitmal/produit/zoom/BF40408BEDD92487320D96D1D241D8F5.jpg,,,2025-06-04T23:59:59.999999999+01:00,PROSPECTUS,19,2,,,
19368,5606586000417,250.0,Legumes,Tomate Cherry,Embalagem de 250 g,1.19,4.76,0,kg,€/Kg,,,https://driveimg1.intermarche.com/pt/Content/images/boitmal/produit/zoom/069A452D96BB832E7E3CCB43CD96D923.jpg,,,2025-06-04T23:59:59.999999999+01:00,PROSPECTUS,19,2,,,
19785,5604321023004,250.0,Cemporcento,"Sementes de linhaça, embalagem de 250g",,0.89,3.56,0,kg,€/Kg,,,https://driveimg1.intermarche.com/pt/Content/images/boitmal/produit/zoom/F2C3CDE6E59D7BBB097660D1A13948A2.jpg,,,2025-06-04T23:59:59.999999999+01:00,PROSPECTUS,19,2,,,
20026,5604321027156,125.0,Cemporcento,"Bagas de goji, embalagem de 125 g",,2.24,17.92,0,kg,€/Kg,,,https://driveimg1.intermarche.com/pt/Content/images/boitmal/produit/zoom/09C6ACE87A01F3E030957C65B0CB9FC5.jpg,,,2025-06-04T23:59:59.999999999+01:00,PROSPECTUS,19,2,,,
21465,5449000085474,1500.0,Fanta,"Refrigerante com gás de maracujá, garrafa de 1,5 l",,0.99,0.66,1500,L,€/L,,,https://driveimg1.intermarche.com/pt/Content/images/boitmal/produit/zoom/713F7A2E8FF1504D7580CF5EB99232C0.jpg,,,2025-06-04T23:59:59.999999999+01:00,PROSPECTUS,19,2,,,
2195,5604260264711,200.0,PorSi,Mistura solúvel c/ 20% café granulado,Embalagem de 200g,2.89,14.45,0,kg,€/Kg,,,https://driveimg1.intermarche.com/pt/Content/images/boitmal/produit/zoom/AFABF588CFA24194396A663AAA8AC54C.jpg,,,2025-06-04T23:59:59.999999999+01:00,PROSPECTUS,19,2,,,
22232,8410320104500,80.0,Campofrio,"Salame fatiado, embalagem de 80g",,1.59,19.88,0,kg,€/Kg,,,https://driveimg1.intermarche.com/pt/Content/images/boitmal/produit/zoom/B989DC79BAD10F2BF93E42F2FFD0E3D8.jpg,,,2025-06-04T23:59:59.999999999+01:00,PROSPECTUS,19,2,,,
23353,5000116112197,375.0,Capitão Iglo,"18 nuggets de frango, embalagem de 380g",,4.99,13.31,0,kg,€/Kg,,Tipo de stockagem,https://driveimg1.intermarche.com/pt/Content/images/boitmal/produit/zoom/F26C89B365D9DC17E138C74AB049DE6B.jpg,,,2025-06-04T23:59:59.999999999+01:00,PROSPECTUS,19,2,,,
24380,8434165444881,500.0,Cuétara,Choco flakes,Embalagem de 500g,3.34,6.68,0,kg,€/Kg,,,https://driveimg1.intermarche.com/pt/Content/images/boitmal/produit/zoom/429BFDCF518D79A0516B8E2AB629B9F7.jpg,,,2025-06-04T23:59:59.999999999+01:00,PROSPECTUS,19,2,,,
24583,3600541946262,400.0,Fructis,Champô hidra caracóis,Embalagem de 400 ml,3.89,9.73,400,L,€/L,,,https://driveimg1.intermarche.com/pt/Content/images/boitmal/produit/zoom/F45C286B6B8330CEB5E45C88E611688B.jpg,,,2025-06-11T23:59:59.999999999+01:00,PROSPECTUS,19,2,,,
24594,3600550835809,50.0,Narta,"Desodorizante roll-on impecável, 50 ml",,2.39,47.8,50,L,€/L,,,https://driveimg1.intermarche.com/pt/Content/images/boitmal/produit/zoom/EED4B2BAC954892F98C714A7E44BD790.jpg,,,2025-06-11T23:59:59.999999999+01:00,PROSPECTUS,19,2,,,
2500,7613033129025,250.0,Cerelac,"Papa infantil não láctea bolacha maria +6 meses, de 250g",,2.39,9.56,0,kg,€/Kg,,,https://driveimg1.intermarche.com/pt/Content/images/boitmal/produit/zoom/86F8E21230827C4A87CCDAA9CDA276AE.jpg,,,2025-06-04T23:59:59.999999999+01:00,PROSPECTUS,19,2,,,
2520,7613033822827,250.0,Nestum,"Cereais mel com cereais integrais, embalagem de 250g",,2.24,8.96,0,kg,€/Kg,,,https://driveimg1.intermarche.com/pt/Content/images/boitmal/produit/zoom/50987E91B590C03F84755178E67E5C7E.jpg,,,2025-06-04T23:59:59.999999999+01:00,PROSPECTUS,19,2,,,
25310,8410022011540,228.0,Bollycao,"4 bolos recheados com chocolate de leite, 228 g",,2.29,10.04,0,kg,€/Kg,,,https://driveimg1.intermarche.com/pt/Content/images/boitmal/produit/zoom/F258708F894549579352C7881FF76FA5.jpg,,,2025-06-04T23:59:59.999999999+01:00,PROSPECTUS,19,2,,,
26047,8412600070994,650.0,Bimbo,Pão de forma s/ côdea,Embalagem de 650 g,2.14,3.29,0,kg,€/Kg,,,https://driveimg1.intermarche.com/pt/Content/images/boitmal/produit/zoom/29A6957961BACB180F45AAA47CD1FB78.jpg,,,2025-06-04T23:59:59.999999999+01:00,PROSPECTUS,19,2,,,
26373,5604260272969,500.0,PorSi,"Iogurte sabor a tutti-fruti, 4 x 125 g,",,0.8,1.6,0,kg,€/Kg,,,https://driveimg1.intermarche.com/pt/Content/images/boitmal/produit/zoom/13E2CC275953BD792DB7D12BAC2C481D.jpg,,,2025-06-04T23:59:59.999999999+01:00,PROSPECTUS,19,2,,,
26414,5000116110919,1042.0,Capitão Iglo,"50 nuggets de frango, embalagem de 1042g",,12.99,12.47,0,kg,€/Kg,,Tipo de stockagem,https://driveimg1.intermarche.com/pt/Content/images/boitmal/produit/zoom/D97E3080A57234D7462734347713E694.jpg,,,2025-06-04T23:59:59.999999999+01:00,PROSPECTUS,19,2,,,
2672,8410000002904,130.0,Chips Ahoy!,Bolachas chips ahoy,Embalagem de 130g,1.69,13.0,0,kg,€/Kg,,,https://driveimg1.intermarche.com/pt/Content/images/boitmal/produit/zoom/BD589AC15D17690FDC8560DC4300A108.jpg,,,2025-06-04T23:59:59.999999999+01:00,PROSPECTUS,19,2,,,
27271,5601043113037,360.0,Branca de neve,"Topping chocolate branco, embalagem de 360g",,3.09,8.58,0,kg,€/Kg,,,https://driveimg1.intermarche.com/pt/Content/images/boitmal/produit/zoom/4CB97E9D6A84D146804EA1BEBC2724C3.jpg,,,2025-06-04T23:59:59.999999999+01:00,PROSPECTUS,19,2,,,
2788,8410199790958,130.0,Cheetos,"Aperitivos futebolas, embalagem de 130g",,1.69,13.0,0,kg,€/Kg,,,https://driveimg1.intermarche.com/pt/Content/images/boitmal/produit/zoom/6E3E638A2C20F2794B685C451FDB40F7.jpg,,,2025-06-04T23:59:59.999999999+01:00,PROSPECTUS,19,2,,,
27893,3600542117937,400.0,Fructis,Champô Hidra Bomb Aloe Vera,Embalagem de 400 ml,3.89,9.73,400,L,€/L,,,https://driveimg1.intermarche.com/pt/Content/images/boitmal/produit/zoom/0B39F24315B17E1C33DCF22900D87031.jpg,,,2025-06-11T23:59:59.999999999+01:00,PROSPECTUS,19,2,,,
29356,8718951202856,500.0,Palmolive,"Gel de banho natural leite e mel, 500 ml",,2.69,5.38,500,L,€/L,,,https://driveimg1.intermarche.com/pt/Content/images/boitmal/produit/zoom/6CB5E843C7A08E2ECE1293E08A53478D.jpg,,,2025-06-11T23:59:59.999999999+01:00,PROSPECTUS,19,2,,,
30348,3600524029920,400.0,Elvive,Champô Hidra Hialurónico,400 ml,3.94,9.85,400,L,€/L,,,https://driveimg1.intermarche.com/pt/Content/images/boitmal/produit/zoom/00D7F464F5357E3A8D0AC719ED012FCF.jpg,,,2025-06-11T23:59:59.999999999+01:00,PROSPECTUS,19,2,,,
32299,4005900388650,150.0,Nivea Men,"Desodorizante spray black & white men, 150 ml",,2.79,18.6,150,L,€/L,,,https://driveimg1.intermarche.com/pt/Content/images/boitmal/produit/zoom/1CFD17D9EFCFB764EEEE2BAAB79429B4.jpg,,,2025-06-11T23:59:59.999999999+01:00,PROSPECTUS,19,2,,,
32302,4005900388636,50.0,Nivea,"Desodorizante roll on black & white, 50 ml",,2.54,50.8,50,L,€/L,,,https://driveimg1.intermarche.com/pt/Content/images/boitmal/produit/zoom/A7033FA7EF521736C8A4EC3A7B6E46A0.jpg,,,2025-06-11T23:59:59.999999999+01:00,PROSPECTUS,19,2,,,
32306,8718951202979,500.0,Palmolive,"Gel de banho naturals amêndoa e leite, 500 ml",,2.69,5.38,500,L,€/L,,,https://driveimg1.intermarche.com/pt/Content/images/boitmal/produit/zoom/F33F92F4F53A6A0ED534C67B846C0ABA.jpg,,,2025-06-11T23:59:59.999999999+01:00,PROSPECTUS,19,2,,,
33021,5601260048105,1000.0,Saludães,"Arroz basmati, embalagem de 1 kg",,2.49,2.49,0,kg,€/Kg,,,https://driveimg1.intermarche.com/pt/Content/images/boitmal/produit/zoom/69B2912DAB5813399DDCD1424E089110.jpg,,,2025-06-04T23:59:59.999999999+01:00,PROSPECTUS,19,2,,,
35006,5604260283781,1500.0,PorSi,Amaciador concentrado para a roupa essência fresh,60 doses,2.49,1.66,1500,L,€/L,,,https://driveimg1.intermarche.com/pt/Content/images/boitmal/produit/zoom/99A67471E1B717AF8B12014DD0AB1B26.jpg,,,2025-06-04T23:59:59.999999999+01:00,PROSPECTUS,19,2,,,
35626,5600258596888,50.0,Feno,"Desodorizante roll on dermo protectivo de gardénia, 50 ml",,2.69,53.8,50,L,€/L,,,https://driveimg1.intermarche.com/pt/Content/images/boitmal/produit/zoom/673A128A9F08DB22560026A8F2E05564.jpg,,,2025-06-11T23:59:59.999999999+01:00,PROSPECTUS,19,2,,,
35753,8001841240640,270.0,Pantene,Creme para pentear caracóis,270 ml,5.99,22.19,270,L,€/L,,,https://driveimg1.intermarche.com/pt/Content/images/boitmal/produit/zoom/574B3E314AF635DCDB9A6448E3C017C1.jpg,,,2025-06-11T23:59:59.999999999+01:00,PROSPECTUS,19,2,,,
35849,5601050035353,440.0,Danone,"Iogurte oikos cheesecake de mirtilo, embalagem de 4 x 110g",,1.99,4.52,0,kg,€/Kg,,,https://driveimg1.intermarche.com/pt/Content/images/boitmal/produit/zoom/4A1EC89AAD14F77718D5CC67F571432A.jpg,,,2025-06-04T23:59:59.999999999+01:00,PROSPECTUS,19,2,,,
37723,5601578111010,750.0,Terras do Demo,Espumante Bruto Branco,"Garrafa de 0,75L",8.99,11.99,750,L,€/L,,,https://driveimg1.intermarche.com/pt/Content/images/boitmal/produit/zoom/A075CB55324989C1E40FD58CCE45FF6E.jpg,,,2025-06-04T23:59:59.999999999+01:00,PROSPECTUS,19,2,,,
37799,7613037096828,240.0,Cerelac,Farinha láctea seleção da natureza aveia e centeio +6 meses,Embalagem de 240 g,2.99,12.46,0,kg,€/Kg,,,https://driveimg1.intermarche.com/pt/Content/images/boitmal/produit/zoom/196E9C25A91135A06C0EF78AB5B82C2A.jpg,,,2025-06-04T23:59:59.999999999+01:00,PROSPECTUS,19,2,,,
3819,3250390727002,700.0,On/Off,Tequila,Garrafa de 70 cl,12.99,18.56,700,L,€/L,,,https://driveimg1.intermarche.com/pt/Content/images/boitmal/produit/zoom/997FF584E2D23FD608B64329027568B1.jpg,,,2025-06-04T23:59:59.999999999+01:00,PROSPECTUS,19,2,,,
39851,5604321028849,250.0,Cemporcento,"Sementes de linhaça castanha, 250g",,0.99,3.96,0,kg,€/Kg,,,https://driveimg1.intermarche.com/pt/Content/images/boitmal/produit/zoom/2134AFC33ECE74AC47C7555CD3CD3BDD.jpg,,,2025-06-04T23:59:59.999999999+01:00,PROSPECTUS,19,2,,,
40745,5604260303847,500.0,PorSi,Polpa de tomate,Embalagem de 500 g,0.99,1.98,0,kg,€/Kg,,,https://driveimg1.intermarche.com/pt/Content/images/boitmal/produit/zoom/5CE6F013651D968E9E37EBC7E7070E26.jpg,,,2025-06-04T23:59:59.999999999+01:00,PROSPECTUS,19,2,,,
41127,5604260304035,125.0,PorSi Viva Bem,Bolachas de água e sal sem lactose,Embalagem de 125 g,0.69,5.52,0,kg,€/Kg,,,https://driveimg1.intermarche.com/pt/Content/images/boitmal/produit/zoom/300425FFC07F2424CA6C2F8344C17839.jpg,,,2025-06-04T23:59:59.999999999+01:00,PROSPECTUS,19,2,,,
41149,8710522571477,225.0,Linic,"Champô para homem oleosidade, embalagem de 225 ml",,3.34,14.84,225,L,€/L,,,https://driveimg1.intermarche.com/pt/Content/images/boitmal/produit/zoom/B14FEECAAF1AB05F6A47FD9FA1FDD524.jpg,,,2025-06-11T23:59:59.999999999+01:00,PROSPECTUS,19,2,,,
41297,5601050036534,440.0,Danone,"Iogurte oikos pêssego, embalagem de 4 x 110g",,1.99,4.52,0,kg,€/Kg,,,https://driveimg1.intermarche.com/pt/Content/images/boitmal/produit/zoom/C2BCC90FB2B192B3C8BC1E9CCF0DA4AF.jpg,,,2025-06-04T23:59:59.999999999+01:00,PROSPECTUS,19,2,,,
41299,5601050036565,440.0,Danone,"Iogurte oikos maracujá, embalagem de 4 x 110g",,1.99,4.52,0,kg,€/Kg,,,https://driveimg1.intermarche.com/pt/Content/images/boitmal/produit/zoom/29553156A2F0422FEBEDFC7E0CF7883D.jpg,,,2025-06-04T23:59:59.999999999+01:00,PROSPECTUS,19,2,,,
41616,3600542298247,40.0,Ambre Solaire,Protector Solar de Rosto 50+,Embalagem de 40 ml,12.24,306.0,40,L,€/L,,,https://driveimg1.intermarche.com/pt/Content/images/boitmal/produit/zoom/5C06C2D05122B790BC2EAEAD8975D0E2.jpg,,,2025-06-11T23:59:59.999999999+01:00,PROSPECTUS,19,2,,,
41821,5604260286614,233.0,PorSi,Bolachas shortcake,Embalagem de 233 g,1.37,5.88,0,kg,€/Kg,,,https://driveimg1.intermarche.com/pt/Content/images/boitmal/produit/zoom/0B5ABF5EA46DA53FA8046210DB7DDFDD.jpg,,,2025-06-04T23:59:59.999999999+01:00,PROSPECTUS,19,2,,,
41874,8718951313316,75.0,Colgate,"Pasta dentífrica cool mint, 75 ml",,2.16,28.8,75,L,€/L,,,https://driveimg1.intermarche.com/pt/Content/images/boitmal/produit/zoom/2DAA61BE6D06A4399D41EFB19DA0D088.jpg,,,2025-06-11T23:59:59.999999999+01:00,PROSPECTUS,19,2,,,
4254,3600521848449,50.0,L'oreal Men Expert,Desodorizante roll-on fresh extra,Embalagem de 50 ml,2.69,53.8,50,L,€/L,,,https://driveimg1.intermarche.com/pt/Content/images/boitmal/produit/zoom/E57536F1DBA38F68B80006805ED4ECFF.jpg,,,2025-06-11T23:59:59.999999999+01:00,PROSPECTUS,19,2,,,
42794,8001090479792,650.0,Fairy,Detergente líquido manual loiça aloé vera,Embalagem de 650 ml,2.39,3.68,650,L,€/L,,,https://driveimg1.intermarche.com/pt/Content/images/boitmal/produit/zoom/E7DDBF70C184E5EC7C2E108C9CF310F0.jpg,,,2025-06-04T23:59:59.999999999+01:00,PROSPECTUS,19,2,,,
42846,5604260307982,1000.0,PorSi Bio,Bebida arroz bio,Embalagem de 1 litro,1.49,1.49,1000,L,€/L,,Produtos Bio,https://driveimg1.intermarche.com/pt/Content/images/boitmal/produit/zoom/A64C3B9BA520548A849FA44C797CDA74.jpg,,,2025-06-04T23:59:59.999999999+01:00,PROSPECTUS,19,2,,,
4323,3600540623959,50.0,Narta,Desodorizante Roll'On Bio Eficácia,Embalagem de 50 ml,2.69,53.8,50,L,€/L,,Produtos Bio,https://driveimg1.intermarche.com/pt/Content/images/boitmal/produit/zoom/DD8AA7994F81DF8B6C1997FC0ED10C60.jpg,,,2025-06-11T23:59:59.999999999+01:00,PROSPECTUS,19,2,,,
43391,5604260311361,375.0,PorSi,"Cereais tufados com choc, 375g",,2.09,5.57,0,kg,€/Kg,,,https://driveimg1.intermarche.com/pt/Content/images/boitmal/produit/zoom/3A24945EC8C8D5A05E5C3C4F074BFB7F.jpg,https://driveimg1.intermarche.com/pt/Content/images/boitmal/produit/zoom/7E78E95CAFB58715E2FD207B8F077F2E.jpg,https://driveimg1.intermarche.com/pt/Content/images/boitmal/produit/zoom/7E78E95CAFB58715E2FD207B8F077F2E.jpg,2025-06-04T23:59:59.999999999+01:00,PROSPECTUS,19,2,,,
43768,7613287121783,187.0,Smarties,"Smarties mini chocolate, 187g",,3.59,19.2,0,kg,€/Kg,,,https://driveimg1.intermarche.com/pt/Content/images/boitmal/produit/zoom/044C78E073B5B5B26D68268157615A9F.jpg,https://driveimg1.intermarche.com/pt/Content/images/boitmal/produit/zoom/E8FEE980732B87942B93ED2D1ABFFA78.jpg,https://driveimg1.intermarche.com/pt/Content/images/boitmal/produit/zoom/E8FEE980732B87942B93ED2D1ABFFA78.jpg,2025-06-04T23:59:59.999999999+01:00,PROSPECTUS,19,2,https://driveimg1.intermarche.com/pt/Content/images/boitmal/produit/zoom/E8FEE980732B87942B93ED2D1ABFFA78.jpg,https://driveimg1.intermarche.com/pt/Content/images/boitmal/produit/zoom/E8FEE980732B87942B93ED2D1ABFFA78.jpg,
44271,8000500179864,600.0,Nutella,"Creme para barrar de avelãs e cacau, embalagem de 600g",,4.99,8.32,0,kg,€/Kg,,,https://driveimg1.intermarche.com/pt/Content/images/boitmal/produit/zoom/938F7887C6458F9D530A4F7D2690249F.jpg,,,2025-06-04T23:59:59.999999999+01:00,PROSPECTUS,19,2,,,
44313,5449000296238,1500.0,Fanta,"Fanta guaraná sem açúcar embalagem 1,5 l",,0.99,0.66,1500,L,€/L,,,https://driveimg1.intermarche.com/pt/Content/images/boitmal/produit/zoom/FB0C8116B1E2A9A481C6DFCAB4B2197E.jpg,,,2025-06-04T23:59:59.999999999+01:00,PROSPECTUS,19,2,,,
44593,3600541946286,400.0,Garnier,Condicionador Ultra Suave Camomila,Embalagem de 400 ml,3.79,9.48,400,L,€/L,,,https://driveimg1.intermarche.com/pt/Content/images/boitmal/produit/zoom/E6E942226F14D859EE6A2B897DCE52DE.jpg,,,2025-06-11T23:59:59.999999999+01:00,PROSPECTUS,19,2,,,
44763,5449000013231,1500.0,Sprite,"Refrigerante lima limão zero açúcar, garrafa 1.5 l",,0.99,0.66,1500,L,€/L,,,https://driveimg1.intermarche.com/pt/Content/images/boitmal/produit/zoom/CA978886592B1D4304FE94C81DC98A43.jpg,,,2025-06-04T23:59:59.999999999+01:00,PROSPECTUS,19,2,,,
44902,5601286248787,500.0,Milaneza,"Massa conchas, 500g",,1.39,2.78,0,kg,€/Kg,,,https://driveimg1.intermarche.com/pt/Content/images/boitmal/produit/zoom/47B035D4D71BAB8FACEBBDD297C9B9B8.jpg,,,2025-06-04T23:59:59.999999999+01:00,PROSPECTUS,19,2,,,
45709,5604260315543,400.0,PorSi,Comida húmida gato almondegas com aves,Embalagem de 400g,0.89,2.23,0,kg,€/Kg,,,https://driveimg1.intermarche.com/pt/Content/images/boitmal/produit/zoom/013746A7C670F854414E2EA5DF08FD00.jpg,,,2025-06-04T23:59:59.999999999+01:00,PROSPECTUS,19,2,,,
45773,5054563087829,75.0,Aquafresh,"Pasta dentífrica eucalipto, lima e menta",Embalagem de 75ml,1.84,24.53,75,L,€/L,,,https://driveimg1.intermarche.com/pt/Content/images/boitmal/produit/zoom/1F94A046F2A6C727F7B6BE2D468B428F.jpg,,,2025-06-04T23:59:59.999999999+01:00,PROSPECTUS,19,3,,,
45875,4005900388810,150.0,Nivea Men,"Desodorizante spray cool kick, 150 ml",,2.69,17.93,150,L,€/L,,,https://driveimg1.intermarche.com/pt/Content/images/boitmal/produit/zoom/FF08F460974B7D9B6A9FEDD00802151C.jpg,,,2025-06-11T23:59:59.999999999+01:00,PROSPECTUS,19,3,,,
46334,8428076000618,,Durex,"Preservativo nutural classic, 6 unidades",,3.84,3.84,6,,€/Unidade,,,https://driveimg1.intermarche.com/pt/Content/images/boitmal/produit/zoom/ED6F90FB7E10D3EA3E6EBA420550E346.jpg,,,2025-06-04T23:59:59.999999999+01:00,PROSPECTUS,19,3,,,
46436,5601578131018,750.0,Terras do Demo,Espumante Rosé Bruto,Garrafa de 0.75 l,8.99,11.99,750,L,€/L,,,https://driveimg1.intermarche.com/pt/Content/images/boitmal/produit/zoom/101CF071A993AA402B99D175EC96A727.jpg,,,2025-06-04T23:59:59.999999999+01:00,PROSPECTUS,19,3,,,
46481,5604260314799,750.0,PorSi,Spray multisuperfícies,750 ml,1.59,2.12,750,L,€/L,,,https://driveimg1.intermarche.com/pt/Content/images/boitmal/produit/zoom/68B05B54F1F082CB9A5B0620169B53B8.jpg,,,2025-06-04T23:59:59.999999999+01:00,PROSPECTUS,19,3,,,
46807,5601050037258,1200.0,Danone,"Iogurte tutti fruti, embalagem de 12 x 100 g",,5.79,4.83,0,kg,€/Kg,,,https://driveimg1.intermarche.com/pt/Content/images/boitmal/produit/zoom/E2388230C3A52F627250715E11000D3C.jpg,,,2025-06-04T23:59:59.999999999+01:00,PROSPECTUS,19,3,,,
47790,5604260320356,500.0,PorSi,"Preparado de bolo de iogurte, 500 g",,2.49,4.98,0,kg,€/Kg,,,https://driveimg1.intermarche.com/pt/Content/images/boitmal/produit/zoom/A1D8EAEF18BFF9D9294D18B88C18C3D7.jpg,,,2025-06-04T23:59:59.999999999+01:00,PROSPECTUS,19,3,,,
48137,5604260323319,2000.0,PorSi,Amaciador concentrado talco,80 doses,1.85,0.93,2000,L,€/L,,,https://driveimg1.intermarche.com/pt/Content/images/boitmal/produit/zoom/19A86120D5B46985AF96636938E62EA9.jpg,,,2025-06-04T23:59:59.999999999+01:00,PROSPECTUS,19,3,,,
48779,8410199023117,150.0,LayS,"Batatas fritas com sabor a sal e vinagre, embalagem de 150g",,1.29,8.6,0,kg,€/Kg,,,https://driveimg1.intermarche.com/pt/Content/images/boitmal/produit/zoom/FA380F7857550C630972C34B56D1614D.jpg,,,2025-06-04T23:59:59.999999999+01:00,PROSPECTUS,19,3,,,
48782,8410199023070,150.0,LayS,"Batatas camponesas, embalagem de 150g",,1.29,8.6,0,kg,€/Kg,,,https://driveimg1.intermarche.com/pt/Content/images/boitmal/produit/zoom/D570E7E39595628616CA3F3914A72126.jpg,,,2025-06-04T23:59:59.999999999+01:00,PROSPECTUS,19,3,,,
49177,3600523966752,150.0,Elvive,Spray Protetor de Calor Cabelo Comprido e Liso,150 ml,5.59,37.27,150,L,€/L,,,https://driveimg1.intermarche.com/pt/Content/images/boitmal/produit/zoom/210A21B9957FF3EBFDB7D3F2679513DF.jpg,,,2025-06-11T23:59:59.999999999+01:00,PROSPECTUS,19,3,,,
49179,3600524029661,300.0,Elvive,Condicionador Hidra Hialurónico,300 ml,3.89,12.97,300,L,€/L,,,https://driveimg1.intermarche.com/pt/Content/images/boitmal/produit/zoom/358E669EEAD046E20A951D3F73537685.jpg,,,2025-06-11T23:59:59.999999999+01:00,PROSPECTUS,19,3,,,
49412,5601151969557,600.0,Compal,"Sumo 100% multifrutos, pack 3 x 200 ml",,1.49,2.48,600,L,€/L,,,https://driveimg1.intermarche.com/pt/Content/images/boitmal/produit/zoom/221AF81EED53A26B526F24D35271373F.jpg,,,2025-06-04T23:59:59.999999999+01:00,PROSPECTUS,19,3,,,
50443,5059319016603,320.0,KelloggS,"Granola aveia e chocolate negro, embalagem de 320g",,3.19,9.97,0,kg,€/Kg,,,https://driveimg1.intermarche.com/pt/Content/images/boitmal/produit/zoom/E80551B30CB693651F5B819B71E5C789.jpg,,,2025-06-04T23:59:59.999999999+01:00,PROSPECTUS,19,3,,,
51182,5601217137272,720.0,Quanto,"Perfumador de roupa rosa, 36 doses",,3.49,4.85,720,L,€/L,,,https://driveimg1.intermarche.com/pt/Content/images/boitmal/produit/zoom/49C27F970394771F7D0DE5ACF0C1EA92.jpg,,,2025-06-04T23:59:59.999999999+01:00,PROSPECTUS,19,3,,,
51242,5604260326266,,PorSi,Batom Sun Protect FPS30,1 unidade,1.59,1.59,0,,€/Unidade,,,https://driveimg1.intermarche.com/pt/Content/images/boitmal/produit/zoom/AE11750702DBDE6B49910C5716DC1771.jpg,,,2025-06-11T23:59:59.999999999+01:00,PROSPECTUS,19,3,,,
52049,3073781193091,250.0,A Vaca Que Ri,"Queijo fundido, 250g",,2.95,11.8,0,kg,€/Kg,,,https://driveimg1.intermarche.com/pt/Content/images/boitmal/produit/zoom/95197B9CF404BE8AF1D5A1B4E7B898B7.jpg,,,2025-06-04T23:59:59.999999999+01:00,PROSPECTUS,19,3,,,
52164,5604260328505,1050.0,PorSi,Polpa de Tomate Tetra,Embalagem de 1050g,1.99,1.9,0,kg,€/Kg,,,https://driveimg1.intermarche.com/pt/Content/images/boitmal/produit/zoom/1BEE8FE796772FFF7D13A8A9DE5E3423.jpg,,,2025-06-04T23:59:59.999999999+01:00,PROSPECTUS,19,3,,,
52302,3600542512428,400.0,Garnier,Champô Ultra Suave Carvão,Embalagem de 400ml,3.79,9.48,400,L,€/L,,Produtos Bio,https://driveimg1.intermarche.com/pt/Content/images/boitmal/produit/zoom/C53BE5FF3815607BB10E6D7A8D669C09.jpg,,,2025-06-11T23:59:59.999999999+01:00,PROSPECTUS,19,3,,,
52317,8720181213854,200.0,Rexona men,"Desodorizante spray men invisible 72h, embalagem de 200ml",,3.29,16.45,200,L,€/L,,,https://driveimg1.intermarche.com/pt/Content/images/boitmal/produit/zoom/5E8C6ACC0717D3191FDDFB855F93AA9E.jpg,,,2025-06-11T23:59:59.999999999+01:00,PROSPECTUS,19,3,,,
5243,5601151170755,410.0,Compal,"Feijão preto, lata de 410 ml",,1.09,2.66,410,L,€/L,,,https://driveimg1.intermarche.com/pt/Content/images/boitmal/produit/zoom/DF73EAA1B2C44B1F4CECF535DE17EB7C.jpg,,,2025-06-04T23:59:59.999999999+01:00,PROSPECTUS,19,3,,,
52598,5601217137975,1710.0,Quanto,"Amaciador roupa concentrado frutos silvestres, 95 doses",,3.99,2.33,1710,L,€/L,,,https://driveimg1.intermarche.com/pt/Content/images/boitmal/produit/zoom/1A92BA40F7151350053A912CC4251BEE.jpg,,,2025-06-04T23:59:59.999999999+01:00,PROSPECTUS,19,3,,,
52636,8719200269026,400.0,Planta,"Creme vegetal para barrar, 400g",,2.54,6.35,0,kg,€/Kg,,,https://driveimg1.intermarche.com/pt/Content/images/boitmal/produit/zoom/F65911004A3F054AD79E8D4223582388.jpg,,,2025-06-04T23:59:59.999999999+01:00,PROSPECTUS,19,3,,,
5273,5601164902343,7920.0,Super Bock,"Cerveja com álcool, pack 24 x 0.33 l",,17.49,2.21,7920,L,€/L,,,https://driveimg1.intermarche.com/pt/Content/images/boitmal/produit/zoom/B20818C9DD1836C39491D27565F038C6.jpg,,,2025-06-04T23:59:59.999999999+01:00,PROSPECTUS,19,3,,,
52830,8435257070636,500.0,Nestlé,"Kéfir natural 0%, 500g",,1.99,3.98,0,kg,€/Kg,,,https://driveimg1.intermarche.com/pt/Content/images/boitmal/produit/zoom/B202392E0B4B3B2F8623F9BC7E7C4E70.jpg,,,2025-06-04T23:59:59.999999999+01:00,PROSPECTUS,19,3,,,
52880,8719200267794,450.0,Becel,"Creme vegetal de barrar com sabor a manteiga, 450g",,3.56,7.91,0,kg,€/Kg,,,https://driveimg1.intermarche.com/pt/Content/images/boitmal/produit/zoom/E2EFE8BE5E96AF9FCA9D840059BF696C.jpg,https://driveimg1.intermarche.com/pt/Content/images/boitmal/produit/zoom/287D301C66C180312FAA8A3BAE7EA710.jpg,https://driveimg1.intermarche.com/pt/Content/images/boitmal/produit/zoom/287D301C66C180312FAA8A3BAE7EA710.jpg,2025-06-04T23:59:59.999999999+01:00,PROSPECTUS,19,3,https://driveimg1.intermarche.com/pt/Content/images/boitmal/produit/zoom/287D301C66C180312FAA8A3BAE7EA710.jpg,,
52886,5603722523113,200.0,Mimosa,"Natas para carne, 200 ml",,1.04,5.2,200,L,€/L,,,https://driveimg1.intermarche.com/pt/Content/images/boitmal/produit/zoom/4EBFFD3487ED8CD46A9B8FA3FCE4C121.jpg,https://driveimg1.intermarche.com/pt/Content/images/boitmal/produit/zoom/974E5E2703AF4694FB78F37DC9D40DC9.jpg,https://driveimg1.intermarche.com/pt/Content/images/boitmal/produit/zoom/974E5E2703AF4694FB78F37DC9D40DC9.jpg,2025-06-04T23:59:59.999999999+01:00,PROSPECTUS,19,3,,,
52916,8720181291715,150.0,Dove,"Desodorizante spray original 72h, 150 ml",,3.59,23.93,150,L,€/L,,,https://driveimg1.intermarche.com/pt/Content/images/boitmal/produit/zoom/35748730AEAB41F7BBB3C7AF42D88737.jpg,,,2025-06-11T23:59:59.999999999+01:00,PROSPECTUS,19,3,,,
52917,8720181291869,150.0,Dove,"Desodorizante spray invisible care 72h, 150 ml",,3.59,23.93,150,L,€/L,,,https://driveimg1.intermarche.com/pt/Content/images/boitmal/produit/zoom/E4C7316630BB7D9EE2823582CE682A3C.jpg,,,2025-06-11T23:59:59.999999999+01:00,PROSPECTUS,19,3,,,
52920,0000059095842,50.0,Dove,"Desodorizante Roll On Advanced Original, 50ml",,2.99,59.8,50,L,€/L,,,https://driveimg1.intermarche.com/pt/Content/images/boitmal/produit/zoom/2183AEDEDCEDF4209F45853BE608CFF9.jpg,,,2025-06-11T23:59:59.999999999+01:00,PROSPECTUS,19,3,,,
53453,5029053038759,,Kleenex,"Lenços Faciais Collection, 48 unidades",,1.59,1.59,1,,€/Unidade,,,https://driveimg1.intermarche.com/pt/Content/images/boitmal/produit/zoom/EB8B45089F65DC0A9E72BBD59FFB3759.jpg,,,2025-06-11T23:59:59.999999999+01:00,PROSPECTUS,19,3,,,
53466,5601028000406,,Renova,"Lenços Faciais Active 3 Folhas, 46 unidades",,0.69,0.69,46,,€/Unidade,,,https://driveimg1.intermarche.com/pt/Content/images/boitmal/produit/zoom/F53C87A60B24DBBCFF32F83645C53E87.jpg,,,2025-06-11T23:59:59.999999999+01:00,PROSPECTUS,19,3,,,
53672,5054563155535,75.0,Parodontax,"Pasta de Dentes Gengivas, Sensibilidade, Hálito e Branqueadora",Embalagem de 75ml,5.19,69.2,75,L,€/L,,,https://driveimg1.intermarche.com/pt/Content/images/boitmal/produit/zoom/87A987E57450CCF1EBBCAD737517FAB5.jpg,https://driveimg1.intermarche.com/pt/Content/images/boitmal/produit/zoom/45919E21211034CFC9DCF75D551CD73E.jpg,https://driveimg1.intermarche.com/pt/Content/images/boitmal/produit/zoom/45919E21211034CFC9DCF75D551CD73E.jpg,2025-06-11T23:59:59.999999999+01:00,PROSPECTUS,19,3,https://driveimg1.intermarche.com/pt/Content/images/boitmal/produit/zoom/45919E21211034CFC9DCF75D551CD73E.jpg,https://driveimg1.intermarche.com/pt/Content/images/boitmal/produit/zoom/45919E21211034CFC9DCF75D551CD73E.jpg,https://driveimg1.intermarche.com/pt/Content/images/boitmal/produit/zoom/45919E21211034CFC9DCF75D551CD73E.jpg
53673,5054563165008,75.0,Sensodyne,"Pasta de Dentes Sensibilidade, Gengivas e Esmalte",Embalagem de 75ml,3.95,52.67,75,L,€/L,,,https://driveimg1.intermarche.com/pt/Content/images/boitmal/produit/zoom/F5ABBB429E7224E38F564855CA9B1B26.jpg,https://driveimg1.intermarche.com/pt/Content/images/boitmal/produit/zoom/1C6D3DA6400E71115D7D0C249255C6E4.jpg,https://driveimg1.intermarche.com/pt/Content/images/boitmal/produit/zoom/1C6D3DA6400E71115D7D0C249255C6E4.jpg,2025-06-11T23:59:59.999999999+01:00,PROSPECTUS,19,3,https://driveimg1.intermarche.com/pt/Content/images/boitmal/produit/zoom/1C6D3DA6400E71115D7D0C249255C6E4.jpg,https://driveimg1.intermarche.com/pt/Content/images/boitmal/produit/zoom/1C6D3DA6400E71115D7D0C249255C6E4.jpg,https://driveimg1.intermarche.com/pt/Content/images/boitmal/produit/zoom/1C6D3DA6400E71115D7D0C249255C6E4.jpg
53886,5604260328635,200.0,PorSi,"Salsichas de porco em lata, embalagem de 200g",,0.95,4.75,0,kg,€/Kg,,,https://driveimg1.intermarche.com/pt/Content/images/boitmal/produit/zoom/31082215F673730ADB8637807346D57D.jpg,,,2025-06-04T23:59:59.999999999+01:00,PROSPECTUS,19,3,,,
53887,5604260328642,250.0,PorSi,"10 salsichas de porco em lata, embalagem de 250g",,1.19,4.76,0,kg,€/Kg,,,https://driveimg1.intermarche.com/pt/Content/images/boitmal/produit/zoom/958C25AF6C5BB6C112B5B51BF3629B73.jpg,,,2025-06-04T23:59:59.999999999+01:00,PROSPECTUS,19,3,,,
54522,8720181509988,750.0,Vaseline,"Gel de banho hidra essencial, 750ml",,3.19,4.25,750,L,€/L,,,https://driveimg1.intermarche.com/pt/Content/images/boitmal/produit/zoom/AD31D1AC1C03A164A4B17AFAD559A4D0.jpg,,,2025-06-11T23:59:59.999999999+01:00,PROSPECTUS,19,3,,,
54579,5604260332823,200.0,Labell Men,"Desodorizante Energy, 200ml",,1.39,6.95,200,L,€/L,,,https://driveimg1.intermarche.com/pt/Content/images/boitmal/produit/zoom/D65AEFFA3E695F6087A751C8F90810AA.jpg,,,2025-06-11T23:59:59.999999999+01:00,PROSPECTUS,19,3,,,
54607,4006000095790,750.0,Nivea,"Gel de banho bath care & dimond, 750ml",,4.99,6.65,750,L,€/L,,,https://driveimg1.intermarche.com/pt/Content/images/boitmal/produit/zoom/BDDDCB2032FEBBA666451071F3E53554.jpg,,,2025-06-11T23:59:59.999999999+01:00,PROSPECTUS,19,3,,,
54613,5054563196149,,Aquafresh,"Escova de Dentes Suave Criança 0 a 2 Anos, 1un.",,2.44,2.44,0,,€/Unidade,,,https://driveimg1.intermarche.com/pt/Content/images/boitmal/produit/zoom/BD9F216884884DA710E0FDEA83591CF3.jpg,,,2025-06-04T23:59:59.999999999+01:00,PROSPECTUS,19,3,,,
54741,5601226042031,1500.0,Ucal,"Leite com chocolate zero açucares adicionados, 6x250ml",,4.59,3.06,1500,L,€/L,,,https://driveimg1.intermarche.com/pt/Content/images/boitmal/produit/zoom/E659321317E6C18D52FBB38D83FABEEB.jpg,,,2025-06-04T23:59:59.999999999+01:00,PROSPECTUS,19,3,,,
54864,8700216155489,625.0,H&S,"Champô Anticaspa Classic 2 Em 1, 625ml",,7.94,12.7,625,L,€/L,,,https://driveimg1.intermarche.com/pt/Content/images/boitmal/produit/zoom/78E4F25A4CD7C72808C0FCD1DF120657.jpg,,,2025-06-11T23:59:59.999999999+01:00,PROSPECTUS,19,3,,,
55047,8445291325036,250.0,Nestum,"Nestum Cereais Proteína, 250g",,2.39,9.56,0,kg,€/Kg,,,https://driveimg1.intermarche.com/pt/Content/images/boitmal/produit/zoom/60118FC3A66CD4FA6B7C87A7FDB061C9.jpg,,,2025-06-04T23:59:59.999999999+01:00,PROSPECTUS,19,3,,,
55118,8410500030858,480.0,Yopro,"Iogurte Proteína Baunilha, 4 x 120g",,2.99,6.23,0,kg,€/Kg,,,https://driveimg1.intermarche.com/pt/Content/images/boitmal/produit/zoom/8E05ABC644C4680D0D0C872C1FFD6945.jpg,,,2025-06-04T23:59:59.999999999+01:00,PROSPECTUS,19,3,,,
55157,5601050038194,300.0,Yopro,"Iogurte Líquido Proteína Banana, 300g",,1.99,6.63,0,kg,€/Kg,,,https://driveimg1.intermarche.com/pt/Content/images/boitmal/produit/zoom/2251CD4C10084A25AB1F82A833BDED2A.jpg,,,2025-06-04T23:59:59.999999999+01:00,PROSPECTUS,19,3,,,
55278,8445291099692,,Buondi,"Cápsulas de Café Ristretto Int 13, 36un.",,10.99,10.99,36,,€/Unidade,,,https://driveimg1.intermarche.com/pt/Content/images/boitmal/produit/zoom/B08F7DA9148A63F6D56B42F18C106EC8.jpg,,,2025-06-04T23:59:59.999999999+01:00,PROSPECTUS,19,3,,,
5977,5604260274086,,PorSi,"Acendalha branca, 32 cubos",,1.15,1.15,0,,€/Unidade,,,https://driveimg1.intermarche.com/pt/Content/images/boitmal/produit/zoom/5D848885F4F58352BFD5FA139BD7FC0A.jpg,https://driveimg1.intermarche.com/pt/Content/images/boitmal/produit/zoom/1FFF9F1373872F7DE961EE146FD1DAB4.jpg,https://driveimg1.intermarche.com/pt/Content/images/boitmal/produit/zoom/1FFF9F1373872F7DE961EE146FD1DAB4.jpg,2025-06-11T23:59:59.999999999+01:00,PROSPECTUS,19,3,,,
6286,8434165489806,250.0,Cuétara,"Bolachas choco flakes callejeros, embalagem de 250g",,2.24,8.96,0,kg,€/Kg,,,https://driveimg1.intermarche.com/pt/Content/images/boitmal/produit/zoom/43DB7507C1D73F4965E8C27534B2B4EB.jpg,,,2025-06-04T23:59:59.999999999+01:00,PROSPECTUS,19,3,,,
7311,3163937011000,700.0,Ricard,Aperitivo de anis,Garrafa de 700 ml,15.69,22.41,700,L,€/L,,,https://driveimg1.intermarche.com/pt/Content/images/boitmal/produit/zoom/D694E761352EDFC4CED0EFCC5B631B0F.jpg,,,2025-06-04T23:59:59.999999999+01:00,PROSPECTUS,19,3,,,
8068,5011417544679,400.0,Finish,Abrilhantador p/ máquina de lavar loiça,Garrafa de 400 ml,4.99,12.48,400,L,€/L,,,https://driveimg1.intermarche.com/pt/Content/images/boitmal/produit/zoom/5D045CC65EE222532216DB5B0BF2A582.jpg,,,2025-06-04T23:59:59.999999999+01:00,PROSPECTUS,19,3,,,
828,5000157073006,150.0,Heinz,"Molho de soja, de 150 ml",,2.64,17.6,150,L,€/L,,,https://driveimg1.intermarche.com/pt/Content/images/boitmal/produit/zoom/BBD9F6A5E4EDC067C43EB10CA6FCF5E6.jpg,,,2025-06-04T23:59:59.999999999+01:00,PROSPECTUS,19,3,,,
8382,5601049131998,1000.0,Mimosa,"Leite uht gordo, embalagem de 1litro",,1.05,1.05,1000,L,€/L,,,https://driveimg1.intermarche.com/pt/Content/images/boitmal/produit/zoom/5D46937192D7E0425B02DA44F0AF6CA9.jpg,https://driveimg1.intermarche.com/pt/Content/images/boitmal/produit/zoom/85426DF0A207BC5690BA7486D86DBCDC.jpg,https://driveimg1.intermarche.com/pt/Content/images/boitmal/produit/zoom/85C3489AE589A6300942C731BCB55282.jpg,2025-06-04T23:59:59.999999999+01:00,PROSPECTUS,19,3,,,
8398,5601050016024,600.0,Danone,"Danacol natural, embalagem de 6 x 100g",,2.99,4.98,0,kg,€/Kg,,,https://driveimg1.intermarche.com/pt/Content/images/boitmal/produit/zoom/E05E5353FD11FB2707504DEA431D86EA.jpg,,,2025-06-04T23:59:59.999999999+01:00,PROSPECTUS,19,3,,,
848,5000189974579,200.0,Kit Kat,"Chocolate mini, embalagem de 200g",,3.09,15.45,0,kg,€/Kg,,,https://driveimg1.intermarche.com/pt/Content/images/boitmal/produit/zoom/90873705F18CB17964EF30C7A0BF7D60.jpg,,,2025-06-04T23:59:59.999999999+01:00,PROSPECTUS,19,3,,,
8641,5601151983171,600.0,Compal,"Néctar vital de frutos vermelhos, pack 3 x 200 ml",,1.35,2.25,600,L,€/L,,,https://driveimg1.intermarche.com/pt/Content/images/boitmal/produit/zoom/8564D706D7239DFC63148360AB08E38F.jpg,,,2025-06-04T23:59:59.999999999+01:00,PROSPECTUS,19,3,,,
8802,5601244202363,400.0,Terra Nostra,"Queijo em fatias, embalagem de 400g",,4.19,10.48,0,kg,€/Kg,,,https://driveimg1.intermarche.com/pt/Content/images/boitmal/produit/zoom/035A5C69BE8C551B825128DC308F8F7B.jpg,,,2025-06-04T23:59:59.999999999+01:00,PROSPECTUS,19,3,,,
8947,5601385503350,,Aquafresh,Escova de Dentes de Leite,1 unidade,2.44,2.44,0,,€/Unidade,,,https://driveimg1.intermarche.com/pt/Content/images/boitmal/produit/zoom/74029EF141ED7E8DAE787D6EDF3ADD5D.jpg,,,2025-06-04T23:59:59.999999999+01:00,PROSPECTUS,19,3,,,
941,5601001322808,100.0,Nescafé,"Café solúvel, embalagem de 100g",,3.79,37.9,0,kg,€/Kg,,,https://driveimg1.intermarche.com/pt/Content/images/boitmal/produit/zoom/B063757FB22F6A33CD1F9CE6C13974A8.jpg,,,2025-06-04T23:59:59.999999999+01:00,PROSPECTUS,19,3,,,
950,5601008100058,125.0,Vieira de Castro,"Bolachas de água e sal, embalagem de 125g",,0.74,5.92,0,kg,€/Kg,,,https://driveimg1.intermarche.com/pt/Content/images/boitmal/produit/zoom/5EC30A0846C4DC333D34FC492D84EC59.jpg,,,2025-06-04T23:59:59.999999999+01:00,PROSPECTUS,19,3,,,
9725,5604260272549,500.0,PorSi,"Iogurte sabor a coco,  4 x 125 g",,0.8,1.6,0,kg,€/Kg,,,https://driveimg1.intermarche.com/pt/Content/images/boitmal/produit/zoom/EAD6BF9881F57DF97B54CF550C62A561.jpg,,,2025-06-04T23:59:59.999999999+01:00,PROSPECTUS,19,3,,,
980,5601024134488,750.0,Oliveira da Serra,Azeite virgem extra clássico,Embalagem de 750 ml,5.99,7.99,750,L,€/L,,,https://driveimg1.intermarche.com/pt/Content/images/boitmal/produit/zoom/01EF39EFE8396CC9ACA95DC25E9D3412.jpg,,,2025-06-04T23:59:59.999999999+01:00,PROSPECTUS,19,3,,,
15156,2892099000000,500.0,Fruta,Papaia Avião,1 un = 500 g (aprox.),2.0,3.99,0,,€/Kg,,,https://driveimg1.intermarche.com/pt/Content/images/boitmal/produit/zoom/103067E524772C956478A94460D63E34.jpg,,,2025-06-04T23:59:59.999999999+01:00,PROSPECTUS,19,3,,,
23276,5604260281299,175.0,PorSi,Salada Gourmet Programa Origens,Embalagem de 175g,1.19,6.8,0,kg,€/Kg,,,https://driveimg1.intermarche.com/pt/Content/images/boitmal/produit/zoom/4B8FE4793F676EB4D411F04A36543FE6.jpg,,,2025-06-04T23:59:59.999999999+01:00,PROSPECTUS,19,3,,,
1195,5601119230224,650.0,Nobre,"Salsichas extra suculentas, frasco de 650 g",,2.09,3.22,0,kg,€/Kg,,,https://driveimg1.intermarche.com/pt/Content/images/boitmal/produit/zoom/F74C2FC7C8B9C0B3ED0E43FFE3B59991.jpg,,,2025-06-04T23:59:59.999999999+01:00,PROSPECTUS,19,3,,,
9692,5604260270644,1000.0,PorSi,Lasanha à Bolonhesa,Embalagem de 1 kg,4.49,4.49,0,kg,€/Kg,,,https://driveimg1.intermarche.com/pt/Content/images/boitmal/produit/zoom/595A20D8C881F56034BBF0051C161610.jpg,,,2025-06-04T23:59:59.999999999+01:00,PROSPECTUS,19,3,,,
36919,5604260288878,240.0,PorSi,Merendinhas com pepitas de chocolate,Embalagem de 240 g,1.57,6.54,0,kg,€/Kg,,,https://driveimg1.intermarche.com/pt/Content/images/boitmal/produit/zoom/8CAE3B596B4B404DAEB7A604EB61BC36.jpg,,,2025-06-04T23:59:59.999999999+01:00,PROSPECTUS,19,3,,,
36170,5604260295654,1000.0,PorSi,Batata pré-frita palito,Embalagem de 1 kg,1.99,1.99,0,kg,€/Kg,,Tipo de stockagem,https://driveimg1.intermarche.com/pt/Content/images/boitmal/produit/zoom/CF4C3E7B4CE8656CEB5876B96DD4C997.jpg,,,2025-06-04T23:59:59.999999999+01:00,PROSPECTUS,19,3,,,
931,5601001228100,300.0,Nestum,Nestum flocos de cereais com mel,Embalagem de 300g,2.24,7.47,0,kg,€/Kg,,,https://driveimg1.intermarche.com/pt/Content/images/boitmal/produit/zoom/82B368094FF4C269D04DE75FB30D7775.jpg,,,2025-06-04T23:59:59.999999999+01:00,PROSPECTUS,19,3,,,
41822,7613039868300,270.0,Nestlé,Cereais estrelitas,Embalagem de 270 g,2.09,7.74,0,kg,€/Kg,,,https://driveimg1.intermarche.com/pt/Content/images/boitmal/produit/zoom/8ED5B2AE951DD00B9C8D9B0148834738.jpg,,,2025-06-04T23:59:59.999999999+01:00,PROSPECTUS,19,3,,,
10509,8435250297955,256.0,Nestlé,"Iogurte mix in smarties baunilha, embalagem de 2 x 128 g",,2.09,8.16,0,kg,€/Kg,,,https://driveimg1.intermarche.com/pt/Content/images/boitmal/produit/zoom/5355941DC0922592DB9EDB46788FEE19.jpg,,,2025-06-04T23:59:59.999999999+01:00,PROSPECTUS,19,3,,,
13839,2891006000000,800.0,Novilho,Bife da Pá,Vendido ao peso a partir de 800 g,9.51,11.89,0,,€/Kg,,,https://driveimg1.intermarche.com/pt/Content/images/boitmal/produit/zoom/5626B1315F40E59D057B37FBCA18064B.jpg,,,2025-06-04T23:59:59.999999999+01:00,PROSPECTUS,19,3,,,
15013,2892586000000,1000.0,Programa Origens,Couve Roxa,1 un = 1 kg (aprox.),0.89,0.89,0,,€/Kg,,,https://driveimg1.intermarche.com/pt/Content/images/boitmal/produit/zoom/0752C121E89F4808C55CABA6C3E6EA04.jpg,,,2025-06-04T23:59:59.999999999+01:00,PROSPECTUS,19,3,,,
36186,8715700017006,570.0,Heinz,"Ketchup top down, 570g",,3.24,5.68,0,kg,€/Kg,,,https://driveimg1.intermarche.com/pt/Content/images/boitmal/produit/zoom/61C6EABD68232C332B75678207D54C3E.jpg,,,2025-06-04T23:59:59.999999999+01:00,PROSPECTUS,19,3,,,
5246,5601151540886,600.0,Compal,"Néctar pêra, pack 3 x 200 ml",,1.35,2.25,600,L,€/L,,,https://driveimg1.intermarche.com/pt/Content/images/boitmal/produit/zoom/D6B34834645718035C7DBFF284A80A1D.jpg,,,2025-06-04T23:59:59.999999999+01:00,PROSPECTUS,19,3,,,
2059,5604260303861,500.0,PorSi,Polpa de cebola e alho,Embalagem de 500 g,1.39,2.78,0,kg,€/Kg,,,https://driveimg1.intermarche.com/pt/Content/images/boitmal/produit/zoom/41444F01158BD1D91B444EE63E3C35F0.jpg,,,2025-06-04T23:59:59.999999999+01:00,PROSPECTUS,19,3,,,
1010,5601038300091,240.0,Knorr,"Caldo de galinha 24 cubos, embalagem de 240g",,2.49,10.38,0,kg,€/Kg,,,https://driveimg1.intermarche.com/pt/Content/images/boitmal/produit/zoom/4E25834255892D5C9C1047A286FE9847.jpg,,,2025-06-04T23:59:59.999999999+01:00,PROSPECTUS,19,3,,,
2445,5998749109113,270.0,Pedigree,"Snack dentastix grande, embalagem de 270g",,3.45,12.78,0,kg,€/Kg,,,https://driveimg1.intermarche.com/pt/Content/images/boitmal/produit/zoom/35241472DE7F17B0C520CB43E029E0A7.jpg,,,2025-06-04T23:59:59.999999999+01:00,PROSPECTUS,19,3,,,
11959,5603722504945,200.0,Mimosa,"Nata para culinária ligeira, embalagem de 200 ml",,0.91,4.55,200,L,€/L,,,https://driveimg1.intermarche.com/pt/Content/images/boitmal/produit/zoom/34074ECCE8C9D0028618D923D64DF04D.jpg,,,2025-06-04T23:59:59.999999999+01:00,PROSPECTUS,19,3,,,
5005,5601028000338,,Renova,"Guardanapos brancos, 33x33cm, 2 folhas, 90 unidades",Uma embalagem,1.24,1.24,0,,€/Unidade,,,https://driveimg1.intermarche.com/pt/Content/images/boitmal/produit/zoom/9F219BE4431DFB73ED0C83D11864E280.jpg,,,2025-06-04T23:59:59.999999999+01:00,PROSPECTUS,19,3,,,
13523,2893515000000,250.0,Peixaria,Lula Congelada,1 un= 250 gr (aprox.),1.25,4.99,0,,€/Kg,,Avantages !,https://driveimg1.intermarche.com/pt/Content/images/boitmal/produit/zoom/B2B7BBDC4CDC3C912C9CD2FEC6D3B682.jpg,,,2025-06-04T23:59:59.999999999+01:00,PROSPECTUS,19,3,,,
17827,5603344531022,110.0,General,Atum posta em óleo,Embalagem de 110g,0.94,8.55,0,kg,€/Kg,,,https://driveimg1.intermarche.com/pt/Content/images/boitmal/produit/zoom/6CF8780AD6CFF5E4D2703538338330A5.jpg,,,2025-06-04T23:59:59.999999999+01:00,PROSPECTUS,19,3,,,
13373,2893800000000,750.0,Bacalhau,Bacalhau Corrente da Noruega,1 un= 750 g (aprox.),6.97,9.29,0,,€/Kg,,,https://driveimg1.intermarche.com/pt/Content/images/boitmal/produit/zoom/D74E09EC00B79A52E13EB6B9341BD6BA.jpg,,,2025-06-04T23:59:59.999999999+01:00,PROSPECTUS,19,3,,,
1230,5601146232512,1500.0,Joi,"Refrigerante sem gás, maracujá e la, garrafa de 1,5 l",,1.29,0.86,1500,L,€/L,,,https://driveimg1.intermarche.com/pt/Content/images/boitmal/produit/zoom/430468AF369DBE1139E298A0EA69B620.jpg,,,2025-06-04T23:59:59.999999999+01:00,PROSPECTUS,19,3,,,
13585,2893580000000,250.0,Marisco,Gambão Congelado 20/30,Vendido a partir de 250 (aprox.),2.25,8.99,0,,€/Kg,,Avantages !,https://driveimg1.intermarche.com/pt/Content/images/boitmal/produit/zoom/8045A02528560B0A77B8815B2FADD1B4.jpg,,,2025-06-04T23:59:59.999999999+01:00,PROSPECTUS,19,3,,,
1468,5601286250780,500.0,Milaneza,"Massa maçarronete riscado, embalagem de 500g",,1.04,2.08,0,kg,€/Kg,,,https://driveimg1.intermarche.com/pt/Content/images/boitmal/produit/zoom/BA4109E5185276DFC6B9D6597899335A.jpg,,,2025-06-04T23:59:59.999999999+01:00,PROSPECTUS,19,3,,,
39625,5607233533951,385.0,Panrico,Pão cerealia 100% integral,Embalagem de 385g,1.54,4.0,0,kg,€/Kg,,,https://driveimg1.intermarche.com/pt/Content/images/boitmal/produit/zoom/41D40B955E0A17EB04A654C74F17935A.jpg,,,2025-06-04T23:59:59.999999999+01:00,PROSPECTUS,19,3,,,
53208,8719200268647,1000.0,Vaqueiro,"Creme vegetal culinária clássico, 1 kg",,2.99,2.99,0,kg,€/Kg,,,https://driveimg1.intermarche.com/pt/Content/images/boitmal/produit/zoom/0735A691FAA77E120C1E24086E19EA16.jpg,https://driveimg1.intermarche.com/pt/Content/images/boitmal/produit/zoom/DD9C237337ADB2608A1427FA94442244.jpg,https://driveimg1.intermarche.com/pt/Content/images/boitmal/produit/zoom/DD9C237337ADB2608A1427FA94442244.jpg,2025-06-04T23:59:59.999999999+01:00,PROSPECTUS,19,3,https://driveimg1.intermarche.com/pt/Content/images/boitmal/produit/zoom/DD9C237337ADB2608A1427FA94442244.jpg,,
16962,5601029004113,385.0,Bom Petisco,"Atum posta em azeite, embalagem de 390g",,5.24,13.61,0,kg,€/Kg,,,https://driveimg1.intermarche.com/pt/Content/images/boitmal/produit/zoom/0C4E57981E99F5D956BAC878E526BF89.jpg,,,2025-06-04T23:59:59.999999999+01:00,PROSPECTUS,19,3,,,
37443,7613037040869,250.0,Nestum,"Nestum zero espelta/aveia, embalagem de 250g",,2.24,8.96,0,kg,€/Kg,,,https://driveimg1.intermarche.com/pt/Content/images/boitmal/produit/zoom/BF80E2BF1A95765256612BEC5A65D8DD.jpg,,,2025-06-04T23:59:59.999999999+01:00,PROSPECTUS,19,3,,,
41226,5601050036572,440.0,Danone,"Oikos morango, embalagem de 4 x 110g",,1.99,4.52,0,kg,€/Kg,,,https://driveimg1.intermarche.com/pt/Content/images/boitmal/produit/zoom/2653493E2B1190B7D8AE6B95BAB9D958.jpg,,,2025-06-04T23:59:59.999999999+01:00,PROSPECTUS,19,3,,,
1460,5601286222787,500.0,Milaneza,"Massa de cotovelinhos, embalagem de 500g",,1.04,2.08,0,kg,€/Kg,,,https://driveimg1.intermarche.com/pt/Content/images/boitmal/produit/zoom/49B04C2917E036F30360190A48027326.jpg,,,2025-06-04T23:59:59.999999999+01:00,PROSPECTUS,19,3,,,
18350,8410320148245,80.0,Campofrio,Chouriço fatiado,Embalagem de 80g,1.59,19.88,0,kg,€/Kg,,,https://driveimg1.intermarche.com/pt/Content/images/boitmal/produit/zoom/C3DD6539D50EC6C28C822B12B80D5795.jpg,,,2025-06-04T23:59:59.999999999+01:00,PROSPECTUS,19,3,,,
20988,5601260593605,67.0,Cigala,"Noodle banzai galinha, embalagem de 70g",,1.09,16.27,0,kg,€/Kg,,,https://driveimg1.intermarche.com/pt/Content/images/boitmal/produit/zoom/71C67AA9B3CABECA513D8BECB737982E.jpg,,,2025-06-04T23:59:59.999999999+01:00,PROSPECTUS,19,3,,,
2587,7622300165628,160.0,Oreo,"Bolachas mini, embalagem de 160g",,1.84,11.5,0,kg,€/Kg,,,https://driveimg1.intermarche.com/pt/Content/images/boitmal/produit/zoom/F9C526AA63F496736DBEE08B88A78CA2.jpg,,,2025-06-04T23:59:59.999999999+01:00,PROSPECTUS,19,3,,,
43544,5604260309979,2000.0,PorSi,"Amaciador concentrado para roupa pétalas de rosa, 80 doses",,1.85,0.93,2000,L,€/L,,,https://driveimg1.intermarche.com/pt/Content/images/boitmal/produit/zoom/5694AB32A5EFD974E4C8265F593E7D4C.jpg,,,2025-06-04T23:59:59.999999999+01:00,PROSPECTUS,19,3,,,
939,5601001315107,200.0,Nestlé,"Mistura solúvel tofina despertar, embalagem de 200g",,2.89,14.45,0,kg,€/Kg,,,https://driveimg1.intermarche.com/pt/Content/images/boitmal/produit/zoom/CC5A47735407D4C3B415883C0C674337.jpg,,,2025-06-04T23:59:59.999999999+01:00,PROSPECTUS,19,3,,,
13848,2891015000000,150.0,Novilho,Entremeada Novilho,1 un=150 gr (aprox),1.48,9.89,0,,€/Kg,,,https://driveimg1.intermarche.com/pt/Content/images/boitmal/produit/zoom/E3E6C57F8100820E9FD4FEA74DC60325.jpg,,,2025-06-04T23:59:59.999999999+01:00,PROSPECTUS,19,3,,,
14172,5601226006460,1500.0,Ucal,"Leite com chocolate original, embalagem de 6 x 250 ml",,4.59,3.06,1500,L,€/L,,,https://driveimg1.intermarche.com/pt/Content/images/boitmal/produit/zoom/DBA6B505928AF15261880350BAEA1A97.jpg,,,2025-06-04T23:59:59.999999999+01:00,PROSPECTUS,19,3,,,
26798,5029053028620,,Kleenex,Lenços Bolso Colletion,Pack 15 unidades,1.99,1.99,0,,€/Unidade,,,https://driveimg1.intermarche.com/pt/Content/images/boitmal/produit/zoom/970C613CC2F6A16587D28BC062FA8407.jpg,,,2025-06-11T23:59:59.999999999+01:00,PROSPECTUS,19,3,,,
35462,8410500023652,300.0,Yopro,"Iogurte liquido proteína yopro morango/framboesa, 300g",,1.99,6.63,0,kg,€/Kg,,,https://driveimg1.intermarche.com/pt/Content/images/boitmal/produit/zoom/0355698CE2ECE716D8F24A21D83D0BA6.jpg,,,2025-06-04T23:59:59.999999999+01:00,PROSPECTUS,19,3,,,
50405,8445290489173,900.0,Cerelac,"Papa Infantil 12 meses, 900g",,6.29,6.99,0,kg,€/Kg,,,https://driveimg1.intermarche.com/pt/Content/images/boitmal/produit/zoom/79C2E535CBAB06EFF8E7EE2B8A2191BC.jpg,,,2025-06-04T23:59:59.999999999+01:00,PROSPECTUS,19,4,,,
10669,8714789703046,360.0,Palmolive,"Sabonete sensitive, 4x90 g",,3.59,9.97,0,kg,€/Kg,,,https://driveimg1.intermarche.com/pt/Content/images/boitmal/produit/zoom/8140413D2E9C838D4EEF2E30218B12BC.jpg,,,2025-06-11T23:59:59.999999999+01:00,PROSPECTUS,19,4,,,
1462,5601286231772,250.0,Milaneza,"Massa, estrelinhas, embalagem de 250g",,0.61,2.44,0,kg,€/Kg,,,https://driveimg1.intermarche.com/pt/Content/images/boitmal/produit/zoom/3936C365D7B95744ED545201CA491D61.jpg,,,2025-06-04T23:59:59.999999999+01:00,PROSPECTUS,19,4,,,
43027,5604260309948,2000.0,PorSi,"Amaciador concentrado para roupa aloé vera, 80 doses",,1.85,0.93,2000,L,€/L,,,https://driveimg1.intermarche.com/pt/Content/images/boitmal/produit/zoom/74EDE38428346064C0CAB7C74708459C.jpg,https://driveimg1.intermarche.com/pt/Content/images/boitmal/produit/zoom/8F5D9E9881CF7344832E8C38BDD4AAAF.jpg,https://driveimg1.intermarche.com/pt/Content/images/boitmal/produit/zoom/8F5D9E9881CF7344832E8C38BDD4AAAF.jpg,2025-06-04T23:59:59.999999999+01:00,PROSPECTUS,19,4,,,
25262,5000116112166,208.0,Capitão Iglo,"10 nuggets de frango, embalagem de 210g",,2.99,14.38,0,kg,€/Kg,,Tipo de stockagem,https://driveimg1.intermarche.com/pt/Content/images/boitmal/produit/zoom/CF1467DF1CD91C352F5C2C303E0557A7.jpg,,,2025-06-04T23:59:59.999999999+01:00,PROSPECTUS,19,4,,,
2549,7613034717931,200.0,Nestlé,"Chocolate culinário, embalagem de 200g",,2.74,13.7,0,kg,€/Kg,,,https://driveimg1.intermarche.com/pt/Content/images/boitmal/produit/zoom/3B153FC5DBA6E54FFCBD8019E97BAF3D.jpg,,,2025-06-04T23:59:59.999999999+01:00,PROSPECTUS,19,4,,,
54361,8410104915186,,Finish,"Detergente Loiça Máquina Quantum Limão, 28 Pastilhas",,5.99,5.99,0,,€/Unidade,,,https://driveimg1.intermarche.com/pt/Content/images/boitmal/produit/zoom/AF6445EE2B2537230E8784866A377CB3.jpg,,,2025-06-04T23:59:59.999999999+01:00,PROSPECTUS,19,4,,,
940,5601001322402,20.0,Nescafé,"Café solúvel nescafé, embalagem de 20g",,1.49,74.5,0,kg,€/Kg,,,https://driveimg1.intermarche.com/pt/Content/images/boitmal/produit/zoom/BCEBB6129FC84253AC3E2D01F300F9A9.jpg,,,2025-06-04T23:59:59.999999999+01:00,PROSPECTUS,19,4,,,
12471,8435257040868,640.0,Nestlé,"Iogurte líquido yoggi morango/banana, embalagem de 4 x 160g",,1.99,3.11,0,kg,€/Kg,,,https://driveimg1.intermarche.com/pt/Content/images/boitmal/produit/zoom/E92C48D7A1A5BA67322D0E6250F5BAFF.jpg,,,2025-06-04T23:59:59.999999999+01:00,PROSPECTUS,19,4,,,
22338,8715700422084,400.0,Heinz,Maionese top down de 400 ml,,2.46,6.15,400,L,€/L,,,https://driveimg1.intermarche.com/pt/Content/images/boitmal/produit/zoom/612634FE8A5F525F53CC12FEFDCD73F6.jpg,,,2025-06-04T23:59:59.999999999+01:00,PROSPECTUS,19,4,,,
31554,8435257039138,1280.0,Nestlé,"Nestlé - iogurte líquido de tutti-frutti, pack 8 x 160 g",,3.89,3.04,0,kg,€/Kg,,,https://driveimg1.intermarche.com/pt/Content/images/boitmal/produit/zoom/FBACDDE5448B1E7990331AE3CC79D8AF.jpg,,,2025-06-04T23:59:59.999999999+01:00,PROSPECTUS,19,4,,,
35089,5604260287246,,PorSi,"Acendalha ecológicas, 32 cubos",,0.99,0.99,0,,€/Unidade,,,https://driveimg1.intermarche.com/pt/Content/images/boitmal/produit/zoom/3C3A545F046A9053ADD48AE98FE47946.jpg,,,2025-06-11T23:59:59.999999999+01:00,PROSPECTUS,19,4,,,
41094,5604260303632,200.0,PorSi,"Toucinho fumado extra, 200 g",,2.39,11.95,0,kg,€/Kg,,,https://driveimg1.intermarche.com/pt/Content/images/boitmal/produit/zoom/E3EEEDFA1A2EA17A797B22C4E1527B14.jpg,,,2025-06-04T23:59:59.999999999+01:00,PROSPECTUS,19,4,,,
4335,3600540829160,50.0,Narta men,"Desodorizante roll-on, invisimax",Embalagem de 50 ml,2.69,53.8,50,L,€/L,,,https://driveimg1.intermarche.com/pt/Content/images/boitmal/produit/zoom/A48BB816DCCE142F5DC4F8D9E2CEC850.jpg,,,2025-06-11T23:59:59.999999999+01:00,PROSPECTUS,19,4,,,
43542,5604260309962,2000.0,PorSi,"Amaciador concentrado para roupa jojoba, 80 doses",,1.85,0.93,2000,L,€/L,,,https://driveimg1.intermarche.com/pt/Content/images/boitmal/produit/zoom/95C7567032806DAB5689560A3C82D170.jpg,,,2025-06-04T23:59:59.999999999+01:00,PROSPECTUS,19,4,,,
942,5601001324109,100.0,Nescafé,"Café solúvel gold, embalagem de 100g",,5.69,56.9,0,kg,€/Kg,,,https://driveimg1.intermarche.com/pt/Content/images/boitmal/produit/zoom/56AF775E1D437B4623D4E42AE4DAA827.jpg,,,2025-06-04T23:59:59.999999999+01:00,PROSPECTUS,19,4,,,
1438,5601260047108,1000.0,Saludães,Arroz agulha,Embalagem de 1kg,1.35,1.35,0,kg,€/Kg,,,https://driveimg1.intermarche.com/pt/Content/images/boitmal/produit/zoom/B47152EFC4F603CBADD3130829B29F08.jpg,,,2025-06-04T23:59:59.999999999+01:00,PROSPECTUS,19,4,,,
1463,5601286232779,250.0,Milaneza,"Massa pevide, embalagem de 250g",,0.61,2.44,0,kg,€/Kg,,,https://driveimg1.intermarche.com/pt/Content/images/boitmal/produit/zoom/7FABF67C8683DAD5B618F045601E14A4.jpg,,,2025-06-04T23:59:59.999999999+01:00,PROSPECTUS,19,4,,,
20512,5601070000539,500.0,Cristal,"Vinagre de sidra, garrafa de 500 ml",,1.15,2.3,500,L,€/L,,,https://driveimg1.intermarche.com/pt/Content/images/boitmal/produit/zoom/088D2E6C27D5043C18AD10EB75A50F4E.jpg,,,2025-06-04T23:59:59.999999999+01:00,PROSPECTUS,19,4,,,
2518,7613033814693,400.0,Nestlé,"Fruta para bebé 7 frutos +6 meses, embalagem de 4 x 100g",,2.24,5.6,0,kg,€/Kg,,,https://driveimg1.intermarche.com/pt/Content/images/boitmal/produit/zoom/18CF4010C8E037B64FBADB6A5A35AF8F.jpg,,,2025-06-04T23:59:59.999999999+01:00,PROSPECTUS,19,4,,,
25735,5000116112173,208.0,Capitão Iglo,"10 nuggets peito de frango e queijo, embalagem de 210g",,3.49,16.78,0,kg,€/Kg,,Tipo de stockagem,https://driveimg1.intermarche.com/pt/Content/images/boitmal/produit/zoom/C51CDDEB144DBFB12E5D153B5560BAD5.jpg,,,2025-06-04T23:59:59.999999999+01:00,PROSPECTUS,19,4,,,
33563,5609060007070,200.0,Delta,Cevada solúvel,Embalagem de 200 g,2.59,12.95,0,kg,€/Kg,,,https://driveimg1.intermarche.com/pt/Content/images/boitmal/produit/zoom/9DB066DE69C74BAF6E3C3065BCCE0FA7.jpg,,,2025-06-04T23:59:59.999999999+01:00,PROSPECTUS,19,4,,,
41979,5601050036244,160.0,Danone,"Yopro manteiga amendoim banana, embalagem de 160g",,1.09,6.81,0,kg,€/Kg,,,https://driveimg1.intermarche.com/pt/Content/images/boitmal/produit/zoom/FA86300496543407BC1BC50B2C72D742.jpg,,,2025-06-04T23:59:59.999999999+01:00,PROSPECTUS,19,4,,,
42847,5604260307999,1000.0,PorSi Bio,Bio bebida aveia,embalagem de 1 litro,1.19,1.19,1000,L,€/L,,Produtos Bio,https://driveimg1.intermarche.com/pt/Content/images/boitmal/produit/zoom/C923FB353F4DBBE9E2E788A0B1D8F2AA.jpg,,,2025-06-04T23:59:59.999999999+01:00,PROSPECTUS,19,4,,,
43820,5604260312559,750.0,PorSi,Spray tira gorduras,Embalagem de 750 ml,1.45,1.93,750,L,€/L,,,https://driveimg1.intermarche.com/pt/Content/images/boitmal/produit/zoom/5A8C5507FE897868931863ECE4A05799.jpg,,,2025-06-04T23:59:59.999999999+01:00,PROSPECTUS,19,4,,,
44809,7613035593756,1000.0,Nesquik,"Achocolatado em saco, embalagem de 1 kg",,6.59,6.59,0,kg,€/Kg,,,https://driveimg1.intermarche.com/pt/Content/images/boitmal/produit/zoom/B72BED7B45B21CF0D0F77A499251A582.jpg,,,2025-06-04T23:59:59.999999999+01:00,PROSPECTUS,19,4,,,
45208,5604260312054,500.0,PorSi,Couscous,Embalagem de 5 x 100 g,1.29,2.58,0,kg,€/Kg,,,https://driveimg1.intermarche.com/pt/Content/images/boitmal/produit/zoom/EFAE0B5C3A6800C28E30F3B736F4E7AF.jpg,,,2025-06-04T23:59:59.999999999+01:00,PROSPECTUS,19,4,,,
46483,5604260314744,750.0,PorSi,Spray antibacteriano,750 ml,1.79,2.39,750,L,€/L,,,https://driveimg1.intermarche.com/pt/Content/images/boitmal/produit/zoom/94B56427FA30DF7BACCDDC0D63635ACF.jpg,,,2025-06-04T23:59:59.999999999+01:00,PROSPECTUS,19,4,,,
47034,8714100827666,160.0,Knorr,"Caldo galinha receita económica, embalagem de 160g",,1.29,8.06,0,kg,€/Kg,,,https://driveimg1.intermarche.com/pt/Content/images/boitmal/produit/zoom/54D2297B42302C9BEB14DE9BF8F6F3CF.jpg,,,2025-06-04T23:59:59.999999999+01:00,PROSPECTUS,19,4,,,
50378,7613031300655,375.0,Nestlé,"Cereais Nestlé Multicheerios, 375g",,4.49,11.97,0,kg,€/Kg,,,https://driveimg1.intermarche.com/pt/Content/images/boitmal/produit/zoom/8274ECF7D20252BA262D6F0987D5E737.jpg,,,2025-06-04T23:59:59.999999999+01:00,PROSPECTUS,19,4,,,
1146,5601082027029,55.0,Delta Q,Café em cápsulas deqafeitatus,Embalagem de 55 g,3.99,72.55,0,kg,€/Kg,,,https://driveimg1.intermarche.com/pt/Content/images/boitmal/produit/zoom/245DF90A4F20DF617A9331E6A54D24B0.jpg,,,2025-06-04T23:59:59.999999999+01:00,PROSPECTUS,19,4,,,
11585,5601151540817,600.0,Compal,"Néctar tutti fruti, pack 3 x 200 ml",,1.35,2.25,600,L,€/L,,,https://driveimg1.intermarche.com/pt/Content/images/boitmal/produit/zoom/E9C042C28F6E0C8FC94CAE675AF583BD.jpg,,,2025-06-04T23:59:59.999999999+01:00,PROSPECTUS,19,4,,,
15398,5604260278039,1500.0,PorSi,Amaciador  p/ roupa concentrado Aromaterapia,Embalagem com 60 doses,2.49,1.66,1500,L,€/L,,,https://driveimg1.intermarche.com/pt/Content/images/boitmal/produit/zoom/A34CA50BD5140F3567823C4B325B98EF.jpg,,,2025-06-04T23:59:59.999999999+01:00,PROSPECTUS,19,4,,,
16706,5601260592608,67.0,Cigala,"Noodle banzai carne, embalagem de 70g",,1.09,16.27,0,kg,€/Kg,,,https://driveimg1.intermarche.com/pt/Content/images/boitmal/produit/zoom/82737AEBE736E2B8511494BB15EEB657.jpg,,,2025-06-04T23:59:59.999999999+01:00,PROSPECTUS,19,4,,,
26061,5601082041735,220.0,Delta,Café moagem universal angola,Embalagem de 220g,3.69,16.77,0,kg,€/Kg,,,https://driveimg1.intermarche.com/pt/Content/images/boitmal/produit/zoom/5D337D3866314BE280A581C05FCA725F.jpg,,,2025-06-04T23:59:59.999999999+01:00,PROSPECTUS,19,4,,,
28640,5054563030948,75.0,Aquafresh,Dentífrico Tripla Proteção,Embalagem de 75 ml,1.84,24.53,75,L,€/L,,,https://driveimg1.intermarche.com/pt/Content/images/boitmal/produit/zoom/3F822B9D22CAC67DC8DBD8698E3FBBBD.jpg,,,2025-06-04T23:59:59.999999999+01:00,PROSPECTUS,19,4,,,
36945,8719200009899,500.0,Vaqueiro,"Margarina líquida, embalagem de 500 ml",,2.49,4.98,500,L,€/L,,,https://driveimg1.intermarche.com/pt/Content/images/boitmal/produit/zoom/03FECF6E7878193CA48B473E5C2E3939.jpg,,,2025-06-04T23:59:59.999999999+01:00,PROSPECTUS,19,4,,,
37900,5601119305007,210.0,Nobre,"Salsicha hot dog, frasco de 250g",,2.39,11.38,0,kg,€/Kg,,,https://driveimg1.intermarche.com/pt/Content/images/boitmal/produit/zoom/68E53CA887C0767923F878238ADB6D84.jpg,,,2025-06-04T23:59:59.999999999+01:00,PROSPECTUS,19,4,,,
41302,5601050036558,440.0,Danone,"Iogurte oikos natural açucarado, embalagem de 4 x 110g",,2.49,5.66,0,kg,€/Kg,,,https://driveimg1.intermarche.com/pt/Content/images/boitmal/produit/zoom/EF9CBAC3BDE3B09B251B8011D3C6F904.jpg,,,2025-06-04T23:59:59.999999999+01:00,PROSPECTUS,19,4,,,
45424,5449000205551,1500.0,Sprite,"Refrigerante com gás lima limão, garrafa de 1.5 l",,0.99,0.66,1500,L,€/L,,,https://driveimg1.intermarche.com/pt/Content/images/boitmal/produit/zoom/435BA3924DACD7858B68099757279D0D.jpg,,,2025-06-04T23:59:59.999999999+01:00,PROSPECTUS,19,4,,,
483,3033710046645,400.0,Nestlé,"Fruta para bebé maçã manga +6 meses, embalagem de 4 x 100g",,2.24,5.6,0,kg,€/Kg,,,https://driveimg1.intermarche.com/pt/Content/images/boitmal/produit/zoom/B957252E4468B4428B54FDF0DEC950C2.jpg,,,2025-06-04T23:59:59.999999999+01:00,PROSPECTUS,19,4,,,
53292,8719200265424,450.0,Becel,"Creme vegetal culinária, 450g",,2.49,5.53,0,kg,€/Kg,,,https://driveimg1.intermarche.com/pt/Content/images/boitmal/produit/zoom/731104623BFBA291592C36763AD2ACB6.jpg,https://driveimg1.intermarche.com/pt/Content/images/boitmal/produit/zoom/FE0F50DA9FD82BB1CA28828D6783A017.jpg,https://driveimg1.intermarche.com/pt/Content/images/boitmal/produit/zoom/FE0F50DA9FD82BB1CA28828D6783A017.jpg,2025-06-04T23:59:59.999999999+01:00,PROSPECTUS,19,4,https://driveimg1.intermarche.com/pt/Content/images/boitmal/produit/zoom/FE0F50DA9FD82BB1CA28828D6783A017.jpg,,
5745,5603722513718,1000.0,Vigor,Leite pasteurizado m/g sem lactose,Garrafa de 1 l,1.19,1.19,1000,L,€/L,,,https://driveimg1.intermarche.com/pt/Content/images/boitmal/produit/zoom/4A274333D648928B02F1993344237862.jpg,,,2025-06-04T23:59:59.999999999+01:00,PROSPECTUS,19,4,,,
10091,8410100059839,360.0,Nestlé,"Queijinho petit nesquik, embalagem de 6 x 60g",,2.99,8.31,0,kg,€/Kg,,,https://driveimg1.intermarche.com/pt/Content/images/boitmal/produit/zoom/88B248C453A669F7E350B1DDEC2F3C33.jpg,,,2025-06-04T23:59:59.999999999+01:00,PROSPECTUS,19,4,,,
10513,8435250439591,236.0,Nestlé,"Iogurte mix-in chocapic,  2 x 118 g",,2.09,8.86,0,kg,€/Kg,,,https://driveimg1.intermarche.com/pt/Content/images/boitmal/produit/zoom/368B8AC44F8070965585916E17063F2C.jpg,,,2025-06-04T23:59:59.999999999+01:00,PROSPECTUS,19,4,,,
10859,3023290400395,230.0,Nestlé,"Iogurte mix in kit kat, embalagem de 2 x 115g",,2.09,9.09,0,kg,€/Kg,,,https://driveimg1.intermarche.com/pt/Content/images/boitmal/produit/zoom/46A338E8D7EAC63B8EF63808F7DF5998.jpg,,,2025-06-04T23:59:59.999999999+01:00,PROSPECTUS,19,4,,,
1140,5601082026909,55.0,Delta Q,Cápsulas de café delta qualidus,Embalagem de 60g,3.99,72.55,0,kg,€/Kg,,,https://driveimg1.intermarche.com/pt/Content/images/boitmal/produit/zoom/441EE69B99F521CFEC78FC743837C36E.jpg,,,2025-06-04T23:59:59.999999999+01:00,PROSPECTUS,19,4,,,
1458,5601286220783,500.0,Milaneza,"Massa de cotovelos grossos, embalagem de 500g",,1.57,3.14,0,kg,€/Kg,,,https://driveimg1.intermarche.com/pt/Content/images/boitmal/produit/zoom/D93D679931815D69DD3322F399FB1B55.jpg,,,2025-06-04T23:59:59.999999999+01:00,PROSPECTUS,19,4,,,
1469,5601286251787,500.0,Milaneza,"Massa de maçarrão, embalagem de 500g",,1.57,3.14,0,kg,€/Kg,,,https://driveimg1.intermarche.com/pt/Content/images/boitmal/produit/zoom/684581E08A7B473B6F7C59B6AD72C932.jpg,,,2025-06-04T23:59:59.999999999+01:00,PROSPECTUS,19,4,,,
16493,8718951037939,500.0,Ajax,"Limpa vidros pistola, cristal, embalagem de 500 ml",,1.97,3.94,500,L,€/L,,,https://driveimg1.intermarche.com/pt/Content/images/boitmal/produit/zoom/B2152E81252C8B3ECCDB87063FC44E64.jpg,,,2025-06-04T23:59:59.999999999+01:00,PROSPECTUS,19,4,,,
20477,8714789876801,650.0,Palmolive,Gel Banho Coco,Embalagem de 650 ml,3.29,5.06,650,L,€/L,,,https://driveimg1.intermarche.com/pt/Content/images/boitmal/produit/zoom/C841EAB15BFBC711E7703D2FB84F7757.jpg,,,2025-06-11T23:59:59.999999999+01:00,PROSPECTUS,19,4,,,
23515,5600258596079,360.0,Feno,"Sabonete, embalagem de 4x90g",,3.33,9.25,0,kg,€/Kg,,,https://driveimg1.intermarche.com/pt/Content/images/boitmal/produit/zoom/7990DD6B57A8B1A02F5D528DA063FFFB.jpg,,,2025-06-11T23:59:59.999999999+01:00,PROSPECTUS,19,4,,,
37444,7613036955799,250.0,Nestum,"Nestum zero mel, embalagem de 250g",,2.24,8.96,0,kg,€/Kg,,,https://driveimg1.intermarche.com/pt/Content/images/boitmal/produit/zoom/5B200610F8E9504D3552A7693F67BE32.jpg,,,2025-06-04T23:59:59.999999999+01:00,PROSPECTUS,19,4,,,
41078,8718951333420,1250.0,Ajax,"Detergente líquido lava-tudo festa das flores primavera, 1.25 litros",,2.24,1.79,1250,L,€/L,,,https://driveimg1.intermarche.com/pt/Content/images/boitmal/produit/zoom/67E1C6EE2E3883C90BF505A7EA63B51E.jpg,,,2025-06-04T23:59:59.999999999+01:00,PROSPECTUS,19,4,,,
42143,5604260303854,1000.0,PorSi,"Polpa de tomate, 1 kg",,1.89,1.89,0,kg,€/Kg,,,https://driveimg1.intermarche.com/pt/Content/images/boitmal/produit/zoom/5C6D0BDD08334C8A912AFC708375CFDC.jpg,,,2025-06-04T23:59:59.999999999+01:00,PROSPECTUS,19,4,,,
