identifier,produitEan13,capacite,marque,libelle,conditionnement,prix,unitPrice,volume,typeProduit_uniteByCode,unit_value,pictogrammes_0,pictogrammes_libelleCategorie,images_0,images_1,images_2,images_3,avantages_dateFin,avantages_categorie,nro_paginas,page,images_4
13914,2891225000000,350.0,Frango,Perna com Costa,1 un. = 300 g (aprox.),0.8,2.29,0,,€/Kg,,,https://driveimg1.intermarche.com/pt/Content/images/boitmal/produit/zoom/D1297D1CD095629263E582A65B4C3857.jpg,,,,2025-07-02T23:59:59.999999999+01:00,PROSPECTUS,13,1,
927,5601001180903,380.0,Nestlé,Cereais chocapic,Embalagem de 375 g,2.39,6.29,0,kg,€/Kg,,,https://driveimg1.intermarche.com/pt/Content/images/boitmal/produit/zoom/EA69C754779AF0C6F4DD36E6F3A8C272.jpg,,,,2025-07-02T23:59:59.999999999+01:00,PROSPECTUS,13,1,
8520,5601119956490,120.0,Nobre,"Fiambre perna extra finissimos fatiado, embalagem de 120g",,1.89,15.75,0,kg,€/Kg,,,https://driveimg1.intermarche.com/pt/Content/images/boitmal/produit/zoom/15C8ADF2CEDA2C19A63D893348F1D7F5.jpg,,,,2025-07-02T23:59:59.999999999+01:00,PROSPECTUS,13,1,
9727,5604260273058,200.0,PorSi,Queijo Mozzarela Ralado 200G,,1.64,8.2,0,kg,€/Kg,,,https://driveimg1.intermarche.com/pt/Content/images/boitmal/produit/zoom/D767CFC30304ACED37F1FA78A6E123BE.jpg,,,,2025-07-02T23:59:59.999999999+01:00,PROSPECTUS,13,1,
54320,8718951559721,100.0,Colgate,"Pasta De Dentes Maximum Caries Protection, 100ml",,2.14,21.4,100,L,€/L,,,https://driveimg1.intermarche.com/pt/Content/images/boitmal/produit/zoom/FB112999317664A7E18AAA81FF2A5D06.jpg,https://driveimg1.intermarche.com/pt/Content/images/boitmal/produit/zoom/3694932EDFE660C6F958943C13CEE297.jpg,https://driveimg1.intermarche.com/pt/Content/images/boitmal/produit/zoom/3694932EDFE660C6F958943C13CEE297.jpg,https://driveimg1.intermarche.com/pt/Content/images/boitmal/produit/zoom/3694932EDFE660C6F958943C13CEE297.jpg,2025-07-02T23:59:59.999999999+01:00,PROSPECTUS,13,1,
29834,8712100516467,480.0,Olá,"Gelado cornetto mini clássico, embalagem de 8 x 60 ml",,3.89,8.1,480,L,€/L,,Tipo de stockagem,https://driveimg1.intermarche.com/pt/Content/images/boitmal/produit/zoom/966639A10CEAB2E0B5CACE51C203C362.jpg,,,,2025-07-02T23:59:59.999999999+01:00,PROSPECTUS,13,1,
17402,8412600027233,700.0,Bimbo,Pão forma familiar normal,embalagem de 700 g,1.99,2.84,0,kg,€/Kg,,,https://driveimg1.intermarche.com/pt/Content/images/boitmal/produit/zoom/BD26753EF23D0DF0FDC14FCDC181B902.jpg,,,,2025-07-02T23:59:59.999999999+01:00,PROSPECTUS,13,1,
18628,5601028002707,,Renova,Rolo de Cozinha Multi,4 Rolos,1.49,1.49,0,,€/Unidade,,,https://driveimg1.intermarche.com/pt/Content/images/boitmal/produit/zoom/A6A18C9DEB55952EA54214B88A2CC38D.jpg,,,,2025-07-02T23:59:59.999999999+01:00,PROSPECTUS,13,1,
12997,2892527000000,300.0,Legumes,Courgette Categoria II,,0.36,1.19,0,,€/Kg,,,https://driveimg1.intermarche.com/pt/Content/images/boitmal/produit/zoom/323B806C0CB557ED0F5B2CB32A998FDE.jpg,,,,2025-07-02T23:59:59.999999999+01:00,PROSPECTUS,13,1,
29733,5602182210335,750.0,Monte da Ravasqueira,Vinho regional alentejano sauvignon blanc,Garrafa de 0.75 l,5.24,6.99,750,L,€/L,,,https://driveimg1.intermarche.com/pt/Content/images/boitmal/produit/zoom/B52F90CFDB5CA4C7BE5D2E4FF121E522.jpg,,,,2025-07-02T23:59:59.999999999+01:00,PROSPECTUS,13,1,
2474,7613032408602,85.0,Purina Gourmet,"Comida húmida para gato vaca e frango, embalagem de 90g",,0.87,10.24,0,kg,€/Kg,,,https://driveimg1.intermarche.com/pt/Content/images/boitmal/produit/zoom/571C1A9D6D5EE4C101463565EC0CDDDE.jpg,,,,2025-07-02T23:59:59.999999999+01:00,PROSPECTUS,13,1,
17269,4084500617421,820.0,Fairy,"Detergente Líquido Lavar Loiça Original, 820 ml",,3.39,4.13,820,L,€/L,,,https://driveimg1.intermarche.com/pt/Content/images/boitmal/produit/zoom/AAC34482F7A307A6F6D7CF7355F8BFDC.jpg,,,,2025-07-02T23:59:59.999999999+01:00,PROSPECTUS,13,1,
26772,5449000106186,3500.0,Coca-Cola,"Refrigerante com gás, pack 2 x 1.75 l",,3.77,1.08,3500,L,€/L,,,https://driveimg1.intermarche.com/pt/Content/images/boitmal/produit/zoom/A789E276311FA9DA8F07BCEEEA6CB731.jpg,,,,2025-07-02T23:59:59.999999999+01:00,PROSPECTUS,13,1,
52965,5411188138051,400.0,Alpro,"Yofu natural com côco, 400g",,1.87,4.68,0,kg,€/Kg,,,https://driveimg1.intermarche.com/pt/Content/images/boitmal/produit/zoom/5FD864695C9B3ECF5DA8D909F78D83D5.jpg,https://driveimg1.intermarche.com/pt/Content/images/boitmal/produit/zoom/4EFC28C798EC9CE81FCEDF77B62BF031.jpg,https://driveimg1.intermarche.com/pt/Content/images/boitmal/produit/zoom/4EFC28C798EC9CE81FCEDF77B62BF031.jpg,,2025-07-02T23:59:59.999999999+01:00,PROSPECTUS,13,1,
36001,8001841215556,,Evax,Penso diário salvaslip multiforma,embalagem de 34 unidades,2.46,2.46,0,,€/Unidade,,,https://driveimg1.intermarche.com/pt/Content/images/boitmal/produit/zoom/E0557F5F441F2E3275BAD526FB959717.jpg,,,,2025-07-02T23:59:59.999999999+01:00,PROSPECTUS,13,1,
55312,3021761208204,360.0,Gogo,"Pack Saquetas de Fruta Maçã e Frutos Vermelhos, 4 x 90g",,1.92,5.33,0,kg,€/Kg,,,https://driveimg1.intermarche.com/pt/Content/images/boitmal/produit/zoom/66FA2FD0AEAE213271A8F30ABA7BE068.jpg,,,,2025-07-02T23:59:59.999999999+01:00,PROSPECTUS,13,1,
44936,8711327318373,540.0,Olá,"Cornetto clássico, embalagem de 6 x 90 ml",,3.29,6.09,540,L,€/L,,Tipo de stockagem,https://driveimg1.intermarche.com/pt/Content/images/boitmal/produit/zoom/375352E817B7CDAB1DA63F9C8C8FF261.jpg,,,,2025-07-02T23:59:59.999999999+01:00,PROSPECTUS,13,1,
41297,5601050036534,440.0,Danone,"Iogurte oikos pêssego, embalagem de 4 x 110g",,1.99,4.52,0,kg,€/Kg,,,https://driveimg1.intermarche.com/pt/Content/images/boitmal/produit/zoom/C2BCC90FB2B192B3C8BC1E9CCF0DA4AF.jpg,,,,2025-07-02T23:59:59.999999999+01:00,PROSPECTUS,13,1,
52088,7613032881313,85.0,Purina Gourmet,Comida húmida para gato gourmet gold com coelho 85g,,0.87,10.24,0,kg,€/Kg,,,https://driveimg1.intermarche.com/pt/Content/images/boitmal/produit/zoom/C00E78B2201EC475A2889804E65AE983.jpg,,,,2025-07-02T23:59:59.999999999+01:00,PROSPECTUS,13,1,
44956,2696878000000,,Padaria,Bola de mistura centeio Baviera,90 g,0.2,0.2,0,,€/Unidade,,,https://driveimg1.intermarche.com/pt/Content/images/boitmal/produit/zoom/09DB4B39AC0AAE5D11E868A906EFB364.jpg,,,,2025-07-02T23:59:59.999999999+01:00,PROSPECTUS,13,1,
12978,2892462000000,400.0,Legumes,Alface Frisada,1 un= 400 g (aprox.),0.56,1.39,0,,€/Kg,,,https://driveimg1.intermarche.com/pt/Content/images/boitmal/produit/zoom/11753DE36CD8D1B450ED5A40B08A088C.jpg,,,,2025-07-02T23:59:59.999999999+01:00,PROSPECTUS,13,1,
8907,5601356013062,750.0,Porta da Ravessa,"Vinho doc alentejo tinto, garrafa de 750 ml",,2.99,3.99,750,L,€/L,,,https://driveimg1.intermarche.com/pt/Content/images/boitmal/produit/zoom/30CD7B81F8725B208C8117FAC2D69297.jpg,,,,2025-07-02T23:59:59.999999999+01:00,PROSPECTUS,13,1,
13821,2892597000000,200.0,Legumes,Tomate Cacho,1 un = 200 gr (aprox.),0.26,1.29,0,,€/Kg,,,https://driveimg1.intermarche.com/pt/Content/images/boitmal/produit/zoom/FD67F77AFAB450B6A4FA38E0279E6686.jpg,,,,2025-07-02T23:59:59.999999999+01:00,PROSPECTUS,13,1,
11967,5601049612336,250.0,Mimosa,"Manteiga com sal, embalagem de 250g",,2.19,8.76,0,kg,€/Kg,,,https://driveimg1.intermarche.com/pt/Content/images/boitmal/produit/zoom/2C2D066D904F137421CA4F472DC07738.jpg,https://driveimg1.intermarche.com/pt/Content/images/boitmal/produit/zoom/B59AE74FD0DBE6C3112F001AFF69E867.jpg,https://driveimg1.intermarche.com/pt/Content/images/boitmal/produit/zoom/BB9196C3025886DBB6F20EDD70A1CA7A.jpg,,2025-07-02T23:59:59.999999999+01:00,PROSPECTUS,13,1,
37745,5604260301874,540.0,PorSi,Grão de bico,Frasco com 540 g,0.85,1.57,0,kg,€/Kg,,,https://driveimg1.intermarche.com/pt/Content/images/boitmal/produit/zoom/ABBBFB42757051E49B0E75B4C2EB061F.jpg,,,,2025-07-02T23:59:59.999999999+01:00,PROSPECTUS,13,1,
8383,5601049132995,1000.0,Mimosa,"Leite uht meio gordo, embalagem de 1litro",,0.9,0.9,1000,L,€/L,,,https://driveimg1.intermarche.com/pt/Content/images/boitmal/produit/zoom/6FB52C843F677BD37D399D45BB10B38B.jpg,https://driveimg1.intermarche.com/pt/Content/images/boitmal/produit/zoom/AE810093A08CEBD60415DCC626CF5804.jpg,https://driveimg1.intermarche.com/pt/Content/images/boitmal/produit/zoom/A0562293538F541B1B99592AA046327B.jpg,,2025-07-02T23:59:59.999999999+01:00,PROSPECTUS,13,1,
11471,5601029004076,120.0,Bom Petisco,Atum posta ao natural,Embalagem de 120 g,1.3,10.83,0,kg,€/Kg,,,https://driveimg1.intermarche.com/pt/Content/images/boitmal/produit/zoom/D148E1488041C84EB0524ADACAE78B3A.jpg,,,,2025-07-02T23:59:59.999999999+01:00,PROSPECTUS,13,1,
1293,5601151398104,630.0,Compal,"Pack de 3 embalagens de polpa de tomate, embalagem de 630g",,1.49,2.37,0,kg,€/Kg,,,https://driveimg1.intermarche.com/pt/Content/images/boitmal/produit/zoom/BC7D38B0892D2B72B99AEECF05E81523.jpg,,,,2025-07-02T23:59:59.999999999+01:00,PROSPECTUS,13,1,
14038,2696013000000,80.0,Padaria,Bola mistura,1 unidade= 80 g,0.19,2.38,0,kg,€/Kg,,,https://driveimg1.intermarche.com/pt/Content/images/boitmal/produit/zoom/509539D5119FE663643D444B9A3F9D6A.jpg,,,,2025-07-02T23:59:59.999999999+01:00,PROSPECTUS,13,1,
14896,2892259000000,800.0,Fruta,Meloa Canteloupe,1un=800 g (aprox.),1.51,1.89,0,,€/Kg,,,https://driveimg1.intermarche.com/pt/Content/images/boitmal/produit/zoom/E74C4DF9251AE472CD4A5B0B6EF7098B.jpg,,,,2025-07-02T23:59:59.999999999+01:00,PROSPECTUS,13,1,
19022,5603722509742,800.0,Agros,"Leite com chocolate, embalagem de 4 x 200 ml",,1.56,1.95,800,L,€/L,,,https://driveimg1.intermarche.com/pt/Content/images/boitmal/produit/zoom/86A34AF1051A1750347A4FF58912A923.jpg,,,,2025-07-02T23:59:59.999999999+01:00,PROSPECTUS,13,1,
41651,5604260303229,1000.0,PorSi,Batata pré-frita palitos finos,Embalagem de 1 kg,1.85,1.85,0,kg,€/Kg,,Tipo de stockagem,https://driveimg1.intermarche.com/pt/Content/images/boitmal/produit/zoom/F51FA693BED4E1C77A9C13BCD5F78809.jpg,,,,2025-07-02T23:59:59.999999999+01:00,PROSPECTUS,13,1,
11961,5603722505607,1000.0,Mimosa,"Leite sem lactose meio gordo, de 1l",,1.15,1.15,1000,L,€/L,,,https://driveimg1.intermarche.com/pt/Content/images/boitmal/produit/zoom/A98ED8A0E5E675A3AC1A551BCE75B0AB.jpg,https://driveimg1.intermarche.com/pt/Content/images/boitmal/produit/zoom/4E57BFE09E8D859BDBE1705476BB9F1B.jpg,https://driveimg1.intermarche.com/pt/Content/images/boitmal/produit/zoom/E1F70144AAFCC0EAEBFF05614177D009.jpg,,2025-07-02T23:59:59.999999999+01:00,PROSPECTUS,13,1,
2255,5604260267903,500.0,PorSi,Massa Fettucine 500G,,1.29,2.58,0,kg,€/Kg,,,https://driveimg1.intermarche.com/pt/Content/images/boitmal/produit/zoom/18407BCA8571F0FADB3A4F41B971F2FA.jpg,,,,2025-07-02T23:59:59.999999999+01:00,PROSPECTUS,13,1,
24920,5604260281848,500.0,PorSi,Massa Laços 500G,,0.99,1.98,0,kg,€/Kg,,,https://driveimg1.intermarche.com/pt/Content/images/boitmal/produit/zoom/C1693538ACC0B37B44EA7A19996490A3.jpg,,,,2025-07-02T23:59:59.999999999+01:00,PROSPECTUS,13,1,
13897,2891053000000,1000.0,Porco,Lombo sem Osso,Vendido ao peso a partir de 1 kg,4.99,4.99,0,,€/Kg,,,https://driveimg1.intermarche.com/pt/Content/images/boitmal/produit/zoom/415564DA70574ED3C1D7475F1F28BDB6.jpg,,,,2025-07-02T23:59:59.999999999+01:00,PROSPECTUS,13,1,
15156,2892099000000,500.0,Fruta,Papaia Avião,1 un = 500 g (aprox.),2.0,3.99,0,,€/Kg,,,https://driveimg1.intermarche.com/pt/Content/images/boitmal/produit/zoom/103067E524772C956478A94460D63E34.jpg,,,,2025-07-02T23:59:59.999999999+01:00,PROSPECTUS,13,1,
44059,5601363012683,160.0,LayS,"Batata frita lisas originais, embalagem de 160g",,1.29,8.06,0,kg,€/Kg,,,https://driveimg1.intermarche.com/pt/Content/images/boitmal/produit/zoom/D6B617CBD0A985504B50100E928DB47C.jpg,,,,2025-07-02T23:59:59.999999999+01:00,PROSPECTUS,13,1,
7041,2894066000000,150.0,PorSi,Peito de peru,"Vendido ao peso, fatiado a partir de 150 g",1.5,9.99,0,,€/Kg,,,https://driveimg1.intermarche.com/pt/Content/images/boitmal/produit/zoom/50DFCFCFD4FECF73D2341052259F321A.jpg,,,,2025-07-02T23:59:59.999999999+01:00,PROSPECTUS,13,1,
8384,5601049133992,1000.0,Mimosa,"Leite uht magro, embalagem de 1litro",,0.9,0.9,1000,L,€/L,,,https://driveimg1.intermarche.com/pt/Content/images/boitmal/produit/zoom/128AB814EBA9C0783B386EB2E0A38CC9.jpg,https://driveimg1.intermarche.com/pt/Content/images/boitmal/produit/zoom/8C350978140C257D0AAD7365CD133F0C.jpg,https://driveimg1.intermarche.com/pt/Content/images/boitmal/produit/zoom/B9BED9F397071733FB4D36CBE39ECDBA.jpg,,2025-07-02T23:59:59.999999999+01:00,PROSPECTUS,13,1,
1310,5601151979969,140.0,Compal,"Compal da horta concentrado tomate, embalagem de 140g",,0.99,7.07,0,kg,€/Kg,,,https://driveimg1.intermarche.com/pt/Content/images/boitmal/produit/zoom/AFB213C2AE47899B42B45E2988A779B7.jpg,,,,2025-07-02T23:59:59.999999999+01:00,PROSPECTUS,13,1,
14847,2892476000000,100.0,Programa Origens,Alho Seco,Vendido a partir de 100 gr,0.57,5.69,0,,€/Kg,,,https://driveimg1.intermarche.com/pt/Content/images/boitmal/produit/zoom/CFA3B1E723D71FB9BFAE5D5B250C3BB3.jpg,,,,2025-07-02T23:59:59.999999999+01:00,PROSPECTUS,13,1,
29613,5604260283538,1000.0,Porsi Vivabem,Bebida De Aveia 0% Açúcares Adicionados 1L,,0.99,0.99,1000,L,€/L,,,https://driveimg1.intermarche.com/pt/Content/images/boitmal/produit/zoom/1EE40BC1DA49C5CE3D084214B1D3D3B9.jpg,,,,2025-07-02T23:59:59.999999999+01:00,PROSPECTUS,13,1,
1270,5601151023150,500.0,Compal,"Polpa de tomate com cebola e alho, embalagem de 500g",,1.49,2.98,0,kg,€/Kg,,,https://driveimg1.intermarche.com/pt/Content/images/boitmal/produit/zoom/195ABA90C0C8B2FE1D9EE0202B59D28C.jpg,,,,2025-07-02T23:59:59.999999999+01:00,PROSPECTUS,13,1,
12946,2892155000000,250.0,Fruta,Ameixa Vermelha,1 un = 250 gr  (aprox.),0.62,2.49,0,,€/Kg,,,https://driveimg1.intermarche.com/pt/Content/images/boitmal/produit/zoom/DA65FE52200EF35EEAAD64E8BD7CE484.jpg,,,,2025-07-02T23:59:59.999999999+01:00,PROSPECTUS,13,1,
13625,2893620000000,300.0,Peixaria,Salmão de viveiro à posta,1 un. = 300 g (aprox.),3.9,12.99,0,,€/Kg,,,https://driveimg1.intermarche.com/pt/Content/images/boitmal/produit/zoom/A170DAF9DE78983CFA7E8DD1EFE6A371.jpg,,,,2025-07-02T23:59:59.999999999+01:00,PROSPECTUS,13,1,
1437,5601260046101,1000.0,Saludães,Arroz Carolino,Embalagem de 1 kg,1.14,1.14,0,kg,€/Kg,,,https://driveimg1.intermarche.com/pt/Content/images/boitmal/produit/zoom/844734F94E64C7EE2E76F0FC068B9A4B.jpg,,,,2025-07-02T23:59:59.999999999+01:00,PROSPECTUS,13,1,
14879,2696313000000,,Pastelaria,Croissant Brioche 85 g,,0.59,0.59,0,,€/Unidade,,,https://driveimg1.intermarche.com/pt/Content/images/boitmal/produit/zoom/53A872BBC45BBDDAC9749CC51F8CB1EC.jpg,,,,2025-07-02T23:59:59.999999999+01:00,PROSPECTUS,13,1,
35499,5601151973769,3500.0,Sumol,"Refrigerante com gás de laranja, 2 x 1.75 l",,2.49,0.71,3500,L,€/L,,,https://driveimg1.intermarche.com/pt/Content/images/boitmal/produit/zoom/15C97042A71F49C362C4C213EA28900F.jpg,,,,2025-07-02T23:59:59.999999999+01:00,PROSPECTUS,13,1,
47635,8412600018316,300.0,Bimbo,Bimbo® bagels clássico 4 un.,Embalagem de 300g,2.19,7.3,0,kg,€/Kg,,,https://driveimg1.intermarche.com/pt/Content/images/boitmal/produit/zoom/E29B7F13889FE8AF18A9C1C0F8DAA10D.jpg,,,,2025-07-02T23:59:59.999999999+01:00,PROSPECTUS,13,1,
8521,5601119956810,120.0,Nobre,"Fiambre perna extra fatiado, embalagem de 120g",,1.89,15.75,0,kg,€/Kg,,,https://driveimg1.intermarche.com/pt/Content/images/boitmal/produit/zoom/B962872D940BF7EEEBDD095332A56017.jpg,,,,2025-07-02T23:59:59.999999999+01:00,PROSPECTUS,13,1,
13781,2892323000000,250.0,Fruta,Uva Red Globe,1 un = 250 gr  (aprox.),0.9,3.59,0,,€/Kg,,,https://driveimg1.intermarche.com/pt/Content/images/boitmal/produit/zoom/0CB9D5C0FE47F5D642EA2D42574AAC35.jpg,,,,2025-07-02T23:59:59.999999999+01:00,PROSPECTUS,13,1,
15044,2892296000000,150.0,Fruta,Pera Packam,1 un = 150 gr (aprox.),0.25,1.69,0,,€/Kg,,,https://driveimg1.intermarche.com/pt/Content/images/boitmal/produit/zoom/82D4D87CA189AE6CDD0C48DAE6C968FE.jpg,,,,2025-07-02T23:59:59.999999999+01:00,PROSPECTUS,13,1,
40739,5604260302666,2000.0,PorSi,Lava Tudo Perfumado Camomila & Flor De Laranjeira,,0.99,0.5,2000,L,€/L,,,https://driveimg1.intermarche.com/pt/Content/images/boitmal/produit/zoom/EC235B47803E16EEB9720D84212A145E.jpg,,,,2025-07-02T23:59:59.999999999+01:00,PROSPECTUS,13,1,
47636,8412600018323,300.0,Bimbo,Bimbo® bagels sementes 4 un.,Embalagem de 300g,2.19,7.3,0,kg,€/Kg,,,https://driveimg1.intermarche.com/pt/Content/images/boitmal/produit/zoom/BF6C29E8954E6CC8FE9F7A9ADC699919.jpg,,,,2025-07-02T23:59:59.999999999+01:00,PROSPECTUS,13,1,
48779,8410199023117,150.0,LayS,"Batatas fritas com sabor a sal e vinagre, embalagem de 150g",,1.29,8.6,0,kg,€/Kg,,,https://driveimg1.intermarche.com/pt/Content/images/boitmal/produit/zoom/FA380F7857550C630972C34B56D1614D.jpg,,,,2025-07-02T23:59:59.999999999+01:00,PROSPECTUS,13,1,
49831,8445290157348,390.0,Nesquik,"Achocolatado em pó, embalagem de 390g",,3.49,8.95,0,kg,€/Kg,,,https://driveimg1.intermarche.com/pt/Content/images/boitmal/produit/zoom/1C8D0ADDD419DD646B2CF36E18D3378F.jpg,,,,2025-07-02T23:59:59.999999999+01:00,PROSPECTUS,13,1,
51094,5605378209106,500.0,Legumes,Cebola Doce,500 g,1.39,2.78,0,kg,€/Kg,,,https://driveimg1.intermarche.com/pt/Content/images/boitmal/produit/zoom/A3A195161818002B079AE373F23C98D9.jpg,,,,2025-07-02T23:59:59.999999999+01:00,PROSPECTUS,13,1,
5272,5601164902312,4800.0,Super Bock,"Cerveja com álcool, pack 24 x 0.20 l",,9.99,2.08,4800,L,€/L,,,https://driveimg1.intermarche.com/pt/Content/images/boitmal/produit/zoom/A98E5FF8E5DDF166F2B333F0EE0114E7.jpg,https://driveimg1.intermarche.com/pt/Content/images/boitmal/produit/zoom/C2C2858ADC421F33AF17C6115D108100.jpg,,,2025-07-02T23:59:59.999999999+01:00,PROSPECTUS,13,1,
929,5601001187803,625.0,Nestlé,"Cereais chocapic, 625 g",,3.74,5.98,0,kg,€/Kg,,,https://driveimg1.intermarche.com/pt/Content/images/boitmal/produit/zoom/8DB31C1F3066D48D593AE11B75516670.jpg,,,,2025-07-02T23:59:59.999999999+01:00,PROSPECTUS,13,1,
11656,5601195510128,1000.0,Pedras Salgadas,"Água com gás limão, pack 4 x 0.25 l",,2.19,2.19,1000,L,€/L,,,https://driveimg1.intermarche.com/pt/Content/images/boitmal/produit/zoom/B17C3B681260FB1EF3C3D602C2A48DB7.jpg,,,,2025-07-02T23:59:59.999999999+01:00,PROSPECTUS,13,1,
13262,2893247000000,200.0,Peixaria,Sardinha Fresca,1 un = 200 gr (aprox.),1.0,4.99,0,,€/Kg,,,https://driveimg1.intermarche.com/pt/Content/images/boitmal/produit/zoom/66B3AFDFB78EAEB8A16C084E7A27E749.jpg,,,,2025-07-02T23:59:59.999999999+01:00,PROSPECTUS,13,1,
13892,2891041000000,1000.0,Porco,Costeletas do Lombo,Vendido ao peso a partir de 1 kg,4.79,4.79,0,,€/Kg,,,https://driveimg1.intermarche.com/pt/Content/images/boitmal/produit/zoom/589E4AFE71E19AF7FEB32FB0C0E176FF.jpg,,,,2025-07-02T23:59:59.999999999+01:00,PROSPECTUS,13,1,
13981,2696138000000,60.0,Pastelaria,Pastel de Nata,60 g,0.39,6.5,0,kg,€/Kg,,,https://driveimg1.intermarche.com/pt/Content/images/boitmal/produit/zoom/EA9B10BF07D95E268418206A452F7022.jpg,,,,2025-07-02T23:59:59.999999999+01:00,PROSPECTUS,13,1,
14275,8411800376950,1500.0,Trina,"Refrigerante sem gás frutos tropicais, garrafa de 1,5 l",,1.76,1.17,1500,L,€/L,,,https://driveimg1.intermarche.com/pt/Content/images/boitmal/produit/zoom/A2EF24E638786185FA4E5BE9EC56BB2E.jpg,,,,2025-07-02T23:59:59.999999999+01:00,PROSPECTUS,13,1,
14726,8711100080060,400.0,Maizena,"Farinha, embalagem de 400g",,1.64,4.1,0,kg,€/Kg,,,https://driveimg1.intermarche.com/pt/Content/images/boitmal/produit/zoom/510CA0D1320DDBD17C988D55861FD3B8.jpg,,,,2025-07-02T23:59:59.999999999+01:00,PROSPECTUS,13,1,
22994,5609765000048,600.0,Brioxa,Madalenas de Laranja,12 Unidades - Embalagem de 500 g,1.59,2.65,0,kg,€/Kg,,,https://driveimg1.intermarche.com/pt/Content/images/boitmal/produit/zoom/B86F1C9777D22DCE1E454CE43EAF77F8.jpg,,,,2025-07-02T23:59:59.999999999+01:00,PROSPECTUS,13,1,
35749,5603722509667,800.0,Mimosa,"Leite bem essencial chocolate , embalagem de 4 x 200 ml",,1.69,2.11,800,L,€/L,,,https://driveimg1.intermarche.com/pt/Content/images/boitmal/produit/zoom/66BA85F80F98E7331B63BC3D4684C6AC.jpg,,,,2025-07-02T23:59:59.999999999+01:00,PROSPECTUS,13,1,
35913,5603722498022,800.0,Mimosa,"Leite bem essencial morango , embalagem de 4 x 200 ml",,1.69,2.11,800,L,€/L,,,https://driveimg1.intermarche.com/pt/Content/images/boitmal/produit/zoom/4B6AB6C5E199D6DAC849805FE4702BB4.jpg,,,,2025-07-02T23:59:59.999999999+01:00,PROSPECTUS,13,1,
38148,5603722519123,1000.0,Milhafre,Leite de Pastagem Biológico Meio Gordo,1 litro,1.18,1.18,1000,L,€/L,,Produtos Bio,https://driveimg1.intermarche.com/pt/Content/images/boitmal/produit/zoom/DCB3EAE989BC2DDA8E3D76C140D59BA5.jpg,,,,2025-07-02T23:59:59.999999999+01:00,PROSPECTUS,13,1,
41640,5604260301737,540.0,PorSi,Feijão encarnado em frasco,frasco de 540 g,0.89,1.65,0,kg,€/Kg,,,https://driveimg1.intermarche.com/pt/Content/images/boitmal/produit/zoom/C91F959C8FD02C2055DD0A1A4950A458.jpg,,,,2025-07-02T23:59:59.999999999+01:00,PROSPECTUS,13,1,
42618,5604260296316,720.0,PorSi,Cone Baunilha 6X120Ml,,2.69,3.74,720,L,€/L,,Tipo de stockagem,https://driveimg1.intermarche.com/pt/Content/images/boitmal/produit/zoom/0D744C1A4C3053518BB18818D4770BC9.jpg,,,,2025-07-02T23:59:59.999999999+01:00,PROSPECTUS,13,1,
43543,5604260309931,2000.0,PorSi,Amaciador Concentrado Alfazema 2L,,1.85,0.93,2000,L,€/L,,,https://driveimg1.intermarche.com/pt/Content/images/boitmal/produit/zoom/07069CB8BFCFAE27D60047F2A269715A.jpg,,,,2025-07-02T23:59:59.999999999+01:00,PROSPECTUS,13,1,
46768,5601082046068,55.0,Delta Q,Café Qalidus XXL,Embalagem com 60 cápsulas,23.49,427.09,0,kg,€/Kg,,,https://driveimg1.intermarche.com/pt/Content/images/boitmal/produit/zoom/B57D51E1DBAB84530CA47C710EFFC338.jpg,,,,2025-07-02T23:59:59.999999999+01:00,PROSPECTUS,13,1,
47773,5604260318360,800.0,PorSi,Bolacha Torrada 800G,,1.69,2.11,0,kg,€/Kg,,,https://driveimg1.intermarche.com/pt/Content/images/boitmal/produit/zoom/B34D381660B66C825FC1B2C81D0CB4B6.jpg,https://driveimg1.intermarche.com/pt/Content/images/boitmal/produit/zoom/E12EC16C30B06A41C2C59A8BB1CB306A.jpg,https://driveimg1.intermarche.com/pt/Content/images/boitmal/produit/zoom/E12EC16C30B06A41C2C59A8BB1CB306A.jpg,,2025-07-02T23:59:59.999999999+01:00,PROSPECTUS,13,1,
48138,5604260323302,2000.0,PorSi,Amaciador Roupa Concentrado Spa 80D,,1.85,0.93,2000,L,€/L,,,https://driveimg1.intermarche.com/pt/Content/images/boitmal/produit/zoom/B55A72265AD19CED3CBED903155DF619.jpg,,,,2025-07-02T23:59:59.999999999+01:00,PROSPECTUS,13,1,
51113,8720181262784,500.0,Cif,"Limpa casa banho spray higiene c/ lixívia, 500 ml",,2.89,5.78,500,L,€/L,,,https://driveimg1.intermarche.com/pt/Content/images/boitmal/produit/zoom/8CA4C0BAC8A169ADEC56BAD426803345.jpg,,,,2025-07-02T23:59:59.999999999+01:00,PROSPECTUS,13,1,
52361,5604260330485,200.0,PorSi,Pão De Hamburguer 200 G,,0.85,4.25,0,kg,€/Kg,,,https://driveimg1.intermarche.com/pt/Content/images/boitmal/produit/zoom/1348FC3B00855311CCC563B91036D456.jpg,,,,2025-07-02T23:59:59.999999999+01:00,PROSPECTUS,13,1,
52363,5604260330492,300.0,PorSi,Pão Maxi Hamburguer 300 G,,1.19,3.97,0,kg,€/Kg,,,https://driveimg1.intermarche.com/pt/Content/images/boitmal/produit/zoom/618E4F2555D98F0CBFD7FC386F8A1D54.jpg,,,,2025-07-02T23:59:59.999999999+01:00,PROSPECTUS,13,1,
53262,8711327597761,360.0,Cornetto,"Gelado filipinos, 4 x 90ml",,3.89,10.81,360,L,€/L,,Tipo de stockagem,https://driveimg1.intermarche.com/pt/Content/images/boitmal/produit/zoom/187A9562E86FFB8D917A1C414ECC4EB3.jpg,https://driveimg1.intermarche.com/pt/Content/images/boitmal/produit/zoom/B06A234868C6C8C0E9F6DD974D43ACB2.jpg,https://driveimg1.intermarche.com/pt/Content/images/boitmal/produit/zoom/B06A234868C6C8C0E9F6DD974D43ACB2.jpg,,2025-07-02T23:59:59.999999999+01:00,PROSPECTUS,13,1,
9315,5603722509544,1000.0,Mimosa,"Leite 0% lactose magro, de 1l",,1.15,1.15,1000,L,€/L,,,https://driveimg1.intermarche.com/pt/Content/images/boitmal/produit/zoom/0350D0DE44A653A9AB01722B06443E94.jpg,https://driveimg1.intermarche.com/pt/Content/images/boitmal/produit/zoom/DC5219EC1E15E09529E323B7D196FADA.jpg,https://driveimg1.intermarche.com/pt/Content/images/boitmal/produit/zoom/DC48BFFA4281D8016E9FB40168ED4485.jpg,,2025-07-02T23:59:59.999999999+01:00,PROSPECTUS,13,1,
10091,8410100059839,360.0,Nestlé,"Queijinho petit nesquik, embalagem de 6 x 60g",,2.99,8.31,0,kg,€/Kg,,,https://driveimg1.intermarche.com/pt/Content/images/boitmal/produit/zoom/88B248C453A669F7E350B1DDEC2F3C33.jpg,,,,2025-07-02T23:59:59.999999999+01:00,PROSPECTUS,13,1,
11503,5601050019100,600.0,Danone,"Danacol frutos exóticos, embalagem de 6 x 100 g",,2.99,4.98,0,kg,€/Kg,,,https://driveimg1.intermarche.com/pt/Content/images/boitmal/produit/zoom/2A16EAD58E7A10ECD338C77C33D25273.jpg,,,,2025-07-02T23:59:59.999999999+01:00,PROSPECTUS,13,1,
1163,5601089080614,22.0,Boca Doce,"Pudim de caramelo, embalagem de 20g",,0.59,26.82,0,kg,€/Kg,,,https://driveimg1.intermarche.com/pt/Content/images/boitmal/produit/zoom/34EB1A099CEE3EF6C482D806F9827AA2.jpg,,,,2025-07-02T23:59:59.999999999+01:00,PROSPECTUS,13,1,
11650,5601192201104,200.0,Agros,Nata uht 200 ml,,0.89,4.45,200,L,€/L,,,https://driveimg1.intermarche.com/pt/Content/images/boitmal/produit/zoom/478AC7EFE77B8590BBD8EF6C88C17807.jpg,,,,2025-07-02T23:59:59.999999999+01:00,PROSPECTUS,13,1,
11685,5601244202042,150.0,Terra Nostra,"Queijo flamengo, ralado, embalagem de 150g",,1.69,11.27,0,kg,€/Kg,,,https://driveimg1.intermarche.com/pt/Content/images/boitmal/produit/zoom/661D5D131888AD52FC27900BF4583C9D.jpg,,,,2025-07-02T23:59:59.999999999+01:00,PROSPECTUS,13,1,
11753,5601489781357,135.0,Du Bois de la Roche,"Feuilletine, embalagem de 135g",,1.64,12.15,0,kg,€/Kg,,,https://driveimg1.intermarche.com/pt/Content/images/boitmal/produit/zoom/997953ACC55043196AF108062B03F127.jpg,,,,2025-07-02T23:59:59.999999999+01:00,PROSPECTUS,13,1,
11960,5603722505300,250.0,Mimosa,"Manteiga magra, embalagem de 250g",,2.09,8.36,0,kg,€/Kg,,,https://driveimg1.intermarche.com/pt/Content/images/boitmal/produit/zoom/C74CBDA10A089507D586E060E46ABF03.jpg,https://driveimg1.intermarche.com/pt/Content/images/boitmal/produit/zoom/C2F91C79228A3ADF27E4AEC55908D66D.jpg,https://driveimg1.intermarche.com/pt/Content/images/boitmal/produit/zoom/8234260C017BAB3AE2C659FDE5BBED44.jpg,,2025-07-02T23:59:59.999999999+01:00,PROSPECTUS,13,1,
12107,5604260266609,320.0,PorSi,Napolitanas Creme De Cacau,,1.77,5.53,0,kg,€/Kg,,,https://driveimg1.intermarche.com/pt/Content/images/boitmal/produit/zoom/7E715318E7923DFB0EA8242531AE3823.jpg,,,,2025-07-02T23:59:59.999999999+01:00,PROSPECTUS,13,1,
12892,2892508000000,400.0,Legumes,Beringela,1 un=400 gr (aprox.),0.76,1.89,0,,€/Kg,,,https://driveimg1.intermarche.com/pt/Content/images/boitmal/produit/zoom/5B7B3A896213DE67893050A67A6D9D9B.jpg,,,,2025-07-02T23:59:59.999999999+01:00,PROSPECTUS,13,1,
1305,5601151862155,500.0,Compal,Polpa de tomate 500g,,1.19,2.38,0,kg,€/Kg,,,https://driveimg1.intermarche.com/pt/Content/images/boitmal/produit/zoom/D9FD9B4F4905971874C5E4127C57C62E.jpg,,,,2025-07-02T23:59:59.999999999+01:00,PROSPECTUS,13,1,
1462,5601286231772,250.0,Milaneza,"Massa, estrelinhas, embalagem de 250g",,0.61,2.44,0,kg,€/Kg,,,https://driveimg1.intermarche.com/pt/Content/images/boitmal/produit/zoom/3936C365D7B95744ED545201CA491D61.jpg,,,,2025-07-02T23:59:59.999999999+01:00,PROSPECTUS,13,1,
15039,2892256000000,4000.0,Fruta,Melão Verde,Vendido ao peso | 1 un = 4kg (aprox.),5.16,1.29,0,,€/Kg,,,https://driveimg1.intermarche.com/pt/Content/images/boitmal/produit/zoom/25FE547830213D1C98E9F3B3D9687685.jpg,,,,2025-07-02T23:59:59.999999999+01:00,PROSPECTUS,13,1,
1536,5601489018200,200.0,Du Bois de la Roche,"Boudoirs, embalagem de 200g",,2.24,11.2,0,kg,€/Kg,,,https://driveimg1.intermarche.com/pt/Content/images/boitmal/produit/zoom/8047F7CE0DCDC3ADA17209B15B795262.jpg,,,,2025-07-02T23:59:59.999999999+01:00,PROSPECTUS,13,1,
1542,5601489300152,150.0,Du Bois de la Roche,"Palmiers, embalagem de 150g",,1.24,8.27,0,kg,€/Kg,,,https://driveimg1.intermarche.com/pt/Content/images/boitmal/produit/zoom/17803E7BE50A16D1AE691E64F5E7BF2C.jpg,,,,2025-07-02T23:59:59.999999999+01:00,PROSPECTUS,13,1,
1544,5601489771358,135.0,Du Bois de la Roche,"Biscoitos allumettes, embalagem de 135 g",,1.49,11.04,0,kg,€/Kg,,,https://driveimg1.intermarche.com/pt/Content/images/boitmal/produit/zoom/6F1D0449DA4DB517A7E6D30E0876833C.jpg,,,,2025-07-02T23:59:59.999999999+01:00,PROSPECTUS,13,1,
17827,5603344531022,110.0,General,Atum posta em óleo,Embalagem de 110g,0.99,9.0,0,kg,€/Kg,,,https://driveimg1.intermarche.com/pt/Content/images/boitmal/produit/zoom/6CF8780AD6CFF5E4D2703538338330A5.jpg,,,,2025-07-02T23:59:59.999999999+01:00,PROSPECTUS,13,1,
17896,5601082053523,220.0,Delta,Café moagem universal portugal,Embalagem de 220g,3.24,14.73,0,kg,€/Kg,,,https://driveimg1.intermarche.com/pt/Content/images/boitmal/produit/zoom/8DECD8723F3B1FF05BE365D14A112688.jpg,,,,2025-07-02T23:59:59.999999999+01:00,PROSPECTUS,13,1,
1816,5604260301775,540.0,PorSi,Feijão frade,Embalagem de 540g,0.89,1.65,0,kg,€/Kg,,,https://driveimg1.intermarche.com/pt/Content/images/boitmal/produit/zoom/F863BEC0F48D2513FC0D1879484DF975.jpg,,,,2025-07-02T23:59:59.999999999+01:00,PROSPECTUS,13,1,
1847,5604260301683,540.0,PorSi,Feijão branco,Embalagem de 540g,0.89,1.65,0,kg,€/Kg,,,https://driveimg1.intermarche.com/pt/Content/images/boitmal/produit/zoom/65F3549F5DD8B5CB836B8FAB01DCCC43.jpg,,,,2025-07-02T23:59:59.999999999+01:00,PROSPECTUS,13,1,
1849,5604260036660,500.0,PorSi,Corn Flakes 500G,,1.75,3.5,0,kg,€/Kg,,,https://driveimg1.intermarche.com/pt/Content/images/boitmal/produit/zoom/ECC3F2C638AF83363C7CF198CF9FC836.jpg,,,,2025-07-02T23:59:59.999999999+01:00,PROSPECTUS,13,2,
19586,8435257028057,720.0,Longa vida,"Iogurte aroma 0% tutti fruti/coco, embalagem de 6 x 120g",,2.29,3.18,0,kg,€/Kg,,,https://driveimg1.intermarche.com/pt/Content/images/boitmal/produit/zoom/6FEC33DAE59256CBE3074F3F03199908.jpg,,,,2025-07-02T23:59:59.999999999+01:00,PROSPECTUS,13,2,
20221,8410500020071,460.0,Danone,"Iogurte activia aveia nozes, embalagem de 4 x 120g",,2.39,5.2,0,kg,€/Kg,,,https://driveimg1.intermarche.com/pt/Content/images/boitmal/produit/zoom/95DB5CF2D3415DECF98AD16FB13B5950.jpg,,,,2025-07-02T23:59:59.999999999+01:00,PROSPECTUS,13,2,
2292,5604260270323,500.0,PorSi,Paloco desfiado,Embalagem de 500 g,3.89,7.78,0,kg,€/Kg,,Tipo de stockagem,https://driveimg1.intermarche.com/pt/Content/images/boitmal/produit/zoom/7E01B9932009E84750BFF77211569351.jpg,,,,2025-07-02T23:59:59.999999999+01:00,PROSPECTUS,13,2,
23353,5000116112197,375.0,Capitão Iglo,"18 nuggets de frango, embalagem de 380g",,4.99,13.31,0,kg,€/Kg,,Tipo de stockagem,https://driveimg1.intermarche.com/pt/Content/images/boitmal/produit/zoom/F26C89B365D9DC17E138C74AB049DE6B.jpg,,,,2025-07-02T23:59:59.999999999+01:00,PROSPECTUS,13,2,
24380,8434165444881,500.0,Cuétara,Choco flakes,Embalagem de 500g,3.34,6.68,0,kg,€/Kg,,,https://driveimg1.intermarche.com/pt/Content/images/boitmal/produit/zoom/8400DC9607F5B899B8C6D68545ABD199.jpg,,,,2025-07-02T23:59:59.999999999+01:00,PROSPECTUS,13,2,
24410,8710908859502,750.0,Cif,"Spray power&shine multiusos com lixívia, de 750 ml",,2.69,3.59,750,L,€/L,,,https://driveimg1.intermarche.com/pt/Content/images/boitmal/produit/zoom/BC1FC8E39B43E72D32F4657C6D001534.jpg,,,,2025-07-02T23:59:59.999999999+01:00,PROSPECTUS,13,2,
251,2696001000000,400.0,Padaria,Baguete,400 g,0.79,1.98,0,kg,€/Kg,,,https://driveimg1.intermarche.com/pt/Content/images/boitmal/produit/zoom/42C2E126B9E5B84C243F0668DEC3869F.jpg,,,,2025-07-02T23:59:59.999999999+01:00,PROSPECTUS,13,2,
25262,5000116112166,208.0,Capitão Iglo,"10 nuggets de frango, embalagem de 210g",,2.99,14.38,0,kg,€/Kg,,Tipo de stockagem,https://driveimg1.intermarche.com/pt/Content/images/boitmal/produit/zoom/CF1467DF1CD91C352F5C2C303E0557A7.jpg,,,,2025-07-02T23:59:59.999999999+01:00,PROSPECTUS,13,2,
26414,5000116110919,1042.0,Capitão Iglo,"50 nuggets de frango, embalagem de 1042g",,12.99,12.47,0,kg,€/Kg,,Tipo de stockagem,https://driveimg1.intermarche.com/pt/Content/images/boitmal/produit/zoom/D97E3080A57234D7462734347713E694.jpg,,,,2025-07-02T23:59:59.999999999+01:00,PROSPECTUS,13,2,
2749,8410063046532,350.0,Pescanova,"Miolo de camarão 80/100, embalagem de 350g",,6.99,19.97,0,kg,€/Kg,,Tipo de stockagem,https://driveimg1.intermarche.com/pt/Content/images/boitmal/produit/zoom/0EA75135180DC26543A97F342303334A.jpg,,,,2025-07-02T23:59:59.999999999+01:00,PROSPECTUS,13,2,
28609,5604260282951,55.0,PorSi,Cápsulas Café Ristretto Cnpx10,,2.29,41.64,0,kg,€/Kg,,,https://driveimg1.intermarche.com/pt/Content/images/boitmal/produit/zoom/98A2B27B97561600F2789C49300E14CC.jpg,,,,2025-07-02T23:59:59.999999999+01:00,PROSPECTUS,13,2,
30499,5603522986439,750.0,Assobio,"Vinho branco região do douro, garrafa de 750 ml",,5.99,7.99,750,L,€/L,,,https://driveimg1.intermarche.com/pt/Content/images/boitmal/produit/zoom/9A8E4278BCAAD2CC44E1BC0A3583F6B9.jpg,,,,2025-07-02T23:59:59.999999999+01:00,PROSPECTUS,13,2,
30958,5449000957955,3500.0,Coca-Cola,"Refrigerante zero, pack 2 x 1.75 l",,3.69,1.05,3500,L,€/L,,,https://driveimg1.intermarche.com/pt/Content/images/boitmal/produit/zoom/F2EAD17F7ACB8ABDBC63DEE76B961767.jpg,,,,2025-07-02T23:59:59.999999999+01:00,PROSPECTUS,13,2,
32327,8710447284094,400.0,Axe,"Gel banho dark temptation, embalagem de 400 ml",,3.59,8.98,400,L,€/L,,,https://driveimg1.intermarche.com/pt/Content/images/boitmal/produit/zoom/718F4B80D524663A378DDA85C96770AC.jpg,,,,2025-07-02T23:59:59.999999999+01:00,PROSPECTUS,13,2,
33090,5411188112709,1000.0,Alpro,"Bebida amêndoa torrada sem açúcar, embalagem de 1litro",,1.94,1.94,1000,L,€/L,,,https://driveimg1.intermarche.com/pt/Content/images/boitmal/produit/zoom/66C6488BDB769AFC2D2A2697199C34D6.jpg,,,,2025-07-02T23:59:59.999999999+01:00,PROSPECTUS,13,2,
3527,2894037000000,150.0,PorSi,Peito de frango,"Vendido ao peso, fatiado a partir de 150 g",1.65,10.99,0,,€/Kg,,,https://driveimg1.intermarche.com/pt/Content/images/boitmal/produit/zoom/02A73018C93776260EE3B8183DE3556F.jpg,,,,2025-07-02T23:59:59.999999999+01:00,PROSPECTUS,13,2,
35888,5601151973752,3500.0,Sumol,"Refrigerante com gás de ananás, 2 x 1.75 l",,2.49,0.71,3500,L,€/L,,,https://driveimg1.intermarche.com/pt/Content/images/boitmal/produit/zoom/088D8DA34921F50F39B725B4135D000A.jpg,,,,2025-07-02T23:59:59.999999999+01:00,PROSPECTUS,13,2,
36263,5601027973060,480.0,Bimbo,Pão de forma integral,Embalagem de 480 g,1.89,3.94,0,kg,€/Kg,,,https://driveimg1.intermarche.com/pt/Content/images/boitmal/produit/zoom/34F016B3F162809D8E0423F1C3245DFD.jpg,,,,2025-07-02T23:59:59.999999999+01:00,PROSPECTUS,13,2,
37990,8410063036175,1000.0,Pescanova,"Caprichos do mar sem glúten, embalagem de 1 kg",,5.99,5.99,0,kg,€/Kg,,Tipo de stockagem,https://driveimg1.intermarche.com/pt/Content/images/boitmal/produit/zoom/6895ADBC20BAA64ABF1A75EDB160FACB.jpg,,,,2025-07-02T23:59:59.999999999+01:00,PROSPECTUS,13,2,
38330,7613036886994,400.0,Yogolino,Yogolino pêssego banana 0% açúcares adicionados 4x100g,Embalagem de 400g,2.18,5.45,0,kg,€/Kg,,,https://driveimg1.intermarche.com/pt/Content/images/boitmal/produit/zoom/46F9E1E8ECDF4D5D7026305EEF6FB459.jpg,,,,2025-07-02T23:59:59.999999999+01:00,PROSPECTUS,13,2,
40592,5603722519420,480.0,Mimosa,"Iogurte fruta batida banana, laranja e bolacha, 4 x 120 g",,1.69,3.52,0,kg,€/Kg,,,https://driveimg1.intermarche.com/pt/Content/images/boitmal/produit/zoom/3DD4F4ED13036BE4F0A8D47DB404A192.jpg,,,,2025-07-02T23:59:59.999999999+01:00,PROSPECTUS,13,2,
40593,5603722519406,480.0,Mimosa,"Iogurte fruta batida morango, 4 x 120 g",,1.69,3.52,0,kg,€/Kg,,,https://driveimg1.intermarche.com/pt/Content/images/boitmal/produit/zoom/41C5135F0F8227064BFED500C982147E.jpg,,,,2025-07-02T23:59:59.999999999+01:00,PROSPECTUS,13,2,
40889,7622201122645,114.0,Royal,"Gelatina de morango e framboesa, embalagem de 114g",,1.45,12.72,0,kg,€/Kg,,,https://driveimg1.intermarche.com/pt/Content/images/boitmal/produit/zoom/B15692ACC03EEF113428584D233CB12A.jpg,,,,2025-07-02T23:59:59.999999999+01:00,PROSPECTUS,13,2,
41226,5601050036572,440.0,Danone,"Oikos morango, embalagem de 4 x 110g",,1.99,4.52,0,kg,€/Kg,,,https://driveimg1.intermarche.com/pt/Content/images/boitmal/produit/zoom/2653493E2B1190B7D8AE6B95BAB9D958.jpg,,,,2025-07-02T23:59:59.999999999+01:00,PROSPECTUS,13,2,
41299,5601050036565,440.0,Danone,"Iogurte oikos maracujá, embalagem de 4 x 110g",,1.99,4.52,0,kg,€/Kg,,,https://driveimg1.intermarche.com/pt/Content/images/boitmal/produit/zoom/29553156A2F0422FEBEDFC7E0CF7883D.jpg,,,,2025-07-02T23:59:59.999999999+01:00,PROSPECTUS,13,2,
41874,8718951313316,75.0,Colgate,"Pasta dentífrica cool mint, 75 ml",,2.59,34.53,75,L,€/L,,,https://driveimg1.intermarche.com/pt/Content/images/boitmal/produit/zoom/2DAA61BE6D06A4399D41EFB19DA0D088.jpg,,,,2025-07-02T23:59:59.999999999+01:00,PROSPECTUS,13,2,
43119,5411188121374,250.0,Alpro,"Creme soja cozinha, 250 ml",,1.35,5.4,250,L,€/L,,,https://driveimg1.intermarche.com/pt/Content/images/boitmal/produit/zoom/596BD7E2601FA9A818BD571593FBC40F.jpg,,,,2025-07-02T23:59:59.999999999+01:00,PROSPECTUS,13,2,
45883,8718951315365,75.0,Colgate,Dentifrico max white  cristais brancos,Embalagem 75 ml,2.29,30.53,75,L,€/L,,,https://driveimg1.intermarche.com/pt/Content/images/boitmal/produit/zoom/8C1D2E83F00F9342F16286473DC43174.jpg,,,,2025-07-02T23:59:59.999999999+01:00,PROSPECTUS,13,2,
46152,5601082049946,200.0,Belissimo,Café moído torrado aroma bellissimo,Embalagem de 200g,2.79,13.95,0,kg,€/Kg,,,https://driveimg1.intermarche.com/pt/Content/images/boitmal/produit/zoom/A0F1A3291594B32A3CCF46D3E5879A73.jpg,,,,2025-07-02T23:59:59.999999999+01:00,PROSPECTUS,13,2,
46185,5601050037203,440.0,Danone,"Iogurte oikos coco, embalagem de 4 x 110g",,1.99,4.52,0,kg,€/Kg,,,https://driveimg1.intermarche.com/pt/Content/images/boitmal/produit/zoom/61327B54ADC5403B46177C1EF4A095FB.jpg,,,,2025-07-02T23:59:59.999999999+01:00,PROSPECTUS,13,2,
48782,8410199023070,150.0,LayS,"Batatas camponesas, embalagem de 150g",,1.29,8.6,0,kg,€/Kg,,,https://driveimg1.intermarche.com/pt/Content/images/boitmal/produit/zoom/D570E7E39595628616CA3F3914A72126.jpg,,,,2025-07-02T23:59:59.999999999+01:00,PROSPECTUS,13,2,
48860,5604260319794,150.0,Porsi Vivabem,Queijo Mozzarella Light Ralado 150G,,1.59,10.6,0,kg,€/Kg,,,https://driveimg1.intermarche.com/pt/Content/images/boitmal/produit/zoom/35271112CCD07C945317D670793A0A37.jpg,,,,2025-07-02T23:59:59.999999999+01:00,PROSPECTUS,13,2,
4930,5410101015011,300.0,Glade,"Ambientador spray, aerosol, lavanda",Embalagem de 300 ml,1.79,5.97,300,L,€/L,,,https://driveimg1.intermarche.com/pt/Content/images/boitmal/produit/zoom/2A6ECB4C1CB2E526389623176AD8AD79.jpg,,,,2025-07-02T23:59:59.999999999+01:00,PROSPECTUS,13,2,
49405,8412700620600,800.0,Cacaolat,Leite com cacau 4 x 200 ml,,2.68,3.35,800,L,€/L,,,https://driveimg1.intermarche.com/pt/Content/images/boitmal/produit/zoom/3FE8C8D872A078ED2D001162D7398442.jpg,,,,2025-07-02T23:59:59.999999999+01:00,PROSPECTUS,13,2,
49475,5601146570027,3750.0,Sagres,"Cerveja com álcool, pack 15 x 25 cl",,7.99,2.13,3750,L,€/L,,,https://driveimg1.intermarche.com/pt/Content/images/boitmal/produit/zoom/6F54A04F24F5E288DCF8E2FC9D030060.jpg,,,,2025-07-02T23:59:59.999999999+01:00,PROSPECTUS,13,2,
5135,5601077111023,750.0,Velhotes,"Vinho do porto tawny, garrafa de 0,75 l",,5.49,7.32,750,L,€/L,,,https://driveimg1.intermarche.com/pt/Content/images/boitmal/produit/zoom/C1D5B8EA9BF6276DDBD0FBBB4AE1E08B.jpg,,,,2025-07-02T23:59:59.999999999+01:00,PROSPECTUS,13,2,
52880,8719200267794,450.0,Becel,"Creme vegetal de barrar com sabor a manteiga, 450g",,3.56,7.91,0,kg,€/Kg,,,https://driveimg1.intermarche.com/pt/Content/images/boitmal/produit/zoom/E2EFE8BE5E96AF9FCA9D840059BF696C.jpg,https://driveimg1.intermarche.com/pt/Content/images/boitmal/produit/zoom/287D301C66C180312FAA8A3BAE7EA710.jpg,https://driveimg1.intermarche.com/pt/Content/images/boitmal/produit/zoom/287D301C66C180312FAA8A3BAE7EA710.jpg,https://driveimg1.intermarche.com/pt/Content/images/boitmal/produit/zoom/287D301C66C180312FAA8A3BAE7EA710.jpg,2025-07-02T23:59:59.999999999+01:00,PROSPECTUS,13,2,
54646,8720181542121,,Skip,"Detergente Máquina Roupa Líquido Active Clean, 100D",,14.99,14.99,0,,€/Unidade,,,https://driveimg1.intermarche.com/pt/Content/images/boitmal/produit/zoom/D3E9B1DE5F09D8B3FD221502F3C133F1.jpg,,,,2025-07-02T23:59:59.999999999+01:00,PROSPECTUS,13,2,
55354,8410063095202,1200.0,Pescanova,"Barrinhas Pescada Panada sem Gluten, 1.2Kg",,7.89,6.58,0,kg,€/Kg,,Tipo de stockagem,https://driveimg1.intermarche.com/pt/Content/images/boitmal/produit/zoom/D2F57A76EACAFAE8D2E905FFD81B787B.jpg,,,,2025-07-02T23:59:59.999999999+01:00,PROSPECTUS,13,2,
55832,8710605030938,100.0,Go tan,"Cebola Frita, 100g",,1.34,13.4,0,kg,€/Kg,,,https://driveimg1.intermarche.com/pt/Content/images/boitmal/produit/zoom/D2A23BA6FD6B5CB57712999B72C68C0D.jpg,,,,2025-07-02T23:59:59.999999999+01:00,PROSPECTUS,13,2,
5772,5604260025275,200.0,PorSi,Fiambre Extra Fatiado 200G,,1.99,9.95,0,kg,€/Kg,,,https://driveimg1.intermarche.com/pt/Content/images/boitmal/produit/zoom/3B7831E12BFDD22B7C9801E5C6E0914F.jpg,,,,2025-07-02T23:59:59.999999999+01:00,PROSPECTUS,13,2,
5925,5604260256891,2000.0,PorSi,Lava Tudo Perfumado Floral,,0.99,0.5,2000,L,€/L,,,https://driveimg1.intermarche.com/pt/Content/images/boitmal/produit/zoom/F01E0A9A550FA76DA5066F589EA8BBFA.jpg,,,,2025-07-02T23:59:59.999999999+01:00,PROSPECTUS,13,2,
7994,5000204700398,,Raid,"Inseticida, recarga, elétrico, pack 2",1 embalagem com 2x27ml,7.59,7.59,0,,€/Unidade,,,https://driveimg1.intermarche.com/pt/Content/images/boitmal/produit/zoom/14C1FAF83F88740F609DED3B0E2D51E7.jpg,,,,2025-08-06T23:59:59.999999999+01:00,PROSPECTUS,13,2,
8522,5601119956827,120.0,Nobre,"Fiambre da pá fatiado, embalagem de 120g",,1.49,12.42,0,kg,€/Kg,,,https://driveimg1.intermarche.com/pt/Content/images/boitmal/produit/zoom/7FA5FFB88CF3A01479601F4908E2A3A5.jpg,,,,2025-07-02T23:59:59.999999999+01:00,PROSPECTUS,13,2,
9311,5603722502064,250.0,Mimosa,"Manteiga fácil de barrar, embalagem de 250g",,2.24,8.96,0,kg,€/Kg,,,https://driveimg1.intermarche.com/pt/Content/images/boitmal/produit/zoom/FEF75CFD36A5CE8709DF5D4930F11917.jpg,https://driveimg1.intermarche.com/pt/Content/images/boitmal/produit/zoom/A8C47E9F1F12DFE2439D3530C38E2D87.jpg,https://driveimg1.intermarche.com/pt/Content/images/boitmal/produit/zoom/2EE410FD3A0147BBB442FA96902FFF46.jpg,,2025-07-02T23:59:59.999999999+01:00,PROSPECTUS,13,2,
942,5601001324109,100.0,Nescafé,"Café solúvel gold, embalagem de 100g",,5.69,56.9,0,kg,€/Kg,,,https://driveimg1.intermarche.com/pt/Content/images/boitmal/produit/zoom/56AF775E1D437B4623D4E42AE4DAA827.jpg,,,,2025-07-02T23:59:59.999999999+01:00,PROSPECTUS,13,2,
973,5601024105020,1000.0,Fula,Óleo alimentar,Embalagem 1L,1.99,1.99,1000,L,€/L,,,https://driveimg1.intermarche.com/pt/Content/images/boitmal/produit/zoom/322383F88535C8A24498724B92188318.jpg,,,,2025-07-02T23:59:59.999999999+01:00,PROSPECTUS,13,2,
980,5601024134488,750.0,Oliveira da Serra,Azeite virgem extra clássico,Embalagem de 750 ml,5.79,7.72,750,L,€/L,,,https://driveimg1.intermarche.com/pt/Content/images/boitmal/produit/zoom/01EF39EFE8396CC9ACA95DC25E9D3412.jpg,,,,2025-07-02T23:59:59.999999999+01:00,PROSPECTUS,13,2,
996,5601038005064,80.0,Knorr,"Caldo de legumes 8 cubos, embalagem de 80g",,1.69,21.13,0,kg,€/Kg,,,https://driveimg1.intermarche.com/pt/Content/images/boitmal/produit/zoom/6F28E4D3F3D86011504BC554235AD652.jpg,,,,2025-07-02T23:59:59.999999999+01:00,PROSPECTUS,13,2,
10651,8714789113227,75.0,Colgate,"Pasta dentífrica herbal branqueadora, embalagem de 75 ml",,1.99,26.53,75,L,€/L,,,https://driveimg1.intermarche.com/pt/Content/images/boitmal/produit/zoom/D603169FD8B2B272886B853A2EE3184C.jpg,,,,2025-07-02T23:59:59.999999999+01:00,PROSPECTUS,13,2,
1162,5601089080607,22.0,Boca Doce,"Pudim baunilha, embalagem de 20g",,0.59,26.82,0,kg,€/Kg,,,https://driveimg1.intermarche.com/pt/Content/images/boitmal/produit/zoom/C404643F48571D5383D4DCCD5944EA22.jpg,,,,2025-07-02T23:59:59.999999999+01:00,PROSPECTUS,13,2,
1164,5601089080621,22.0,Boca Doce,"Pudim de chocolate, embalagem de 20g",,0.59,26.82,0,kg,€/Kg,,,https://driveimg1.intermarche.com/pt/Content/images/boitmal/produit/zoom/1E813E1E60C2ED52ABE328684BBB365A.jpg,,,,2025-07-02T23:59:59.999999999+01:00,PROSPECTUS,13,2,
1166,5601089080645,22.0,Boca Doce,"Pudim de ananás, 20g",,0.59,26.82,0,kg,€/Kg,,,https://driveimg1.intermarche.com/pt/Content/images/boitmal/produit/zoom/947EE57E4BDB32B5B957FEE191C4497B.jpg,,,,2025-07-02T23:59:59.999999999+01:00,PROSPECTUS,13,2,
11963,5603722505775,250.0,Mimosa,"Manteiga sem sal, embalagem de 250g",,2.19,8.76,0,kg,€/Kg,,,https://driveimg1.intermarche.com/pt/Content/images/boitmal/produit/zoom/9BCF64C54A7D7626D65710EBF82436CC.jpg,https://driveimg1.intermarche.com/pt/Content/images/boitmal/produit/zoom/1EA90F949357E7F98D48732996035C6E.jpg,https://driveimg1.intermarche.com/pt/Content/images/boitmal/produit/zoom/1F0AD169BB42B947BB5B96F6E89FDECD.jpg,,2025-07-02T23:59:59.999999999+01:00,PROSPECTUS,13,2,
13373,2893800000000,750.0,Bacalhau,Bacalhau Corrente da Noruega,1 un= 750 g (aprox.),7.12,9.49,0,,€/Kg,,,https://driveimg1.intermarche.com/pt/Content/images/boitmal/produit/zoom/D74E09EC00B79A52E13EB6B9341BD6BA.jpg,,,,2025-07-02T23:59:59.999999999+01:00,PROSPECTUS,13,2,
13567,2893562000000,250.0,Marisco,Ameijoa Castanha Vietnamita Congelada,vendido ao peso a partir de 250 g,0.82,3.29,0,,€/Kg,,Avantages !,https://driveimg1.intermarche.com/pt/Content/images/boitmal/produit/zoom/33CC3279E2741F227440A7AFDC3AEEF9.jpg,,,,2025-07-02T23:59:59.999999999+01:00,PROSPECTUS,13,2,
13602,2893597000000,500.0,Peixaria,Pescada Média Argentina Congelada,+ de 500 g,2.0,3.99,0,,€/Kg,,Avantages !,https://driveimg1.intermarche.com/pt/Content/images/boitmal/produit/zoom/0D3A6A42D4C22CDA932A00A286926BF6.jpg,,,,2025-07-02T23:59:59.999999999+01:00,PROSPECTUS,13,2,
13605,2893600000000,120.0,Peixaria,Carapau Pequeno,1 un= 120 gr (aprox.),0.36,2.99,0,,€/Kg,,Avantages !,https://driveimg1.intermarche.com/pt/Content/images/boitmal/produit/zoom/3B6E04790C21C4A69FD1B4E656879AFB.jpg,,,,2025-07-02T23:59:59.999999999+01:00,PROSPECTUS,13,2,
13848,2891015000000,150.0,Novilho,Entremeada Novilho,1 un=150 gr (aprox),1.48,9.89,0,,€/Kg,,,https://driveimg1.intermarche.com/pt/Content/images/boitmal/produit/zoom/E3E6C57F8100820E9FD4FEA74DC60325.jpg,,,,2025-07-02T23:59:59.999999999+01:00,PROSPECTUS,13,2,
13884,2891106000000,2000.0,PorSi Select,Frango do Campo Inteiro c/ Miúdos Programa Origens,Vendido ao peso,8.98,4.49,0,,€/Kg,,,https://driveimg1.intermarche.com/pt/Content/images/boitmal/produit/zoom/4004CE88E12A24D0AD85684C27210FBB.jpg,,,,2025-07-02T23:59:59.999999999+01:00,PROSPECTUS,13,2,
13895,2891047000000,150.0,Porco,Espetadas,1 un = 150 gr (aprox.),1.05,6.99,0,,€/Kg,,,https://driveimg1.intermarche.com/pt/Content/images/boitmal/produit/zoom/1E16755CED294E905F3A5B2727B27D5F.jpg,,,,2025-07-02T23:59:59.999999999+01:00,PROSPECTUS,13,2,
14230,5601089080829,113.0,Royal,"Fermento em pó, lata 110g",,1.59,14.07,0,kg,€/Kg,,,https://driveimg1.intermarche.com/pt/Content/images/boitmal/produit/zoom/24CF6B830E9333635B517F9E014F6916.jpg,,,,2025-07-02T23:59:59.999999999+01:00,PROSPECTUS,13,2,
14337,3387390320008,141.0,Nestlé,"Barras fitness com chocolate, embalagem de 140g",,2.39,16.95,0,kg,€/Kg,,,https://driveimg1.intermarche.com/pt/Content/images/boitmal/produit/zoom/60AE623A4FF700F6FDA38FA5729DE5A4.jpg,,,,2025-07-02T23:59:59.999999999+01:00,PROSPECTUS,13,2,
14341,3387390335217,380.0,Nestlé,Cereais fitness,Embalagem de 380g,3.34,8.79,0,kg,€/Kg,,,https://driveimg1.intermarche.com/pt/Content/images/boitmal/produit/zoom/C959B1D4FF6FA7DA78D69BB4AF4BF9D0.jpg,,,,2025-07-02T23:59:59.999999999+01:00,PROSPECTUS,13,2,
1438,5601260047108,1000.0,Saludães,Arroz agulha,Embalagem de 1kg,1.35,1.35,0,kg,€/Kg,,,https://driveimg1.intermarche.com/pt/Content/images/boitmal/produit/zoom/B47152EFC4F603CBADD3130829B29F08.jpg,,,,2025-07-02T23:59:59.999999999+01:00,PROSPECTUS,13,2,
14437,5411188110835,1000.0,Alpro,"Bebida de soja de amêndoa, embalagem de 1 litro",,1.87,1.87,1000,L,€/L,,,https://driveimg1.intermarche.com/pt/Content/images/boitmal/produit/zoom/7737749B389B841C77AB65B76665C756.jpg,,,,2025-07-02T23:59:59.999999999+01:00,PROSPECTUS,13,2,
1465,5601286234773,250.0,Milaneza,"Massa de letras, embalagem de 250g",,0.61,2.44,0,kg,€/Kg,,,https://driveimg1.intermarche.com/pt/Content/images/boitmal/produit/zoom/93F4FB7CE3C81A4CA398AFB1F88C82DD.jpg,,,,2025-07-02T23:59:59.999999999+01:00,PROSPECTUS,13,2,
1495,5601363100380,300.0,Pála-Pála,"Batata frita caseira rodela, embalagem de 300g",,1.79,5.97,0,kg,€/Kg,,,https://driveimg1.intermarche.com/pt/Content/images/boitmal/produit/zoom/2550CC98E3B2E3C63B7A972B31C2AB65.jpg,,,,2025-07-02T23:59:59.999999999+01:00,PROSPECTUS,13,2,
15013,2892586000000,1000.0,Programa Origens,Couve Roxa,1 un = 1 kg (aprox.),0.89,0.89,0,,€/Kg,,,https://driveimg1.intermarche.com/pt/Content/images/boitmal/produit/zoom/0752C121E89F4808C55CABA6C3E6EA04.jpg,,,,2025-07-02T23:59:59.999999999+01:00,PROSPECTUS,13,2,
1512,5601383029128,250.0,Izidoro,"Salsichas aves, frasco com 5 unidad",Embalagem de 250g,1.98,7.92,0,kg,€/Kg,,,https://driveimg1.intermarche.com/pt/Content/images/boitmal/produit/zoom/D6BD3A6096F982A2C1401CEF6014CDF6.jpg,,,,2025-07-02T23:59:59.999999999+01:00,PROSPECTUS,13,2,
1538,5601489134153,500.0,Du Bois de la Roche,"Bolachas crackers sem sal, embalagem de 500g",,2.99,5.98,0,kg,€/Kg,,,https://driveimg1.intermarche.com/pt/Content/images/boitmal/produit/zoom/A3AED4DA2D1415C7EB643F2D474CEC29.jpg,,,,2025-07-02T23:59:59.999999999+01:00,PROSPECTUS,13,2,
15398,5604260278039,1500.0,PorSi,Amaciador  p/ roupa concentrado Aromaterapia,Embalagem com 60 doses,2.49,1.66,1500,L,€/L,,,https://driveimg1.intermarche.com/pt/Content/images/boitmal/produit/zoom/A34CA50BD5140F3567823C4B325B98EF.jpg,,,,2025-07-02T23:59:59.999999999+01:00,PROSPECTUS,13,2,
15489,7613031884247,4000.0,Friskies,"Ração para gato adulto com vaca, frango, embalagem de 4kg",,10.79,2.7,0,kg,€/Kg,,,https://driveimg1.intermarche.com/pt/Content/images/boitmal/produit/zoom/AA74DE430E0D577781082E763F8D5C13.jpg,,,,2025-07-02T23:59:59.999999999+01:00,PROSPECTUS,13,2,
15566,8410063056180,250.0,Pescanova,"Miolo camarão, 250g",,6.99,27.96,0,kg,€/Kg,,Tipo de stockagem,https://driveimg1.intermarche.com/pt/Content/images/boitmal/produit/zoom/BEE1FF3586E000AD085B4D38C7ACD034.jpg,,,,2025-07-02T23:59:59.999999999+01:00,PROSPECTUS,13,2,
16229,8712561587495,4000.0,Comfort,"Amaciador de roupa, pure, de 4 l",,4.99,1.25,4000,L,€/L,,,https://driveimg1.intermarche.com/pt/Content/images/boitmal/produit/zoom/AAE7E7461FE5C9CAA68CFDC37842673D.jpg,,,,2025-07-02T23:59:59.999999999+01:00,PROSPECTUS,13,2,
16919,8718951037878,500.0,Ajax,"Limpa vidros cristal recarga, 500 ml",,1.79,3.58,500,L,€/L,,,https://driveimg1.intermarche.com/pt/Content/images/boitmal/produit/zoom/347189FDE440F5C76849CD3F7F37CA5B.jpg,,,,2025-07-02T23:59:59.999999999+01:00,PROSPECTUS,13,2,
17115,5000116110155,640.0,Capitão Iglo,8 hamburguers s/ glúten vaca,Embalagem de 640g,7.99,12.48,0,kg,€/Kg,,Tipo de stockagem,https://driveimg1.intermarche.com/pt/Content/images/boitmal/produit/zoom/6FAFE9FC4DDEB6CE7DCD2D721BE41E81.jpg,,,,2025-07-02T23:59:59.999999999+01:00,PROSPECTUS,13,2,
17665,8712100745591,754.0,Calvé,"Maionese top down, embalagem de 753 g",,3.49,4.63,0,kg,€/Kg,,,https://driveimg1.intermarche.com/pt/Content/images/boitmal/produit/zoom/C6F00A8AA4D7D21E56D34CFA61170423.jpg,,,,2025-07-02T23:59:59.999999999+01:00,PROSPECTUS,13,2,
19094,4084500330955,1500.0,Fairy,"Detergente líquido, manual loiça, original, 1,5 l",,7.29,4.86,1500,L,€/L,,,https://driveimg1.intermarche.com/pt/Content/images/boitmal/produit/zoom/95EC3D03AC3B46A8207C2E0CFB674294.jpg,,,,2025-07-02T23:59:59.999999999+01:00,PROSPECTUS,13,2,
19939,7613035619425,300.0,Nestlé,Gronola de aveia chocolate,Embalagem de 300g,3.29,10.97,0,kg,€/Kg,,,https://driveimg1.intermarche.com/pt/Content/images/boitmal/produit/zoom/9320D561FEE05C66ADC01B69C3EF7AE4.jpg,,,,2025-07-02T23:59:59.999999999+01:00,PROSPECTUS,13,2,
20033,5601989980809,750.0,Esporão,Vinho tinto reserva esporão 75 cl,,14.99,19.99,750,L,€/L,,,https://driveimg1.intermarche.com/pt/Content/images/boitmal/produit/zoom/33B8E98BB5338C2B4E29C9099A39A7A8.jpg,,,,2025-07-02T23:59:59.999999999+01:00,PROSPECTUS,13,2,
20546,3387390326468,375.0,Nestlé,Cereais fitness chocolate,Embalagem de 380g,3.99,10.64,0,kg,€/Kg,,,https://driveimg1.intermarche.com/pt/Content/images/boitmal/produit/zoom/3B69CCD1D22119150AD46AAF10E61DE1.jpg,,,,2025-07-02T23:59:59.999999999+01:00,PROSPECTUS,13,2,
21340,8412700130468,1000.0,Cacaolat,Leite com Cacau Original,Garrafa de 1 l,2.09,2.09,1000,L,€/L,,,https://driveimg1.intermarche.com/pt/Content/images/boitmal/produit/zoom/4023E508CEA84EE8D4AADAF288DEC219.jpg,,,,2025-07-02T23:59:59.999999999+01:00,PROSPECTUS,13,2,
21445,5600289172440,750.0,Pias,Vinho tinto,Garrafa de 750 ml,1.89,2.52,750,L,€/L,,,https://driveimg1.intermarche.com/pt/Content/images/boitmal/produit/zoom/7CEDD766D67B52CFB071E1C03D896CEE.jpg,,,,2025-07-02T23:59:59.999999999+01:00,PROSPECTUS,13,2,
22164,5601260254056,500.0,Saludães,"Arroz doce especial, embalagem de 500g",,0.83,1.66,0,kg,€/Kg,,,https://driveimg1.intermarche.com/pt/Content/images/boitmal/produit/zoom/C73C7DA612DE17339FC2172D24F6B83B.jpg,,,,2025-07-02T23:59:59.999999999+01:00,PROSPECTUS,13,2,
22321,5601989981851,750.0,Esporão,"Vinho doc alentejo reserva branco, garrafa de 0.75 l",,13.99,18.65,750,L,€/L,,,https://driveimg1.intermarche.com/pt/Content/images/boitmal/produit/zoom/930EC636ACBB571BF5A75E1D1F29B956.jpg,,,,2025-07-02T23:59:59.999999999+01:00,PROSPECTUS,13,2,
22335,5000116110940,420.0,Capitão Iglo,"15 douradinhos, embalagem de 420g",,4.99,11.88,0,kg,€/Kg,,Tipo de stockagem,https://driveimg1.intermarche.com/pt/Content/images/boitmal/produit/zoom/3973A8C90F686ECB72E76C3B0A0492D4.jpg,,,,2025-07-02T23:59:59.999999999+01:00,PROSPECTUS,13,2,
2279,5604260270095,55.0,PorSi,Cápsulas Café Descafeinado Cnpx10,,1.89,34.36,0,kg,€/Kg,,,https://driveimg1.intermarche.com/pt/Content/images/boitmal/produit/zoom/D26303CA655FAD23B73DEC3CCA6C621F.jpg,,,,2025-07-02T23:59:59.999999999+01:00,PROSPECTUS,13,2,
2281,5604260270118,55.0,PorSi,Cápsulas Café Veneza Cnpx10,,2.29,41.64,0,kg,€/Kg,,,https://driveimg1.intermarche.com/pt/Content/images/boitmal/produit/zoom/D116B291766A226D4C93852C6F88B818.jpg,,,,2025-07-02T23:59:59.999999999+01:00,PROSPECTUS,13,2,
23212,8434165444874,500.0,Cuétara,Flakes,Embalagem de 500g,3.34,6.68,0,kg,€/Kg,,,https://driveimg1.intermarche.com/pt/Content/images/boitmal/produit/zoom/CC121506D871F0F51539CF52E923C27C.jpg,,,,2025-07-02T23:59:59.999999999+01:00,PROSPECTUS,13,2,
24369,5601050033045,620.0,Danone,"Iogurte líquido morango / kiwi corpos danone, embalagem de 4 x 155g",,1.89,3.05,0,kg,€/Kg,,,https://driveimg1.intermarche.com/pt/Content/images/boitmal/produit/zoom/4DF8E752E36F802BC82CCB72970E5D9F.jpg,,,,2025-07-02T23:59:59.999999999+01:00,PROSPECTUS,13,2,
2457,7613031213849,340.0,Purina Gourmet,Comida húmida para gato delícias do oceano,Embalagem de 340 g,2.59,7.62,0,kg,€/Kg,,,https://driveimg1.intermarche.com/pt/Content/images/boitmal/produit/zoom/434167A16368A96CB5D1945EBB02F8CB.jpg,,,,2025-07-02T23:59:59.999999999+01:00,PROSPECTUS,13,2,
24855,8434165444850,175.0,Cuétara,"Bolacha Flakes Bombing, 175g",,2.24,12.8,0,kg,€/Kg,,,https://driveimg1.intermarche.com/pt/Content/images/boitmal/produit/zoom/E545C5A07242897A6E616877912C3813.jpg,,,,2025-07-02T23:59:59.999999999+01:00,PROSPECTUS,13,2,
2534,7613034155160,397.0,Nestlé,"Leite condensado cozido, embalagem de 397g",,2.19,5.52,0,kg,€/Kg,,,https://driveimg1.intermarche.com/pt/Content/images/boitmal/produit/zoom/7F1A4CD3925F133CB52FB643A8011E1E.jpg,,,,2025-07-02T23:59:59.999999999+01:00,PROSPECTUS,13,2,
2549,7613034717931,200.0,Nestlé,"Chocolate culinário, embalagem de 200g",,2.79,13.95,0,kg,€/Kg,,,https://driveimg1.intermarche.com/pt/Content/images/boitmal/produit/zoom/3B153FC5DBA6E54FFCBD8019E97BAF3D.jpg,,,,2025-07-02T23:59:59.999999999+01:00,PROSPECTUS,13,2,
26165,5029053566122,,Scottex,Papel Higiénico Gigante,18 Rolos = 54 Rolos,9.99,9.99,0,,€/Unidade,,,https://driveimg1.intermarche.com/pt/Content/images/boitmal/produit/zoom/0B3DC32EEB060521F3FC27E231F242CB.jpg,,,,2025-07-02T23:59:59.999999999+01:00,PROSPECTUS,13,2,
2672,8410000002904,130.0,Chips Ahoy!,Bolachas chips ahoy,Embalagem de 130g,1.59,12.23,0,kg,€/Kg,,,https://driveimg1.intermarche.com/pt/Content/images/boitmal/produit/zoom/BD589AC15D17690FDC8560DC4300A108.jpg,,,,2025-07-02T23:59:59.999999999+01:00,PROSPECTUS,13,2,
2676,8410000809831,160.0,Artiach,"Bolachas chiquilin ositos de mel, embalagem de 160g",,1.69,10.56,0,kg,€/Kg,,,https://driveimg1.intermarche.com/pt/Content/images/boitmal/produit/zoom/7F651091C0FC8F1A45FAC9DC89A926AB.jpg,,,,2025-07-02T23:59:59.999999999+01:00,PROSPECTUS,13,2,
282,0000080361497,85.0,Purina Gourmet,"Comida húmida para gato pedacinhos em molho com salmão, embalagem de 90g",,0.87,10.24,0,kg,€/Kg,,,https://driveimg1.intermarche.com/pt/Content/images/boitmal/produit/zoom/F3269BDBEA9617D986C45DC8EC354AB3.jpg,,,,2025-07-02T23:59:59.999999999+01:00,PROSPECTUS,13,2,
283,0000080393313,85.0,Purina Gourmet,"Comida húmida para gato mousse com peixe do oceano, embalagem de 90g",,0.87,10.24,0,kg,€/Kg,,,https://driveimg1.intermarche.com/pt/Content/images/boitmal/produit/zoom/1C1FA938089F82A59F34DAEE218383B9.jpg,,,,2025-07-02T23:59:59.999999999+01:00,PROSPECTUS,13,3,
32074,7613036488402,340.0,Purina One,"Comida húmida para gato com frango/vaca, embalagem de 340g",,2.59,7.62,0,kg,€/Kg,,,https://driveimg1.intermarche.com/pt/Content/images/boitmal/produit/zoom/7C69B3F68B06FF88501E698801F8DD83.jpg,,,,2025-07-02T23:59:59.999999999+01:00,PROSPECTUS,13,3,
32075,7613036496230,340.0,Purina One,Comida húmida para gato indoor em molho com atum,Embalagem de 340g,2.59,7.62,0,kg,€/Kg,,,https://driveimg1.intermarche.com/pt/Content/images/boitmal/produit/zoom/3841879E8C072CCA15A9C44E736AF30F.jpg,,,,2025-07-02T23:59:59.999999999+01:00,PROSPECTUS,13,3,
32408,5601050034967,600.0,Danone,"Danacol aveia, embalagem de 6 x 100g",,2.99,4.98,0,kg,€/Kg,,,https://driveimg1.intermarche.com/pt/Content/images/boitmal/produit/zoom/5CE656F263120C59B9C0953B21D516B7.jpg,,,,2025-07-02T23:59:59.999999999+01:00,PROSPECTUS,13,3,
32542,5609060007087,200.0,Delta,Café solúvel + cereais,Embalagem de 200 g,3.89,19.45,0,kg,€/Kg,,,https://driveimg1.intermarche.com/pt/Content/images/boitmal/produit/zoom/F9D0CD9AF58FE5C906C214D2AD623D92.jpg,,,,2025-07-02T23:59:59.999999999+01:00,PROSPECTUS,13,3,
32994,7613036342230,69.0,Purina One,Snack de higiene oral diária para cão mini,Embalagem de 69 g,1.79,25.94,0,kg,€/Kg,,,https://driveimg1.intermarche.com/pt/Content/images/boitmal/produit/zoom/CE0502D584E6BA8919C3FA07271F598E.jpg,,,,2025-07-02T23:59:59.999999999+01:00,PROSPECTUS,13,3,
33631,5601217130631,,Finish,"Ambientador para a máquina da loiça de lima e limão, 1 un.",,3.49,3.49,1,,€/Unidade,,,https://driveimg1.intermarche.com/pt/Content/images/boitmal/produit/zoom/59B0AD9BB7EBD8E68264D646B0B54FF9.jpg,,,,2025-07-02T23:59:59.999999999+01:00,PROSPECTUS,13,3,
33884,2893837000000,1500.0,Peixaria,Peixe espada preto inteiro,Vendido ao peso,11.99,7.99,0,,€/Kg,,,https://driveimg1.intermarche.com/pt/Content/images/boitmal/produit/zoom/0C1CA3DE6B16A13335042AAFE1F612D6.jpg,,,,2025-07-02T23:59:59.999999999+01:00,PROSPECTUS,13,3,
35089,5604260287246,,PorSi,Acendalhas Ecológicas - 32 Unidades,,0.99,0.99,0,,€/Unidade,,,https://driveimg1.intermarche.com/pt/Content/images/boitmal/produit/zoom/3C3A545F046A9053ADD48AE98FE47946.jpg,,,,2025-08-06T23:59:59.999999999+01:00,PROSPECTUS,13,3,
35297,5601314223205,500.0,Vitalis,"Água sem gás, garrafa de 0.5 l",,0.33,0.66,500,L,€/L,,,https://driveimg1.intermarche.com/pt/Content/images/boitmal/produit/zoom/7FE52B99CA553391F86364EECEA547A5.jpg,,,,2025-07-02T23:59:59.999999999+01:00,PROSPECTUS,13,3,
35301,8001090766885,,Evax,Pensos diários salvaslip flexi & fresh normal,28 unidades,1.49,1.49,0,,€/Unidade,,,https://driveimg1.intermarche.com/pt/Content/images/boitmal/produit/zoom/4746D822A5BCD6895EE9D55D697B5D57.jpg,,,,2025-07-02T23:59:59.999999999+01:00,PROSPECTUS,13,3,
35462,8410500023652,300.0,Yopro,"Iogurte liquido proteína yopro morango/framboesa, 300g",,1.99,6.63,0,kg,€/Kg,,,https://driveimg1.intermarche.com/pt/Content/images/boitmal/produit/zoom/0355698CE2ECE716D8F24A21D83D0BA6.jpg,,,,2025-07-02T23:59:59.999999999+01:00,PROSPECTUS,13,3,
35705,3021768203615,360.0,Gogo,"Conjunto de saquetas de fruta maçã e morango, embalagem de 4 x 90g",,1.92,5.33,0,kg,€/Kg,,,https://driveimg1.intermarche.com/pt/Content/images/boitmal/produit/zoom/50D9F740E1739930D14334FC3B6F4DCC.jpg,,,,2025-07-02T23:59:59.999999999+01:00,PROSPECTUS,13,3,
35983,5601027972735,700.0,Bimbo,Pão de forma torradas familiares,Embalagem de 700 g,1.98,2.83,0,kg,€/Kg,,,https://driveimg1.intermarche.com/pt/Content/images/boitmal/produit/zoom/6F4E1280EFC32C3DD99C945770A284F8.jpg,,,,2025-07-02T23:59:59.999999999+01:00,PROSPECTUS,13,3,
37744,5604260301805,540.0,PorSi,Feijão manteiga,Frasco com 540 g,0.89,1.65,0,kg,€/Kg,,,https://driveimg1.intermarche.com/pt/Content/images/boitmal/produit/zoom/B9B74EE9D5F4C86738772A5B6758433E.jpg,,,,2025-07-02T23:59:59.999999999+01:00,PROSPECTUS,13,3,
38100,5411188121978,750.0,Alpro,"Bebida soja chocolate, embalagem de 3 x 250 ml",,2.09,2.79,750,L,€/L,,,https://driveimg1.intermarche.com/pt/Content/images/boitmal/produit/zoom/B47B8FD3762B286F2ADC77B38B1AC4F0.jpg,,,,2025-07-02T23:59:59.999999999+01:00,PROSPECTUS,13,3,
38308,8410436341011,150.0,Sonasol,Bloco WC Poder Activo Eucalipto,Embalagem 3 x 50 g,4.39,29.27,0,kg,€/Kg,,,https://driveimg1.intermarche.com/pt/Content/images/boitmal/produit/zoom/82ED9D6125B06B5AB3E7C3747C99F060.jpg,,,,2025-07-02T23:59:59.999999999+01:00,PROSPECTUS,13,3,
38418,5411188125808,400.0,Alpro,"Yofu soja e manga sem açúcar adicionado, de 400g",,2.24,5.6,0,kg,€/Kg,,,https://driveimg1.intermarche.com/pt/Content/images/boitmal/produit/zoom/3BB622CE7FCFFFFBE1BDE445F2F172B5.jpg,,,,2025-07-02T23:59:59.999999999+01:00,PROSPECTUS,13,3,
388,8712566156115,71.0,Knorr,"Sopa de rabo de boi, 70g",,1.69,23.8,0,kg,€/Kg,,,https://driveimg1.intermarche.com/pt/Content/images/boitmal/produit/zoom/3A7D2F019E799AC69E8329E3FE5B92BA.jpg,,,,2025-07-02T23:59:59.999999999+01:00,PROSPECTUS,13,3,
393,8712566173945,72.0,Knorr,"Creme marisco, embalagem de 70g",,1.49,20.69,0,kg,€/Kg,,,https://driveimg1.intermarche.com/pt/Content/images/boitmal/produit/zoom/42380F997942E9C34D4500FD929708AF.jpg,,,,2025-07-02T23:59:59.999999999+01:00,PROSPECTUS,13,3,
40233,8718951078994,,Colgate,"Escova de dentes manual kids, 2 unidades",,2.59,2.59,2,,€/Unidade,,,https://driveimg1.intermarche.com/pt/Content/images/boitmal/produit/zoom/91E96A0D47F686A47CF5736FF55B7C33.jpg,,,,2025-07-02T23:59:59.999999999+01:00,PROSPECTUS,13,3,
40748,5604260303939,3900.0,PorSi,Amaciador Roupa Suave 60D,,3.49,0.89,3900,L,€/L,,,https://driveimg1.intermarche.com/pt/Content/images/boitmal/produit/zoom/0A60292B92EEAE429EF727A5BBA12C74.jpg,,,,2025-07-02T23:59:59.999999999+01:00,PROSPECTUS,13,3,
40855,8712561483094,200.0,Vaseline,"Loção Cacao Radiante, 200 ml",,2.39,11.95,200,L,€/L,,,https://driveimg1.intermarche.com/pt/Content/images/boitmal/produit/zoom/EE37A6DC2D913E08A23D177928C29AE8.jpg,,,,2025-07-02T23:59:59.999999999+01:00,PROSPECTUS,13,3,
40993,7622201122669,114.0,Royal,"Gelatina tutti frutti, embalagem de 114g",,1.45,12.72,0,kg,€/Kg,,,https://driveimg1.intermarche.com/pt/Content/images/boitmal/produit/zoom/04E0342E1E578793A06A837EEE498186.jpg,,,,2025-07-02T23:59:59.999999999+01:00,PROSPECTUS,13,3,
41265,5411188122074,750.0,Alpro,Bebida soja chocolate light 3x250ml,,2.39,3.19,750,L,€/L,,,https://driveimg1.intermarche.com/pt/Content/images/boitmal/produit/zoom/CEEDD503270174A375D0D679D73C4678.jpg,,,,2025-07-02T23:59:59.999999999+01:00,PROSPECTUS,13,3,
41300,5601050036596,440.0,Danone,"Iogurte oikos manga papaya, embalagem de 4 x 110g",,1.99,4.52,0,kg,€/Kg,,,https://driveimg1.intermarche.com/pt/Content/images/boitmal/produit/zoom/407B76EA9B8AB5CE288E3F687A8DBF84.jpg,,,,2025-07-02T23:59:59.999999999+01:00,PROSPECTUS,13,3,
41352,7622201122706,114.0,Royal,"Gelatina de frutos tropicais, 114g",,1.45,12.72,0,kg,€/Kg,,,https://driveimg1.intermarche.com/pt/Content/images/boitmal/produit/zoom/481E6B119D0D45095E4CEC25297887DD.jpg,,,,2025-07-02T23:59:59.999999999+01:00,PROSPECTUS,13,3,
41384,5601050036602,440.0,Danone,"Iogurte grego oikos stracciatella, embalagem de 4 x 110g",,1.99,4.52,0,kg,€/Kg,,,https://driveimg1.intermarche.com/pt/Content/images/boitmal/produit/zoom/4F7A349ED222FA644F51711D6A4D74B4.jpg,,,,2025-07-02T23:59:59.999999999+01:00,PROSPECTUS,13,3,
41895,5000116125784,220.0,Capitão Iglo,"12 nuggets frango polme americano, embalagem de 220g",,3.49,15.86,0,kg,€/Kg,,Tipo de stockagem,https://driveimg1.intermarche.com/pt/Content/images/boitmal/produit/zoom/E342C1C812C93A809F88301C9A1AFE84.jpg,,,,2025-07-02T23:59:59.999999999+01:00,PROSPECTUS,13,3,
43027,5604260309948,2000.0,PorSi,Amaciador Concentrado Aloe Vera 2L,,1.85,0.93,2000,L,€/L,,,https://driveimg1.intermarche.com/pt/Content/images/boitmal/produit/zoom/74EDE38428346064C0CAB7C74708459C.jpg,https://driveimg1.intermarche.com/pt/Content/images/boitmal/produit/zoom/8F5D9E9881CF7344832E8C38BDD4AAAF.jpg,https://driveimg1.intermarche.com/pt/Content/images/boitmal/produit/zoom/8F5D9E9881CF7344832E8C38BDD4AAAF.jpg,,2025-07-02T23:59:59.999999999+01:00,PROSPECTUS,13,3,
43541,5604260309955,2000.0,PorSi,Amaciador Concentrado Floral 2L,,1.85,0.93,2000,L,€/L,,,https://driveimg1.intermarche.com/pt/Content/images/boitmal/produit/zoom/AC8E28B5914FC2CC7805AFF54F6F924A.jpg,,,,2025-07-02T23:59:59.999999999+01:00,PROSPECTUS,13,3,
4362,3600541221147,200.0,Fructis,Creme tratamento hydra caracóis,Embalagem de 200 ml,3.49,17.45,200,L,€/L,,,https://driveimg1.intermarche.com/pt/Content/images/boitmal/produit/zoom/F41E1F1598E3D0E982BDFB3924B8C2FB.jpg,,,,2025-07-02T23:59:59.999999999+01:00,PROSPECTUS,13,3,
43780,5900020036988,300.0,Nestlé,"Cereais de aveia cheerios, embalagem de 300g",,2.99,9.97,0,kg,€/Kg,,,https://driveimg1.intermarche.com/pt/Content/images/boitmal/produit/zoom/3CA38EDA05B7EB510885558D8C7C8029.jpg,,,,2025-07-02T23:59:59.999999999+01:00,PROSPECTUS,13,3,
44177,5029053527574,,Huggies,"Fralda cueca Drynites para Menino 4 a 7 Anos, 10 unidades",,5.99,5.99,0,,€/Unidade,,,https://driveimg1.intermarche.com/pt/Content/images/boitmal/produit/zoom/B21C1FFFFC80FB02D762DC1245DE14CF.jpg,,,,2025-07-02T23:59:59.999999999+01:00,PROSPECTUS,13,3,
44736,5601119354296,220.0,Nobre,"Fiambre da perna extra fatias finas, embalagem de 220g",,3.19,14.5,0,kg,€/Kg,,,https://driveimg1.intermarche.com/pt/Content/images/boitmal/produit/zoom/4A56BA492C24F9CA3A987E9B4C367F7A.jpg,,,,2025-07-02T23:59:59.999999999+01:00,PROSPECTUS,13,3,
44908,7613033010170,100.0,Nescafé,"Café descafeinado, embalagem de 100g",,6.09,60.9,0,kg,€/Kg,,,https://driveimg1.intermarche.com/pt/Content/images/boitmal/produit/zoom/A928E341402EF9B577A83B4FC4F4DBBD.jpg,,,,2025-07-02T23:59:59.999999999+01:00,PROSPECTUS,13,3,
45431,5601050036893,300.0,Danone,"Yopro líquido manga, embalagem de 300g",,1.99,6.63,0,kg,€/Kg,,,https://driveimg1.intermarche.com/pt/Content/images/boitmal/produit/zoom/1E004FD89D8A20EC3FC964ADAE11A7AF.jpg,,,,2025-07-02T23:59:59.999999999+01:00,PROSPECTUS,13,3,
46674,5038862430548,900.0,Innocent,"Sumo laranja sem polpa, 900 ml",,2.69,2.99,900,L,€/L,,,https://driveimg1.intermarche.com/pt/Content/images/boitmal/produit/zoom/8A4F3A952C527ECF33C370458D65C246.jpg,,,,2025-07-02T23:59:59.999999999+01:00,PROSPECTUS,13,3,
46675,5038862230476,250.0,Innocent,"Smoothie de manga e maracujá, 250 ml",,1.75,7.0,250,L,€/L,,,https://driveimg1.intermarche.com/pt/Content/images/boitmal/produit/zoom/A941DD14AEE6FBCD3D964F87436A7A83.jpg,,,,2025-07-02T23:59:59.999999999+01:00,PROSPECTUS,13,3,
47102,5603722520198,250.0,Mimosa,"Manteiga com sal e sem lactose, embalagem de 250g",,2.44,9.76,0,kg,€/Kg,,,https://driveimg1.intermarche.com/pt/Content/images/boitmal/produit/zoom/93C16F859411D0EBAFBF43E49FD1DA1B.jpg,https://driveimg1.intermarche.com/pt/Content/images/boitmal/produit/zoom/03F85375587D6FDFB4925819A11BDAE0.jpg,https://driveimg1.intermarche.com/pt/Content/images/boitmal/produit/zoom/851EE75BBBA7A9986AE9578DEC17E3F9.jpg,,2025-07-02T23:59:59.999999999+01:00,PROSPECTUS,13,3,
48471,7613035442504,85.0,Purina Gourmet,"Comida húmida gato tartelette com carne de vaca e tomate, 85g",,0.87,10.24,0,kg,€/Kg,,,https://driveimg1.intermarche.com/pt/Content/images/boitmal/produit/zoom/EA678A538E8720908A34BC34C44875CF.jpg,,,,2025-07-02T23:59:59.999999999+01:00,PROSPECTUS,13,3,
48473,7613036226868,85.0,Purina Gourmet,"Comida húmida gato fondant frango, 85g",,0.87,10.24,0,kg,€/Kg,,,https://driveimg1.intermarche.com/pt/Content/images/boitmal/produit/zoom/074F76544249F751DC1D7D13566965F8.jpg,,,,2025-07-02T23:59:59.999999999+01:00,PROSPECTUS,13,3,
48474,7613036227124,85.0,Purina Gourmet,"Comida húmida gato fondant atum, 85g",,0.87,10.24,0,kg,€/Kg,,,https://driveimg1.intermarche.com/pt/Content/images/boitmal/produit/zoom/74EB0F4476A21CF0446AFE5C5B1EBE75.jpg,,,,2025-07-02T23:59:59.999999999+01:00,PROSPECTUS,13,3,
49542,5604260323906,1000.0,Porsi Vivabem,Bebida De Amendoa 0% Açúcares Adicionados 1L,,1.35,1.35,1000,L,€/L,,,https://driveimg1.intermarche.com/pt/Content/images/boitmal/produit/zoom/F89BE6092FFDF79437CA524ACE479BA7.jpg,,,,2025-07-02T23:59:59.999999999+01:00,PROSPECTUS,13,3,
49762,5601050037562,460.0,Danone,"Iogurte com cereais activia, 4x115g",,2.39,5.2,0,kg,€/Kg,,,https://driveimg1.intermarche.com/pt/Content/images/boitmal/produit/zoom/51EAF4A53D8366A31634F35574981BCB.jpg,,,,2025-07-02T23:59:59.999999999+01:00,PROSPECTUS,13,3,
49873,5604260324996,,PorSi,Cueca De Banho T3-4 9-15 Kg - 12 Unidades,,4.29,4.29,0,,€/Unidade,,,https://driveimg1.intermarche.com/pt/Content/images/boitmal/produit/zoom/2153D6E342C81B0086EEB7A3C64C78A9.jpg,,,,2025-07-02T23:59:59.999999999+01:00,PROSPECTUS,13,3,
49952,7615300008163,,Comfort,"Saquetas perfumadas, 3 unidades",,3.99,3.99,3,,€/Unidade,,,https://driveimg1.intermarche.com/pt/Content/images/boitmal/produit/zoom/770D2B124F155CA57A86DD5648272107.jpg,,,,2025-07-02T23:59:59.999999999+01:00,PROSPECTUS,13,3,
50378,7613031300655,375.0,Nestlé,"Cereais Nestlé Multicheerios, 375g",,4.79,12.77,0,kg,€/Kg,,,https://driveimg1.intermarche.com/pt/Content/images/boitmal/produit/zoom/8274ECF7D20252BA262D6F0987D5E737.jpg,,,,2025-07-02T23:59:59.999999999+01:00,PROSPECTUS,13,3,
50393,5411188136613,1000.0,Alpro,"Bebida de aveia not milk clássica vegan, de 1 l",,1.94,1.94,1000,L,€/L,,,https://driveimg1.intermarche.com/pt/Content/images/boitmal/produit/zoom/6821B4EC371AD517DBE48650010725D9.jpg,,,,2025-07-02T23:59:59.999999999+01:00,PROSPECTUS,13,3,
50394,8720181192111,150.0,Axe,"Desodorizante aero epic fresh, de 150 ml",,3.59,23.93,150,L,€/L,,,https://driveimg1.intermarche.com/pt/Content/images/boitmal/produit/zoom/3C80774091E79B2789B93D66067912AF.jpg,,,,2025-07-02T23:59:59.999999999+01:00,PROSPECTUS,13,3,
50439,5038862239660,250.0,Innocent,"Smoothie de maçã, kiwi e lima, 250 ml",,1.75,7.0,250,L,€/L,,,https://driveimg1.intermarche.com/pt/Content/images/boitmal/produit/zoom/5CE020B35F1C09592EB4849D26350835.jpg,,,,2025-07-02T23:59:59.999999999+01:00,PROSPECTUS,13,3,
50450,8710522729755,58.0,Knorr,"Potato pot bacon e cebola, embalagem de 51g",,1.69,29.14,0,kg,€/Kg,,,https://driveimg1.intermarche.com/pt/Content/images/boitmal/produit/zoom/5FCC41200BF97232AB254BAFB79D702D.jpg,,,,2025-07-02T23:59:59.999999999+01:00,PROSPECTUS,13,3,
50457,5603722520891,125.0,Mimosa,"Manteiga com salsa e alho, embalagem de 125g",,1.59,12.72,0,kg,€/Kg,,,https://driveimg1.intermarche.com/pt/Content/images/boitmal/produit/zoom/AD07C14D6EFB1FFAE444B8C7DD272173.jpg,https://driveimg1.intermarche.com/pt/Content/images/boitmal/produit/zoom/E035A762B58CBA6C1ACDD8E79E8BA0FE.jpg,https://driveimg1.intermarche.com/pt/Content/images/boitmal/produit/zoom/0BD538C4D562B7FA21A6743239B7FBB5.jpg,,2025-07-02T23:59:59.999999999+01:00,PROSPECTUS,13,3,
5126,5601068014494,750.0,Cif,"Desinfetante em gel com lixívia, de 750 ml",,1.49,1.99,750,L,€/L,,,https://driveimg1.intermarche.com/pt/Content/images/boitmal/produit/zoom/77935B9909F887F8D557F56915EB5FD9.jpg,,,,2025-07-02T23:59:59.999999999+01:00,PROSPECTUS,13,3,
51279,5602348103709,650.0,Izidoro,"Salsicha aves 9 unidades izidoro, embalagem de 360g",,2.84,4.37,0,kg,€/Kg,,,https://driveimg1.intermarche.com/pt/Content/images/boitmal/produit/zoom/6B9158791C3A03CA7863EA4B794B6564.jpg,,,,2025-07-02T23:59:59.999999999+01:00,PROSPECTUS,13,3,
51369,5000116125791,1400.0,Capitão Iglo,"50 douradinhos de peixe ómega 3 iglo, embalagem de 1.4 kg",,13.99,9.99,0,kg,€/Kg,,Tipo de stockagem,https://driveimg1.intermarche.com/pt/Content/images/boitmal/produit/zoom/6C5BC15FEE115209F2EC3E0B9DBA1CCD.jpg,,,,2025-07-02T23:59:59.999999999+01:00,PROSPECTUS,13,3,
51608,8006540830918,820.0,Fairy,Detergente Líquido p/ Lavar Loiça Limão,Embalagem de 820 ml,3.99,4.87,820,L,€/L,,,https://driveimg1.intermarche.com/pt/Content/images/boitmal/produit/zoom/F542477DBDEED3AD6C2F55650254DA51.jpg,,,,2025-07-02T23:59:59.999999999+01:00,PROSPECTUS,13,3,
51629,8006540445358,,Evax,Pensos Higiénicos Liberty Normal com Abas,Embalagem com 22 un.,4.64,4.64,0,,€/Unidade,,,https://driveimg1.intermarche.com/pt/Content/images/boitmal/produit/zoom/1D589449E52A53193DA557B0B9A0198B.jpg,,,,2025-07-02T23:59:59.999999999+01:00,PROSPECTUS,13,3,
51762,8410436421928,100.0,Sonasol,Bloco Sanitário Bref Higiene,Embalagem de 2x50 g,2.99,29.9,0,kg,€/Kg,,,https://driveimg1.intermarche.com/pt/Content/images/boitmal/produit/zoom/9E23C9236E7B7436FAE69C8870CE8E33.jpg,,,,2025-07-02T23:59:59.999999999+01:00,PROSPECTUS,13,3,
51763,8410436429092,84.0,Sonasol,Bloco Sanitário Bright Gel Chuva de Primavera,Embalagem de 2x42 g,3.39,40.36,0,kg,€/Kg,,,https://driveimg1.intermarche.com/pt/Content/images/boitmal/produit/zoom/0FA265A6106AC61EECE3945FC2848707.jpg,,,,2025-07-02T23:59:59.999999999+01:00,PROSPECTUS,13,3,
52327,8720181385087,2520.0,Skip,"Detergente máquina roupa líquido roupa escura, 56 doses",,9.99,3.96,2520,L,€/L,,,https://driveimg1.intermarche.com/pt/Content/images/boitmal/produit/zoom/29AB5BDD5BBFA6B210DEE0211E3A1107.jpg,,,,2025-07-02T23:59:59.999999999+01:00,PROSPECTUS,13,3,
52335,8720181392979,1368.0,Comfort,"Amaciador roupa concentrado creations angélicas e flor de baunilha, 76 doses",,3.99,2.92,1368,L,€/L,,,https://driveimg1.intermarche.com/pt/Content/images/boitmal/produit/zoom/504638FE0C01115A314811D8BC910186.jpg,,,,2025-07-02T23:59:59.999999999+01:00,PROSPECTUS,13,3,
52336,8720181392948,1368.0,Comfort,"Amaciador roupa concentrado creations leite de coco e óleo de argão, 76 doses",,3.99,2.92,1368,L,€/L,,,https://driveimg1.intermarche.com/pt/Content/images/boitmal/produit/zoom/C1D51042B82242C0A9A766394A73FCB2.jpg,,,,2025-07-02T23:59:59.999999999+01:00,PROSPECTUS,13,3,
52337,8720181392955,1368.0,Comfort,"Amaciador roupa concentrado creations flor de lótus e lima, 76 doses",,3.99,2.92,1368,L,€/L,,,https://driveimg1.intermarche.com/pt/Content/images/boitmal/produit/zoom/AA557AEC063D2D449E9AD9A05E65B1FD.jpg,,,,2025-07-02T23:59:59.999999999+01:00,PROSPECTUS,13,3,
52377,8720181385131,,Skip,Detergente Máquina Roupa Líquido Sabão Natural,100 Doses,11.99,11.99,0,,€/Unidade,,,https://driveimg1.intermarche.com/pt/Content/images/boitmal/produit/zoom/B7482844827C04E8BE654EF9B7B49DD3.jpg,,,,2025-07-02T23:59:59.999999999+01:00,PROSPECTUS,13,3,
52381,8720181407154,1300.0,Cif,"Lava tudo perfumado lavanda, embalagem de 1,3l",,1.99,1.53,1300,L,€/L,,,https://driveimg1.intermarche.com/pt/Content/images/boitmal/produit/zoom/12443931DBE21DE904E26826F24E6B07.jpg,https://driveimg1.intermarche.com/pt/Content/images/boitmal/produit/zoom/935C662FEAE9FBF79977B0438F001CF1.jpg,,,2025-07-02T23:59:59.999999999+01:00,PROSPECTUS,13,3,
52500,5604260329687,500.0,PorSi,"Ice Tea Pêssego, 500 ml",,0.69,1.38,500,L,€/L,,,https://driveimg1.intermarche.com/pt/Content/images/boitmal/produit/zoom/BF5C39472444DB391E968001F2E41C83.jpg,,,,2025-07-02T23:59:59.999999999+01:00,PROSPECTUS,13,3,
52537,8718951496293,,Colgate,Fio Dentário 50m,,2.99,2.99,0,,€/Unidade,,,https://driveimg1.intermarche.com/pt/Content/images/boitmal/produit/zoom/0E20EC9C31FEF222C7E3FB0D4808641E.jpg,,,,2025-07-02T23:59:59.999999999+01:00,PROSPECTUS,13,3,
52603,5604260328628,120.0,PorSi,Salsichas Frankfurt Lata 6 Unidades,,0.79,6.58,0,kg,€/Kg,,,https://driveimg1.intermarche.com/pt/Content/images/boitmal/produit/zoom/811C87520E2C93C5E045A2F997D09B94.jpg,,,,2025-07-02T23:59:59.999999999+01:00,PROSPECTUS,13,3,
52785,5900020043504,310.0,Nestlé,"Cereais Fibra Fitness 0% Mel, 310g",,3.34,10.77,0,kg,€/Kg,,,https://driveimg1.intermarche.com/pt/Content/images/boitmal/produit/zoom/8279A6B5BC166AA60A43E6EF7802287B.jpg,,,,2025-07-02T23:59:59.999999999+01:00,PROSPECTUS,13,3,
52855,5411188137368,400.0,Alpro,"Yofu skyr exótico, 400g",,2.24,5.6,0,kg,€/Kg,,,https://driveimg1.intermarche.com/pt/Content/images/boitmal/produit/zoom/DAC9AE018EB508E38645481AA2644683.jpg,https://driveimg1.intermarche.com/pt/Content/images/boitmal/produit/zoom/5EF9019C19B1CFD1218BF97A6C8EF78D.jpg,https://driveimg1.intermarche.com/pt/Content/images/boitmal/produit/zoom/5EF9019C19B1CFD1218BF97A6C8EF78D.jpg,https://driveimg1.intermarche.com/pt/Content/images/boitmal/produit/zoom/5EF9019C19B1CFD1218BF97A6C8EF78D.jpg,2025-07-02T23:59:59.999999999+01:00,PROSPECTUS,13,3,
52856,5411188137993,400.0,Alpro,"Yofu mirtilo, 400g",,1.87,4.68,0,kg,€/Kg,,,https://driveimg1.intermarche.com/pt/Content/images/boitmal/produit/zoom/485F657BAFD51912DFB54A5C99A1A224.jpg,https://driveimg1.intermarche.com/pt/Content/images/boitmal/produit/zoom/11533D920C6F50B230FF02F2A50E7E1F.jpg,https://driveimg1.intermarche.com/pt/Content/images/boitmal/produit/zoom/11533D920C6F50B230FF02F2A50E7E1F.jpg,,2025-07-02T23:59:59.999999999+01:00,PROSPECTUS,13,3,
52881,8719200267190,450.0,Becel,"Creme vegetal para barrar original, 450g",,3.56,7.91,0,kg,€/Kg,,,https://driveimg1.intermarche.com/pt/Content/images/boitmal/produit/zoom/7D8CFDDFB89CBA606F61A06158439D60.jpg,https://driveimg1.intermarche.com/pt/Content/images/boitmal/produit/zoom/D67292663C5C1617E51BCDF904BF56A4.jpg,https://driveimg1.intermarche.com/pt/Content/images/boitmal/produit/zoom/D67292663C5C1617E51BCDF904BF56A4.jpg,,2025-07-02T23:59:59.999999999+01:00,PROSPECTUS,13,3,
52897,8720181392917,1332.0,Comfort,"Amaciador concentrado essência pure, 74 doses",,3.49,2.62,1332,L,€/L,,,https://driveimg1.intermarche.com/pt/Content/images/boitmal/produit/zoom/F5C0D70B94DAAFB0949EA4EE48242D35.jpg,https://driveimg1.intermarche.com/pt/Content/images/boitmal/produit/zoom/6C81AB307354BD851AD24288672BBAB9.jpg,https://driveimg1.intermarche.com/pt/Content/images/boitmal/produit/zoom/6C81AB307354BD851AD24288672BBAB9.jpg,,2025-07-02T23:59:59.999999999+01:00,PROSPECTUS,13,3,
52911,0000096125595,50.0,Dove Men,"Desodorizante Men Stick Cool Fresh, 50ml",,2.99,59.8,50,L,€/L,,,https://driveimg1.intermarche.com/pt/Content/images/boitmal/produit/zoom/46572A9C01BBFC352029D41245C199C1.jpg,,,,2025-07-02T23:59:59.999999999+01:00,PROSPECTUS,13,3,
52934,5603722522550,600.0,Agros,"Bebida láctea café, 3 x 200ml",,1.85,3.08,600,L,€/L,,,https://driveimg1.intermarche.com/pt/Content/images/boitmal/produit/zoom/933624CF1FEE0BDFC20D8185815B8800.jpg,,,,2025-07-02T23:59:59.999999999+01:00,PROSPECTUS,13,3,
52941,8720181386510,2700.0,Skip,"Detergente líquido máquina de roupa sabão natural, 60 doses",,7.99,2.96,2700,L,€/L,,,https://driveimg1.intermarche.com/pt/Content/images/boitmal/produit/zoom/E86C320C5CE9CDD2DA45593DF7CE710E.jpg,https://driveimg1.intermarche.com/pt/Content/images/boitmal/produit/zoom/F78D7BA1CEEC1BA7836B80E309E4D243.jpg,https://driveimg1.intermarche.com/pt/Content/images/boitmal/produit/zoom/F78D7BA1CEEC1BA7836B80E309E4D243.jpg,,2025-07-02T23:59:59.999999999+01:00,PROSPECTUS,13,3,
53016,3046920027281,100.0,Lindt,"Tablete chocolate preto com sal marinho e caramelo, 100g",,2.99,29.9,0,kg,€/Kg,,,https://driveimg1.intermarche.com/pt/Content/images/boitmal/produit/zoom/21980D5EAFABD088C9201193D84E96F4.jpg,,,,2025-07-02T23:59:59.999999999+01:00,PROSPECTUS,13,3,
53022,8445290502490,85.0,Purina Gourmet,"Comida Húmida para Gato Delícias Suculentas Peixe, 85g",,0.87,10.24,0,kg,€/Kg,,,https://driveimg1.intermarche.com/pt/Content/images/boitmal/produit/zoom/74BCC173AD7328B601FA910CCCEC8560.jpg,https://driveimg1.intermarche.com/pt/Content/images/boitmal/produit/zoom/FA365B85872BF39268AE03B4C04E8717.jpg,https://driveimg1.intermarche.com/pt/Content/images/boitmal/produit/zoom/FA365B85872BF39268AE03B4C04E8717.jpg,,2025-07-02T23:59:59.999999999+01:00,PROSPECTUS,13,3,
53049,8445290589316,190.0,Nestlé,"Puré de legumes com peixe +8 meses, 190g",,1.59,8.37,0,kg,€/Kg,,,https://driveimg1.intermarche.com/pt/Content/images/boitmal/produit/zoom/7E5BF3B7685558DA7A110F72D148811C.jpg,,,,2025-07-02T23:59:59.999999999+01:00,PROSPECTUS,13,3,
53079,8711327591011,650.0,Viennetta,"Gelado caramelo salgado, 650 ml",,2.59,3.98,650,L,€/L,,Tipo de stockagem,https://driveimg1.intermarche.com/pt/Content/images/boitmal/produit/zoom/B05E55484D079FDCAE0B99F040C539B7.jpg,https://driveimg1.intermarche.com/pt/Content/images/boitmal/produit/zoom/96C8E669282C188787DB043E8B0F9711.jpg,https://driveimg1.intermarche.com/pt/Content/images/boitmal/produit/zoom/96C8E669282C188787DB043E8B0F9711.jpg,,2025-07-02T23:59:59.999999999+01:00,PROSPECTUS,13,3,
54321,8718951477957,100.0,Colgate,"Pasta De Dentes Tripla Ação, 100ml",,2.14,21.4,100,L,€/L,,,https://driveimg1.intermarche.com/pt/Content/images/boitmal/produit/zoom/314A8AD6D21192FE5E061EE56C598725.jpg,https://driveimg1.intermarche.com/pt/Content/images/boitmal/produit/zoom/9ADDEB220D16C8DAE54C517CBC09DC55.jpg,https://driveimg1.intermarche.com/pt/Content/images/boitmal/produit/zoom/9ADDEB220D16C8DAE54C517CBC09DC55.jpg,https://driveimg1.intermarche.com/pt/Content/images/boitmal/produit/zoom/9ADDEB220D16C8DAE54C517CBC09DC55.jpg,2025-07-02T23:59:59.999999999+01:00,PROSPECTUS,13,3,
54331,3600542590617,370.0,Fructis,"Máscara Premium Método Caracóis Embalagem,370ml",,6.74,18.22,370,L,€/L,,,https://driveimg1.intermarche.com/pt/Content/images/boitmal/produit/zoom/849EB0F909EAEA36FA31D95C0AFC394A.jpg,https://driveimg1.intermarche.com/pt/Content/images/boitmal/produit/zoom/A0931B18BFA22C906F4B0AD3313EA3C9.jpg,https://driveimg1.intermarche.com/pt/Content/images/boitmal/produit/zoom/A0931B18BFA22C906F4B0AD3313EA3C9.jpg,https://driveimg1.intermarche.com/pt/Content/images/boitmal/produit/zoom/A0931B18BFA22C906F4B0AD3313EA3C9.jpg,2025-07-02T23:59:59.999999999+01:00,PROSPECTUS,13,3,
54358,8410436351591,,Bref,"Bloco Sanitário Wc Deluxe Jasmim, 2un.",,3.39,3.39,0,,€/Unidade,,,https://driveimg1.intermarche.com/pt/Content/images/boitmal/produit/zoom/1C7EC0A9377EFC1FE69CE41D92B2CBF2.jpg,,,,2025-07-02T23:59:59.999999999+01:00,PROSPECTUS,13,3,
54361,8410104915186,,Finish,"Detergente Loiça Máquina Quantum Limão, 28 Pastilhas",,5.99,5.99,0,,€/Unidade,,,https://driveimg1.intermarche.com/pt/Content/images/boitmal/produit/zoom/AF6445EE2B2537230E8784866A377CB3.jpg,,,,2025-07-02T23:59:59.999999999+01:00,PROSPECTUS,13,3,
54362,8410104914127,,Finish,"Detergente loiça máquina ultimate limão, 32 pastilhas",,8.99,8.99,32,,€/Unidade,,,https://driveimg1.intermarche.com/pt/Content/images/boitmal/produit/zoom/1D3A215F5E688CA6FF7E7D1EDBD7C601.jpg,,,,2025-07-02T23:59:59.999999999+01:00,PROSPECTUS,13,3,
54365,8410104915209,,Finish,"Detergente Loiça Máquina Quantum Limão, 64 Pastilhas",,12.49,12.49,0,,€/Unidade,,,https://driveimg1.intermarche.com/pt/Content/images/boitmal/produit/zoom/D395D7FB7505791938B52E99053AC6D0.jpg,,,,2025-07-02T23:59:59.999999999+01:00,PROSPECTUS,13,3,
5438,5601314222222,1980.0,Vitalis,"Água mineral sem gás, pack 6 x 0.33 l",,1.39,0.7,1980,L,€/L,,,https://driveimg1.intermarche.com/pt/Content/images/boitmal/produit/zoom/33D50EDEE051731540B4213BFFB43642.jpg,,,,2025-07-02T23:59:59.999999999+01:00,PROSPECTUS,13,3,
54417,8712561180795,150.0,Rexona,"Desodorizante spray shower fresh 48h, 150ml",,3.99,26.6,150,L,€/L,,,https://driveimg1.intermarche.com/pt/Content/images/boitmal/produit/zoom/4236F8F5D0507AA106DE2D0952AE73EC.jpg,,,,2025-07-02T23:59:59.999999999+01:00,PROSPECTUS,13,3,
54448,8710522323007,400.0,Tresemmé,"Champô liso keratina smooth, 400ml",,3.79,9.48,400,L,€/L,,,https://driveimg1.intermarche.com/pt/Content/images/boitmal/produit/zoom/A0CFCB6F402225ED49AAA65602D62346.jpg,,,,2025-07-02T23:59:59.999999999+01:00,PROSPECTUS,13,3,
54450,8720181449185,400.0,Tresemmé,"Condicionador rich moisture, 400ml",,3.79,9.48,400,L,€/L,,,https://driveimg1.intermarche.com/pt/Content/images/boitmal/produit/zoom/FEF0C5A9329BAAA82759E31E8542AFE0.jpg,,,,2025-07-02T23:59:59.999999999+01:00,PROSPECTUS,13,3,
54637,8720181446788,400.0,Tresemmé,"Champô Hidratação Intensa, 400ml",,3.79,9.48,400,L,€/L,,,https://driveimg1.intermarche.com/pt/Content/images/boitmal/produit/zoom/50B0E163180E054A1DF343BAF6C655A3.jpg,,,,2025-07-02T23:59:59.999999999+01:00,PROSPECTUS,13,3,
54642,8435495842767,,A+,"Detergente Máquina Roupa Líquido Ocean Dream, 56D",,8.99,8.99,0,,€/Unidade,,,https://driveimg1.intermarche.com/pt/Content/images/boitmal/produit/zoom/E7AE89CC1AED35A9F40B3BB43FB44390.jpg,https://driveimg1.intermarche.com/pt/Content/images/boitmal/produit/zoom/1D0AC6E88574EFCB8CB4DBDB7E50F801.jpg,,,2025-07-02T23:59:59.999999999+01:00,PROSPECTUS,13,3,
54766,8711327635449,825.0,Carte DOr,"Gelado filipinos, 825 ml",,5.99,7.26,825,L,€/L,,Tipo de stockagem,https://driveimg1.intermarche.com/pt/Content/images/boitmal/produit/zoom/45FEC64353D00132823145E2C11E5AA6.jpg,,,,2025-07-02T23:59:59.999999999+01:00,PROSPECTUS,13,3,
54775,8711327639874,480.0,Cornetto,"4 gelados brigadeiro, 480 ml",,3.89,8.1,480,L,€/L,,Tipo de stockagem,https://driveimg1.intermarche.com/pt/Content/images/boitmal/produit/zoom/962707DE4486454556D51C1A705EA1C2.jpg,,,,2025-07-02T23:59:59.999999999+01:00,PROSPECTUS,13,3,
54840,8720181536991,,Skip,"Detergente Máquina Roupa Líquido Ciclos Curtos Antiodor Express, 54D",,9.99,9.99,0,,€/Unidade,,,https://driveimg1.intermarche.com/pt/Content/images/boitmal/produit/zoom/C47A35D3E1DEDAD7D0B82ED95D5A0CA8.jpg,,,,2025-07-02T23:59:59.999999999+01:00,PROSPECTUS,13,3,
54841,8720181536977,,Skip,"Detergente Máquina Roupa Líquido Ciclos Curtos Eficácia Express, 54D",,9.99,9.99,0,,€/Unidade,,,https://driveimg1.intermarche.com/pt/Content/images/boitmal/produit/zoom/36CE943074EB52B9FEFCB8ABDDE587DE.jpg,,,,2025-07-02T23:59:59.999999999+01:00,PROSPECTUS,13,3,
55018,5601027117303,430.0,Bimbo,"Pão de forma com Côdea, 430g",,1.74,4.05,0,kg,€/Kg,,,https://driveimg1.intermarche.com/pt/Content/images/boitmal/produit/zoom/4C17DB6C614697DA1B5FB0CE80A911CD.jpg,,,,2025-07-02T23:59:59.999999999+01:00,PROSPECTUS,13,3,
55151,8445290970985,330.0,Nestlé,"Cereais Cheerios Mel, 330g",,3.19,9.67,0,kg,€/Kg,,,https://driveimg1.intermarche.com/pt/Content/images/boitmal/produit/zoom/2FAF521734DC04D8BFCC226161906C91.jpg,,,,2025-07-02T23:59:59.999999999+01:00,PROSPECTUS,13,3,
55188,8711327618428,825.0,Carte d'or,"Gelado Baunilha Pecan Les Desserts, 825ml",,5.99,7.26,825,L,€/L,,Tipo de stockagem,https://driveimg1.intermarche.com/pt/Content/images/boitmal/produit/zoom/08571CB2AC6E14D50DDB3E1CA2FA4D66.jpg,,,,2025-07-02T23:59:59.999999999+01:00,PROSPECTUS,13,3,
55269,8720182948793,500.0,Cif,"Multiusos Spray 3 em 1 Lavanda e Samambaia Azul, 500ml",,2.19,4.38,500,L,€/L,,,https://driveimg1.intermarche.com/pt/Content/images/boitmal/produit/zoom/43329273126D7F7EFAE380CB123C3668.jpg,,,,2025-07-02T23:59:59.999999999+01:00,PROSPECTUS,13,4,
55736,8410500031015,460.0,Danone,"Bifidus Activia Pêssego 000%, 4x120g",,2.39,5.2,0,kg,€/Kg,,,https://driveimg1.intermarche.com/pt/Content/images/boitmal/produit/zoom/ACD8A16E808FC2454AC2699B564292FC.jpg,,,,2025-07-02T23:59:59.999999999+01:00,PROSPECTUS,13,4,
55737,8410500031022,460.0,Danone,"Bifidus Activia Zero Natural, 4x115g",,2.39,5.2,0,kg,€/Kg,,,https://driveimg1.intermarche.com/pt/Content/images/boitmal/produit/zoom/547218D1B97E16FA3888B08256A0555D.jpg,,,,2025-07-02T23:59:59.999999999+01:00,PROSPECTUS,13,4,
5802,5604260055807,1000.0,PorSi,Lixívia Tradicional 1L,,0.89,0.89,1000,L,€/L,,,https://driveimg1.intermarche.com/pt/Content/images/boitmal/produit/zoom/BCED94EABDE98B5CAB02624A604290B0.jpg,,,,2025-07-02T23:59:59.999999999+01:00,PROSPECTUS,13,4,
5926,5604260256907,2000.0,PorSi,Lava Tudo Perfumado Lavanda,,0.99,0.5,2000,L,€/L,,,https://driveimg1.intermarche.com/pt/Content/images/boitmal/produit/zoom/01DD4B6F1EC514CE87AE4FA32F6F195B.jpg,,,,2025-07-02T23:59:59.999999999+01:00,PROSPECTUS,13,4,
6377,8410108125857,,Evax,Penso Diário Salva Slip,50 Unidades,2.54,2.54,0,,€/Unidade,,,https://driveimg1.intermarche.com/pt/Content/images/boitmal/produit/zoom/1DEB48EF641757554EEB9A48091A1615.jpg,,,,2025-07-02T23:59:59.999999999+01:00,PROSPECTUS,13,4,
6408,8410376033267,410.0,Gullón,"Digestive aveia diet natural, embalagem de 410g",,2.89,7.05,0,kg,€/Kg,,,https://driveimg1.intermarche.com/pt/Content/images/boitmal/produit/zoom/D18958A844A120D74B9092BA39F02D7E.jpg,,,,2025-07-02T23:59:59.999999999+01:00,PROSPECTUS,13,4,
6689,8435257022567,720.0,Longa vida,"Iogurte magro morango, embalagem de 6 x 120g",,2.29,3.18,0,kg,€/Kg,,,https://driveimg1.intermarche.com/pt/Content/images/boitmal/produit/zoom/C7D81FD136DA0ED21FA11EE161602678.jpg,,,,2025-07-02T23:59:59.999999999+01:00,PROSPECTUS,13,4,
8445,5601050206791,960.0,Danone,"Iogurte aroma morango, banana e tutti frutti, 8x125 g",,1.99,2.07,0,kg,€/Kg,,,https://driveimg1.intermarche.com/pt/Content/images/boitmal/produit/zoom/CE730BB240A2277A1A0DBFAFB39BCC5F.jpg,,,,2025-07-02T23:59:59.999999999+01:00,PROSPECTUS,13,4,
8537,5601119957206,120.0,Campofrio,"Peito frango forno lenha fatias clássicas, embalagem de 120g",,2.19,18.25,0,kg,€/Kg,,,https://driveimg1.intermarche.com/pt/Content/images/boitmal/produit/zoom/A5EDB423B7786C27645C35469FF56E84.jpg,,,,2025-07-02T23:59:59.999999999+01:00,PROSPECTUS,13,4,
8538,5601119957213,120.0,Campofrio,"Peito frango forno lenha fatias finas, embalagem de 120g",,2.19,18.25,0,kg,€/Kg,,,https://driveimg1.intermarche.com/pt/Content/images/boitmal/produit/zoom/73C7285F6ACF8A124F339DF62D4EEA07.jpg,,,,2025-07-02T23:59:59.999999999+01:00,PROSPECTUS,13,4,
8745,5601214454129,1000.0,Redex,Shampô vermelho,Embalagem de 1 l,2.49,2.49,1000,L,€/L,,,https://driveimg1.intermarche.com/pt/Content/images/boitmal/produit/zoom/63061CC5F4A523722C8965CB64335BD4.jpg,,,,2025-07-02T23:59:59.999999999+01:00,PROSPECTUS,13,4,
8801,5601244201960,350.0,Terra Nostra,"Queijo flamengo, bola quartos, embalagem de 350g",,3.49,9.97,0,kg,€/Kg,,,https://driveimg1.intermarche.com/pt/Content/images/boitmal/produit/zoom/6383E3291BF534B2B32E49FC441DAF9D.jpg,,,,2025-07-02T23:59:59.999999999+01:00,PROSPECTUS,13,4,
9278,5603522994533,750.0,Assobio,"Vinho maduro tinto doc douro, garrafa de 0.75 l",,5.99,7.99,750,L,€/L,,,https://driveimg1.intermarche.com/pt/Content/images/boitmal/produit/zoom/927557CB01C4E330DD7E55180DE7935F.jpg,,,,2025-07-02T23:59:59.999999999+01:00,PROSPECTUS,13,4,
931,5601001228100,300.0,Nestum,Nestum flocos de cereais com mel,Embalagem de 300g,2.24,7.47,0,kg,€/Kg,,,https://driveimg1.intermarche.com/pt/Content/images/boitmal/produit/zoom/82B368094FF4C269D04DE75FB30D7775.jpg,,,,2025-07-02T23:59:59.999999999+01:00,PROSPECTUS,13,4,
977,5601024124052,750.0,Oliveira da Serra,"Azeite virgem extra seleção ouro, garrafa de 750 ml",,6.19,8.25,750,L,€/L,,,https://driveimg1.intermarche.com/pt/Content/images/boitmal/produit/zoom/C1949CA33BBB7B540392F14948B1D8BF.jpg,,,,2025-07-02T23:59:59.999999999+01:00,PROSPECTUS,13,4,
48137,5604260323319,2000.0,PorSi,Amaciador Roupa Concentrado Talco 80D,,1.85,0.93,2000,L,€/L,,,https://driveimg1.intermarche.com/pt/Content/images/boitmal/produit/zoom/19A86120D5B46985AF96636938E62EA9.jpg,,,,2025-07-02T23:59:59.999999999+01:00,PROSPECTUS,13,4,
5928,5604260256921,2000.0,PorSi,Lava Tudo Perfumado Montanha,,0.99,0.5,2000,L,€/L,,,https://driveimg1.intermarche.com/pt/Content/images/boitmal/produit/zoom/1025C53588751D93B22FC3DF4D839D3B.jpg,,,,2025-07-02T23:59:59.999999999+01:00,PROSPECTUS,13,4,
6398,8410372182303,75.0,Colgate,"Dentifríco flúor gel, embalagem de 75 ml",,1.99,26.53,75,L,€/L,,,https://driveimg1.intermarche.com/pt/Content/images/boitmal/produit/zoom/3F011A79E5A34E1D47A1369D50D1C53B.jpg,,,,2025-07-02T23:59:59.999999999+01:00,PROSPECTUS,13,4,
5977,5604260274086,,PorSi,Acendalhas Brancas - 32 Unidades,,0.99,0.99,0,,€/Unidade,,,https://driveimg1.intermarche.com/pt/Content/images/boitmal/produit/zoom/5D848885F4F58352BFD5FA139BD7FC0A.jpg,https://driveimg1.intermarche.com/pt/Content/images/boitmal/produit/zoom/1FFF9F1373872F7DE961EE146FD1DAB4.jpg,https://driveimg1.intermarche.com/pt/Content/images/boitmal/produit/zoom/1FFF9F1373872F7DE961EE146FD1DAB4.jpg,,2025-08-06T23:59:59.999999999+01:00,PROSPECTUS,13,4,
13839,2891006000000,800.0,Novilho,Bife da Pá,Vendido ao peso a partir de 800 g,9.51,11.89,0,,€/Kg,,,https://driveimg1.intermarche.com/pt/Content/images/boitmal/produit/zoom/5626B1315F40E59D057B37FBCA18064B.jpg,,,,2025-07-02T23:59:59.999999999+01:00,PROSPECTUS,13,4,
37923,5604260300990,1000.0,Porsi Vivabem,Bebida De Amêndoa 1L,,1.09,1.09,1000,L,€/L,,,https://driveimg1.intermarche.com/pt/Content/images/boitmal/produit/zoom/74B05726BD16B03D5A528D4778757940.jpg,,,,2025-07-02T23:59:59.999999999+01:00,PROSPECTUS,13,4,
20918,5000116110964,840.0,Capitão Iglo,"30 douradinhos, embalagem de 840g",,8.99,10.7,0,kg,€/Kg,,Tipo de stockagem,https://driveimg1.intermarche.com/pt/Content/images/boitmal/produit/zoom/3C52B0905F2F1ACE3D67359B13FE0331.jpg,,,,2025-07-02T23:59:59.999999999+01:00,PROSPECTUS,13,4,
1010,5601038300091,240.0,Knorr,"Caldo de galinha 24 cubos, embalagem de 240g",,2.49,10.38,0,kg,€/Kg,,,https://driveimg1.intermarche.com/pt/Content/images/boitmal/produit/zoom/4E25834255892D5C9C1047A286FE9847.jpg,,,,2025-07-02T23:59:59.999999999+01:00,PROSPECTUS,13,4,
49882,5604260319336,200.0,PorSi,Paio Lombo Fatiado 200G,,2.79,13.95,0,kg,€/Kg,,,https://driveimg1.intermarche.com/pt/Content/images/boitmal/produit/zoom/D86DCD95306C4475736A71E01CBAE1B6.jpg,,,,2025-07-02T23:59:59.999999999+01:00,PROSPECTUS,13,4,
29612,5604260283545,1000.0,Porsi Vivabem,Bebida De Arroz 0% Açúcares Adicionados 1L,,1.19,1.19,1000,L,€/L,,,https://driveimg1.intermarche.com/pt/Content/images/boitmal/produit/zoom/1CC67FBC1159B7AB53C4B66B360A0BCF.jpg,,,,2025-07-02T23:59:59.999999999+01:00,PROSPECTUS,13,4,
8222,5411188553304,1000.0,Alpro,"Bebida de soja com cálcio, embalagem de 1 l",,1.49,1.49,1000,L,€/L,,,https://driveimg1.intermarche.com/pt/Content/images/boitmal/produit/zoom/E93FBC9C48DDB0A312E01AACFB10CDEE.jpg,,,,2025-07-02T23:59:59.999999999+01:00,PROSPECTUS,13,4,
13523,2893515000000,250.0,Peixaria,Lula Congelada,1 un= 250 gr (aprox.),1.25,4.99,0,,€/Kg,,Avantages !,https://driveimg1.intermarche.com/pt/Content/images/boitmal/produit/zoom/B2B7BBDC4CDC3C912C9CD2FEC6D3B682.jpg,,,,2025-07-02T23:59:59.999999999+01:00,PROSPECTUS,13,4,
12106,5604260266593,320.0,PorSi,Napolitanas Creme De Baunilha,,1.77,5.53,0,kg,€/Kg,,,https://driveimg1.intermarche.com/pt/Content/images/boitmal/produit/zoom/DD74E124716DAC476D4D2CC49FD2F04F.jpg,,,,2025-07-02T23:59:59.999999999+01:00,PROSPECTUS,13,4,
50033,5601050037593,300.0,Yopro,"Iogurte liquido pêssego maragujá, 300g",,1.99,6.63,0,kg,€/Kg,,,https://driveimg1.intermarche.com/pt/Content/images/boitmal/produit/zoom/FBD4E9C7CBF6F8731249673D25B3B2EC.jpg,,,,2025-07-02T23:59:59.999999999+01:00,PROSPECTUS,13,4,
5005,5601028000338,,Renova,"Guardanapos brancos, 33x33cm, 2 folhas, 90 unidades",Uma embalagem,1.24,1.24,0,,€/Unidade,,,https://driveimg1.intermarche.com/pt/Content/images/boitmal/produit/zoom/9F219BE4431DFB73ED0C83D11864E280.jpg,,,,2025-07-02T23:59:59.999999999+01:00,PROSPECTUS,13,4,
11501,5601049612084,125.0,Mimosa,"Manteiga com sal, embalagem de 130g",,1.39,11.12,0,kg,€/Kg,,,https://driveimg1.intermarche.com/pt/Content/images/boitmal/produit/zoom/C0A3DF0B7623AAEE8B7C1B9626AECDDA.jpg,https://driveimg1.intermarche.com/pt/Content/images/boitmal/produit/zoom/1207D37BB442FDD5C918BE023189F00C.jpg,,,2025-07-02T23:59:59.999999999+01:00,PROSPECTUS,13,4,
13094,2893070000000,150.0,Peixaria,Carapau Médio Fresco,1 un = 150 gr (aprox.),0.52,3.49,0,,€/Kg,,,https://driveimg1.intermarche.com/pt/Content/images/boitmal/produit/zoom/9E2B2401113767EAD496436587CA5A46.jpg,,,,2025-07-02T23:59:59.999999999+01:00,PROSPECTUS,13,4,
16003,5000116109630,300.0,Capitão Iglo,"12 douradinhos forníssimo, embalagem de 300g",,3.98,13.27,0,kg,€/Kg,,Tipo de stockagem,https://driveimg1.intermarche.com/pt/Content/images/boitmal/produit/zoom/544992A31EAE2C5ED6C344C7B21BC2DA.jpg,,,,2025-07-02T23:59:59.999999999+01:00,PROSPECTUS,13,4,
5439,5601314228248,750.0,Vitalis,"Água mineral sem gás sport, garrafa de 750 ml",,0.57,0.76,750,L,€/L,,,https://driveimg1.intermarche.com/pt/Content/images/boitmal/produit/zoom/010F08729D04976DF26AE7ABDA2D160B.jpg,,,,2025-07-02T23:59:59.999999999+01:00,PROSPECTUS,13,4,
17873,8718951037885,500.0,Ajax,"Limpa vidros recarga tripla ação, 500 ml",,1.79,3.58,500,L,€/L,,,https://driveimg1.intermarche.com/pt/Content/images/boitmal/produit/zoom/D0A7A0C399BF07DEEA9FD446034A3D4F.jpg,,,,2025-07-02T23:59:59.999999999+01:00,PROSPECTUS,13,4,
15921,2696132000000,650.0,Pastelaria,Tarte de Flan,embalagem com 650g,3.99,6.14,0,kg,€/Kg,,,https://driveimg1.intermarche.com/pt/Content/images/boitmal/produit/zoom/27A5BDE3187D3D3C51C647BB82D32136.jpg,,,,2025-07-02T23:59:59.999999999+01:00,PROSPECTUS,13,4,
43544,5604260309979,2000.0,PorSi,Amaciador Concentrado Petalas Rosa 2L,,1.85,0.93,2000,L,€/L,,,https://driveimg1.intermarche.com/pt/Content/images/boitmal/produit/zoom/5694AB32A5EFD974E4C8265F593E7D4C.jpg,,,,2025-07-02T23:59:59.999999999+01:00,PROSPECTUS,13,4,
8382,5601049131998,1000.0,Mimosa,"Leite uht gordo, embalagem de 1litro",,1.05,1.05,1000,L,€/L,,,https://driveimg1.intermarche.com/pt/Content/images/boitmal/produit/zoom/5D46937192D7E0425B02DA44F0AF6CA9.jpg,https://driveimg1.intermarche.com/pt/Content/images/boitmal/produit/zoom/85426DF0A207BC5690BA7486D86DBCDC.jpg,https://driveimg1.intermarche.com/pt/Content/images/boitmal/produit/zoom/85C3489AE589A6300942C731BCB55282.jpg,,2025-07-02T23:59:59.999999999+01:00,PROSPECTUS,13,4,
944,5601001339301,200.0,Nestlé,"Mistura solúvel mokambo, embalagem de 200g",,4.19,20.95,0,kg,€/Kg,,,https://driveimg1.intermarche.com/pt/Content/images/boitmal/produit/zoom/7654D4A8AEB526591EE0FD0D1A7BE478.jpg,,,,2025-07-02T23:59:59.999999999+01:00,PROSPECTUS,13,4,
15955,7613032408794,85.0,Purina Gourmet,"Comida húmida para gato peixe do oceano, embalagem de 90g",,0.87,10.24,0,kg,€/Kg,,,https://driveimg1.intermarche.com/pt/Content/images/boitmal/produit/zoom/FEEA8DEA9BB460BB34BF8E0ADF22D62F.jpg,,,,2025-07-02T23:59:59.999999999+01:00,PROSPECTUS,13,4,
14372,8712100599392,550.0,Calvé,"Ketchup top down, embalagem de 550g",,2.59,4.71,0,kg,€/Kg,,,https://driveimg1.intermarche.com/pt/Content/images/boitmal/produit/zoom/6D3218F33B22BC3205033BC41E176600.jpg,https://driveimg1.intermarche.com/pt/Content/images/boitmal/produit/zoom/FE7F103C359D2D1FD7BF3FDC8DD381BA.jpg,https://driveimg1.intermarche.com/pt/Content/images/boitmal/produit/zoom/FE7F103C359D2D1FD7BF3FDC8DD381BA.jpg,https://driveimg1.intermarche.com/pt/Content/images/boitmal/produit/zoom/FE7F103C359D2D1FD7BF3FDC8DD381BA.jpg,2025-07-02T23:59:59.999999999+01:00,PROSPECTUS,13,4,
17114,5000116110148,320.0,Capitão Iglo,"4 hamburguers vaca sem glúten, embalagem de 320g",,4.49,14.03,0,kg,€/Kg,,Tipo de stockagem,https://driveimg1.intermarche.com/pt/Content/images/boitmal/produit/zoom/F31F98EC751272F860D1F790EE53DF35.jpg,,,,2025-07-02T23:59:59.999999999+01:00,PROSPECTUS,13,4,
38417,5411188124689,1000.0,Alpro,"Bebida aveia sem açúcar, embalagem de 1l",,1.94,1.94,1000,L,€/L,,,https://driveimg1.intermarche.com/pt/Content/images/boitmal/produit/zoom/242D83F75D71A1E8390A9D4AC652F0B9.jpg,,,,2025-07-02T23:59:59.999999999+01:00,PROSPECTUS,13,4,
40788,5604260303700,,PorSi,"Amaciador roupa concentrado lírios e morango, 60 doses",,2.49,2.49,0,,€/Unidade,,,https://driveimg1.intermarche.com/pt/Content/images/boitmal/produit/zoom/97AA72DCD53F5A95787BC24AC7410764.jpg,,,,2025-07-02T23:59:59.999999999+01:00,PROSPECTUS,13,4,
50405,8445290489173,900.0,Cerelac,"Papa Infantil 12 meses, 900g",,6.29,6.99,0,kg,€/Kg,,,https://driveimg1.intermarche.com/pt/Content/images/boitmal/produit/zoom/79C2E535CBAB06EFF8E7EE2B8A2191BC.jpg,,,,2025-07-02T23:59:59.999999999+01:00,PROSPECTUS,13,4,
