identifier,produitEan13,capacite,marque,libelle,conditionnement,prix,unitPrice,volume,typeProduit_uniteByCode,unit_value,pictogrammes_0,pictogrammes_libelleCategorie,images_0,images_1,images_2,images_3,avantages_dateFin,avantages_categorie,nro_paginas,page,images_4,images_5
13914,2891225000000,350.0,Frango,Perna com Costa,1 un. = 300 g (aprox.),0.8,2.29,0,,€/Kg,,,https://driveimg1.intermarche.com/pt/Content/images/boitmal/produit/zoom/D1297D1CD095629263E582A65B4C3857.jpg,,,,2025-09-10T23:59:59+01:00,PROSPECTUS,12,1,,
44059,5601363012683,160.0,LayS,"Batata frita lisas originais, embalagem de 160g",,1.59,9.94,0,kg,€/Kg,,,https://driveimg1.intermarche.com/pt/Content/images/boitmal/produit/zoom/D6B617CBD0A985504B50100E928DB47C.jpg,,,,2025-09-10T23:59:59+01:00,PROSPECTUS,12,1,,
11656,5601195510128,1000.0,Pedras Salgadas,"Água com gás limão, pack 4 x 0.25 l",,2.19,2.19,1000,L,€/L,,,https://driveimg1.intermarche.com/pt/Content/images/boitmal/produit/zoom/B17C3B681260FB1EF3C3D602C2A48DB7.jpg,,,,2025-09-10T23:59:59+01:00,PROSPECTUS,12,1,,
8998,5601511000616,400.0,Limiano,"Queijo em fatias, 400g",,4.19,10.48,0,kg,€/Kg,,,https://driveimg1.intermarche.com/pt/Content/images/boitmal/produit/zoom/B876EB9E5C4AFD1BCE528AB6B8F31622.jpg,,,,2025-09-10T23:59:59+01:00,PROSPECTUS,12,1,,
13954,2891192000000,500.0,Porco,Tiras da Costela/Piano,1 un = 500 gr (aprox.),3.3,6.59,0,,€/Kg,,,https://driveimg1.intermarche.com/pt/Content/images/boitmal/produit/zoom/7D0B09E93398DFB0B31D06D5AFBD6B99.jpg,,,,2025-09-10T23:59:59+01:00,PROSPECTUS,12,1,,
44048,5054563101846,75.0,Sensodyne,Dentífrico branqueador,Embalagem de 75 ml,2.99,39.87,75,L,€/L,,,https://driveimg1.intermarche.com/pt/Content/images/boitmal/produit/zoom/3FCEF381523EF43D48FAABB009CAAFFA.jpg,,,,2025-09-10T23:59:59+01:00,PROSPECTUS,12,1,,
13048,2893561000000,250.0,Marisco,Ameijoa Branca Vietnamita Congelada,Vendido a partir de 250 gr  (aprox.),0.5,1.99,0,,€/Kg,,Avantages !,https://driveimg1.intermarche.com/pt/Content/images/boitmal/produit/zoom/EB1BC296FF41180E6F3E1626AD4F78AA.jpg,,,,2025-09-10T23:59:59+01:00,PROSPECTUS,12,1,,
41041,8001480703001,700.0,Neoblanc,Tira nódoas em spray cores,Embalagem de 700 ml,2.99,4.27,700,L,€/L,,,https://driveimg1.intermarche.com/pt/Content/images/boitmal/produit/zoom/1B7BCC034AAC45310DFFCE9E289F80C7.jpg,,,,2025-09-10T23:59:59+01:00,PROSPECTUS,12,1,,
13818,2892584000000,250.0,Legumes,Pimento Vermelho,1 un=250 gr (aprox.),0.57,2.29,0,,€/Kg,,,https://driveimg1.intermarche.com/pt/Content/images/boitmal/produit/zoom/F76C07448A59E6639379639A64EE2C63.jpg,,,,2025-09-10T23:59:59+01:00,PROSPECTUS,12,1,,
23762,5600202948305,750.0,Valleperro,Vinho doc douro reserva tinto,Garrafa de 0.75 l,4.49,5.99,750,L,€/L,,,https://driveimg1.intermarche.com/pt/Content/images/boitmal/produit/zoom/4FD1538B4F408ABED94BD4577064FA6C.jpg,,,,2025-09-10T23:59:59+01:00,PROSPECTUS,12,1,,
15489,7613031884247,4000.0,Friskies,"Ração para gato adulto com vaca, frango, embalagem de 4kg",,10.79,2.7,0,kg,€/Kg,,,https://driveimg1.intermarche.com/pt/Content/images/boitmal/produit/zoom/AA74DE430E0D577781082E763F8D5C13.jpg,,,,2025-09-10T23:59:59+01:00,PROSPECTUS,12,1,,
21745,7613035659728,250.0,Cerelac,Papa infantil não láctea multicereais +6 meses,Embalagem de 250g,2.39,9.56,0,kg,€/Kg,,,https://driveimg1.intermarche.com/pt/Content/images/boitmal/produit/zoom/90667A298E4003D9445C62EE2E028371.jpg,,,,2025-09-10T23:59:59+01:00,PROSPECTUS,12,1,,
52943,8720181392894,1332.0,Comfort,"Amaciador concentrado essência sunfresh, 74 doses",,3.49,2.62,1332,L,€/L,,,https://driveimg1.intermarche.com/pt/Content/images/boitmal/produit/zoom/7AD07681F095E84A54F9C4CC0D0F09CB.jpg,https://driveimg1.intermarche.com/pt/Content/images/boitmal/produit/zoom/4B45CB47C484E122AFEE45709A63BE0A.jpg,https://driveimg1.intermarche.com/pt/Content/images/boitmal/produit/zoom/4B45CB47C484E122AFEE45709A63BE0A.jpg,,2025-09-10T23:59:59+01:00,PROSPECTUS,12,1,,
1035,5601045105313,6000.0,Serra da estrela,"Água mineral sem gás, pack 4 x 1.5 l",,1.79,0.3,6000,L,€/L,,,https://driveimg1.intermarche.com/pt/Content/images/boitmal/produit/zoom/0358268AAE386D7F610EBE003FAAE9E0.jpg,,,,2025-09-10T23:59:59+01:00,PROSPECTUS,12,1,,
10509,8435250297955,256.0,Nestlé,"Iogurte mix in smarties baunilha, embalagem de 2 x 128 g",,2.19,8.55,0,kg,€/Kg,,,https://driveimg1.intermarche.com/pt/Content/images/boitmal/produit/zoom/5355941DC0922592DB9EDB46788FEE19.jpg,,,,2025-09-10T23:59:59+01:00,PROSPECTUS,12,1,,
30886,3574661319520,500.0,Listerine,Elixir Anti-Tartaro,500 ml,4.99,9.98,500,L,€/L,,,https://driveimg1.intermarche.com/pt/Content/images/boitmal/produit/zoom/0C82126F5C3C91B64081EB68009ED573.jpg,,,,2025-09-10T23:59:59+01:00,PROSPECTUS,12,1,,
2459,7613031497096,400.0,Nestlé,"Fruta para bebé maçã pera +4 meses, embalagem de 4 x 100g",,2.39,5.98,0,kg,€/Kg,,,https://driveimg1.intermarche.com/pt/Content/images/boitmal/produit/zoom/A3657AC5DA61941E17EE1AD603103EE0.jpg,,,,2025-09-10T23:59:59+01:00,PROSPECTUS,12,1,,
16567,5000116110070,750.0,Iglo,"Esparregado de espinafres, embalagem de 750g",,3.49,4.65,0,kg,€/Kg,,Tipo de stockagem,https://driveimg1.intermarche.com/pt/Content/images/boitmal/produit/zoom/F70E4F5A76F097E6E455FB2FF67D9B6F.jpg,,,,2025-09-10T23:59:59+01:00,PROSPECTUS,12,1,,
10512,8435250439577,232.0,Nestlé,"Iogurte mix in nesquik, embalagem de 2 x 115g",,2.19,9.44,0,kg,€/Kg,,,https://driveimg1.intermarche.com/pt/Content/images/boitmal/produit/zoom/6C2207480393D760FBF1824B2B4CD877.jpg,,,,2025-09-10T23:59:59+01:00,PROSPECTUS,12,1,,
15949,7613033191565,200.0,Friskies,"Snack para cão adulto com frango, embalagem de 200g",,2.24,11.2,0,kg,€/Kg,,,https://driveimg1.intermarche.com/pt/Content/images/boitmal/produit/zoom/95D652EE3131BA6B7F2253F8DF29DE4E.jpg,,,,2025-09-10T23:59:59+01:00,PROSPECTUS,12,1,,
44104,2696661000000,90.0,Padaria,Cacetinho de trigo integral,90 g,0.22,2.44,0,kg,€/Kg,,,https://driveimg1.intermarche.com/pt/Content/images/boitmal/produit/zoom/DC4B31D5116A1A43F4BD72090A42EAD2.jpg,,,,2025-09-10T23:59:59+01:00,PROSPECTUS,12,1,,
12889,2892175000000,150.0,Fruta,Kiwi categoria II,1 un = 150 gr (aprox.),0.52,3.49,0,,€/Kg,,,https://driveimg1.intermarche.com/pt/Content/images/boitmal/produit/zoom/39D74C337E358C98856B0EB2FC79D7A8.jpg,,,,2025-09-10T23:59:59+01:00,PROSPECTUS,12,1,,
11982,5603802400020,750.0,Fiuza,"Vinho branco tejo sauvignon, garrafa de 750 ml",,4.99,6.65,750,L,€/L,,,https://driveimg1.intermarche.com/pt/Content/images/boitmal/produit/zoom/996291488226B375A67E39537E454FD9.jpg,,,,2025-09-10T23:59:59+01:00,PROSPECTUS,12,1,,
405,8712566410910,275.0,Calvé,"Ketchup, embalagem de 275g",,1.48,5.38,0,kg,€/Kg,,,https://driveimg1.intermarche.com/pt/Content/images/boitmal/produit/zoom/9E63EED4B27A252289B8979C188F5B40.jpg,https://driveimg1.intermarche.com/pt/Content/images/boitmal/produit/zoom/0D7B165FF00CA45BD8F6AC077E3CA1EC.jpg,https://driveimg1.intermarche.com/pt/Content/images/boitmal/produit/zoom/0D7B165FF00CA45BD8F6AC077E3CA1EC.jpg,https://driveimg1.intermarche.com/pt/Content/images/boitmal/produit/zoom/0D7B165FF00CA45BD8F6AC077E3CA1EC.jpg,2025-09-10T23:59:59+01:00,PROSPECTUS,12,1,,
978,5601024134136,750.0,Oliveira da Serra,Azeite,Embalagem de 750 ml,3.99,5.32,750,L,€/L,,,https://driveimg1.intermarche.com/pt/Content/images/boitmal/produit/zoom/9CC9A85673AA0BF0B09481F106398AA6.jpg,,,,2025-09-10T23:59:59+01:00,PROSPECTUS,12,1,,
14950,2891247000000,100.0,Peru,Peru Costeletas,1 un = 100 gr (aprox.),0.38,3.79,0,,€/Kg,,,https://driveimg1.intermarche.com/pt/Content/images/boitmal/produit/zoom/5B1BD8BC73E46B1A5046441E54C2F5BD.jpg,,,,2025-09-10T23:59:59+01:00,PROSPECTUS,12,1,,
18864,5604260280506,500.0,PorSi,Iogurte Tipo Grego Stracciatella 4X125G,,1.79,3.58,0,kg,€/Kg,,,https://driveimg1.intermarche.com/pt/Content/images/boitmal/produit/zoom/334F1D6FB360E4136373288319BA5409.jpg,,,,2025-09-10T23:59:59+01:00,PROSPECTUS,12,1,,
19163,5604260278121,500.0,PorSi,Iogurte Tipo Grego Morango 4X125G,,1.65,3.3,0,kg,€/Kg,,,https://driveimg1.intermarche.com/pt/Content/images/boitmal/produit/zoom/C740D54E6D0772F5BD1CC74142029BCA.jpg,,,,2025-09-10T23:59:59+01:00,PROSPECTUS,12,1,,
23605,5601024335182,1000.0,Fula,Óleo especial fritura,Garrafa de 1 l,1.89,1.89,1000,L,€/L,,,https://driveimg1.intermarche.com/pt/Content/images/boitmal/produit/zoom/69E445CB49A81927EAD36F899A4FF4A1.jpg,,,,2025-09-10T23:59:59+01:00,PROSPECTUS,12,1,,
8383,5601049132995,1000.0,Mimosa,"Leite uht meio gordo, embalagem de 1litro",,0.9,0.9,1000,L,€/L,,,https://driveimg1.intermarche.com/pt/Content/images/boitmal/produit/zoom/6FB52C843F677BD37D399D45BB10B38B.jpg,https://driveimg1.intermarche.com/pt/Content/images/boitmal/produit/zoom/AE810093A08CEBD60415DCC626CF5804.jpg,https://driveimg1.intermarche.com/pt/Content/images/boitmal/produit/zoom/A0562293538F541B1B99592AA046327B.jpg,,2025-09-10T23:59:59+01:00,PROSPECTUS,12,1,,
9293,5603722493942,250.0,Primor,Manteiga pasteurizada com sal cuvet,Embalagem de 250g,2.19,8.76,0,kg,€/Kg,,,https://driveimg1.intermarche.com/pt/Content/images/boitmal/produit/zoom/F3F4D9FDF2A69DC31DE35D801759C2EE.jpg,,,,2025-09-10T23:59:59+01:00,PROSPECTUS,12,1,,
13865,2891042000000,1000.0,Porco,Costeletas do Cachaço,Vendido ao peso a partir de 1 kg,4.99,4.99,0,,€/Kg,,,https://driveimg1.intermarche.com/pt/Content/images/boitmal/produit/zoom/D0D96FA697CD7DF7D0B353E0ED0B1193.jpg,,,,2025-09-10T23:59:59+01:00,PROSPECTUS,12,1,,
14372,8712100599392,550.0,Calvé,"Ketchup top down, embalagem de 550g",,2.59,4.71,0,kg,€/Kg,,,https://driveimg1.intermarche.com/pt/Content/images/boitmal/produit/zoom/6D3218F33B22BC3205033BC41E176600.jpg,https://driveimg1.intermarche.com/pt/Content/images/boitmal/produit/zoom/FE7F103C359D2D1FD7BF3FDC8DD381BA.jpg,https://driveimg1.intermarche.com/pt/Content/images/boitmal/produit/zoom/FE7F103C359D2D1FD7BF3FDC8DD381BA.jpg,https://driveimg1.intermarche.com/pt/Content/images/boitmal/produit/zoom/FE7F103C359D2D1FD7BF3FDC8DD381BA.jpg,2025-09-10T23:59:59+01:00,PROSPECTUS,12,1,,
29613,5604260283538,1000.0,Porsi Vivabem,Bebida De Aveia 0% Açúcares Adicionados 1L,,0.99,0.99,1000,L,€/L,,,https://driveimg1.intermarche.com/pt/Content/images/boitmal/produit/zoom/1EE40BC1DA49C5CE3D084214B1D3D3B9.jpg,,,,2025-09-10T23:59:59+01:00,PROSPECTUS,12,1,,
44351,5604260315697,400.0,PorSi,Hambúrgueres De Novilho 400 G,,4.79,11.98,0,kg,€/Kg,,,https://driveimg1.intermarche.com/pt/Content/images/boitmal/produit/zoom/8F8D6EC2F9C78B8CD72BB55071398E28.jpg,,,,2025-09-10T23:59:59+01:00,PROSPECTUS,12,1,,
929,5601001187803,625.0,Nestlé,"Cereais chocapic, 625 g",,3.74,5.98,0,kg,€/Kg,,,https://driveimg1.intermarche.com/pt/Content/images/boitmal/produit/zoom/8DB31C1F3066D48D593AE11B75516670.jpg,,,,2025-09-10T23:59:59+01:00,PROSPECTUS,12,1,,
11464,5601018003400,1000.0,Matinal,"Leite seleccionado meio gordo, de 1l",,1.0,1.0,1000,L,€/L,,,https://driveimg1.intermarche.com/pt/Content/images/boitmal/produit/zoom/5F34056BF2D07C9D39E218B31081D1FC.jpg,,,,2025-09-10T23:59:59+01:00,PROSPECTUS,12,1,,
11961,5603722505607,1000.0,Mimosa,"Leite sem lactose meio gordo, de 1l",,1.15,1.15,1000,L,€/L,,,https://driveimg1.intermarche.com/pt/Content/images/boitmal/produit/zoom/A98ED8A0E5E675A3AC1A551BCE75B0AB.jpg,https://driveimg1.intermarche.com/pt/Content/images/boitmal/produit/zoom/4E57BFE09E8D859BDBE1705476BB9F1B.jpg,https://driveimg1.intermarche.com/pt/Content/images/boitmal/produit/zoom/E1F70144AAFCC0EAEBFF05614177D009.jpg,,2025-09-10T23:59:59+01:00,PROSPECTUS,12,1,,
12106,5604260266593,320.0,PorSi,Napolitanas Creme De Baunilha,,1.77,5.53,0,kg,€/Kg,,,https://driveimg1.intermarche.com/pt/Content/images/boitmal/produit/zoom/DD74E124716DAC476D4D2CC49FD2F04F.jpg,,,,2025-09-10T23:59:59+01:00,PROSPECTUS,12,1,,
12107,5604260266609,320.0,PorSi,Napolitanas Creme De Cacau,,1.77,5.53,0,kg,€/Kg,,,https://driveimg1.intermarche.com/pt/Content/images/boitmal/produit/zoom/7E715318E7923DFB0EA8242531AE3823.jpg,,,,2025-09-10T23:59:59+01:00,PROSPECTUS,12,1,,
13950,2891145000000,100.0,Porco,Salsicha Fresca,1 un = 100 gr (aprox.),0.54,5.39,0,,€/Kg,,,https://driveimg1.intermarche.com/pt/Content/images/boitmal/produit/zoom/2E1CED7EDF010F56C2BF0E6CDF74D52B.jpg,,,,2025-09-10T23:59:59+01:00,PROSPECTUS,12,1,,
14198,5604260273683,800.0,PorSi,Bolacha Tostada 800 G,,1.69,2.11,0,kg,€/Kg,,,https://driveimg1.intermarche.com/pt/Content/images/boitmal/produit/zoom/B2D5FAAB4BD35CE24623ED7F165261C0.jpg,,,,2025-09-10T23:59:59+01:00,PROSPECTUS,12,1,,
15156,2892099000000,500.0,Fruta,Papaia Avião,1 un = 500 g (aprox.),2.0,3.99,0,,€/Kg,,,https://driveimg1.intermarche.com/pt/Content/images/boitmal/produit/zoom/103067E524772C956478A94460D63E34.jpg,,,,2025-09-10T23:59:59+01:00,PROSPECTUS,12,1,,
16677,5604260276813,500.0,PorSi,Iogurte Tipo Grego Framboesa/ Amora 4X125G,,1.65,3.3,0,kg,€/Kg,,,https://driveimg1.intermarche.com/pt/Content/images/boitmal/produit/zoom/FA3982F1A80508AC104E539932C54F48.jpg,,,,2025-09-10T23:59:59+01:00,PROSPECTUS,12,1,,
26091,7613036115575,550.0,Nestlé,Cereais estrelitas,Embalagem de 550g,2.49,4.53,0,kg,€/Kg,,,https://driveimg1.intermarche.com/pt/Content/images/boitmal/produit/zoom/90505B63FB20AF187537F3B46DDB9B86.jpg,,,,2025-09-10T23:59:59+01:00,PROSPECTUS,12,1,,
41651,5604260303229,1000.0,PorSi,Batata pré-frita palitos finos,Embalagem de 1 kg,1.55,1.55,0,kg,€/Kg,,Tipo de stockagem,https://driveimg1.intermarche.com/pt/Content/images/boitmal/produit/zoom/F51FA693BED4E1C77A9C13BCD5F78809.jpg,,,,2025-09-10T23:59:59+01:00,PROSPECTUS,12,1,,
43620,2696665000000,350.0,Padaria,Pão Escuro de Rio Maior,1 unidade= 350 g,1.09,3.11,0,kg,€/Kg,,,https://driveimg1.intermarche.com/pt/Content/images/boitmal/produit/zoom/1DEE250EF533441ED634EA027418C71A.jpg,,,,2025-09-10T23:59:59+01:00,PROSPECTUS,12,1,,
46310,2696876000000,20.0,Padaria,Pão de queijo,1 un. = 20 g,0.19,9.5,0,kg,€/Kg,,,https://driveimg1.intermarche.com/pt/Content/images/boitmal/produit/zoom/A67910D9562F896034448149C3EA4AF4.jpg,,,,2025-09-10T23:59:59+01:00,PROSPECTUS,12,1,,
1228,5601146230518,1500.0,Joi,"Refrigerante sem gás, laranja, garrafa de 1,5 l",,1.29,0.86,1500,L,€/L,,,https://driveimg1.intermarche.com/pt/Content/images/boitmal/produit/zoom/9CFD5D319CF23E8EEE61B6DFE693387D.jpg,,,,2025-09-10T23:59:59+01:00,PROSPECTUS,12,1,,
1274,5601151070758,410.0,Compal,"Feijão manteiga, lata de 410 ml",,1.09,2.66,410,L,€/L,,,https://driveimg1.intermarche.com/pt/Content/images/boitmal/produit/zoom/F168BC675838A1B24B473123F714EAB2.jpg,,,,2025-09-10T23:59:59+01:00,PROSPECTUS,12,1,,
13892,2891041000000,1000.0,Porco,Costeletas do Lombo,Vendido ao peso a partir de 1 kg,4.89,4.89,0,,€/Kg,,,https://driveimg1.intermarche.com/pt/Content/images/boitmal/produit/zoom/589E4AFE71E19AF7FEB32FB0C0E176FF.jpg,,,,2025-09-10T23:59:59+01:00,PROSPECTUS,12,1,,
13956,2891205000000,50.0,Porco,Salsicha Brasileira,1 un = 50 gr (aprox.),0.27,5.39,0,,€/Kg,,,https://driveimg1.intermarche.com/pt/Content/images/boitmal/produit/zoom/F6298C19D94A9653E5F3E3E4F0DEBFCF.jpg,,,,2025-09-10T23:59:59+01:00,PROSPECTUS,12,1,,
1439,5601260127107,1000.0,Cigala,"Arroz vaporizado, embalagem de 1 kg",,1.38,1.38,0,kg,€/Kg,,,https://driveimg1.intermarche.com/pt/Content/images/boitmal/produit/zoom/4B2862217CBB7515902C0E411B46053F.jpg,,,,2025-09-10T23:59:59+01:00,PROSPECTUS,12,1,,
15507,5601050031621,480.0,Danone,"Iogurte activia cremoso coco,  4 x 120 g",,1.99,4.15,0,kg,€/Kg,,,https://driveimg1.intermarche.com/pt/Content/images/boitmal/produit/zoom/C7C13400244FC9F141DCEBAD00E0F9D5.jpg,,,,2025-09-10T23:59:59+01:00,PROSPECTUS,12,1,,
17129,2892093000000,250.0,Fruta,Maracujá Roxo,1 un = 250 gr  (aprox.),2.25,8.99,0,,€/Kg,,,https://driveimg1.intermarche.com/pt/Content/images/boitmal/produit/zoom/F8928754EE501FCBE5037057AF6EF4AD.jpg,,,,2025-09-10T23:59:59+01:00,PROSPECTUS,12,1,,
19162,5604260276806,500.0,PorSi,Iogurte Tipo Grego Natural Açucarado 4X125G,,1.65,3.3,0,kg,€/Kg,,,https://driveimg1.intermarche.com/pt/Content/images/boitmal/produit/zoom/49BC1F6A4C2D86DE972031A4D090566C.jpg,,,,2025-09-10T23:59:59+01:00,PROSPECTUS,12,1,,
2069,5604260193318,397.0,PorSi,Leite Condensado 397G,,1.45,3.65,0,kg,€/Kg,,,https://driveimg1.intermarche.com/pt/Content/images/boitmal/produit/zoom/41C6FC1DD28B44868F44E62073C3DA31.jpg,,,,2025-09-10T23:59:59+01:00,PROSPECTUS,12,1,,
2272,5604260269990,397.0,PorSi,Leite Condensado Cozido 397G,,1.79,4.51,0,kg,€/Kg,,,https://driveimg1.intermarche.com/pt/Content/images/boitmal/produit/zoom/2D223FADDBD1ACBBF62ED2AF94FA335F.jpg,,,,2025-09-10T23:59:59+01:00,PROSPECTUS,12,1,,
23275,5604260281206,170.0,PorSi,Agrião Programa Origens,embalagem de 170 g,1.55,9.12,0,kg,€/Kg,,,https://driveimg1.intermarche.com/pt/Content/images/boitmal/produit/zoom/9E9A66116CC129F3E0687F1B725E9B99.jpg,,,,2025-09-10T23:59:59+01:00,PROSPECTUS,12,1,,
23353,5000116112197,375.0,Capitão Iglo,"18 nuggets de frango, embalagem de 380g",,4.99,13.31,0,kg,€/Kg,,Tipo de stockagem,https://driveimg1.intermarche.com/pt/Content/images/boitmal/produit/zoom/F26C89B365D9DC17E138C74AB049DE6B.jpg,,,,2025-09-10T23:59:59+01:00,PROSPECTUS,12,1,,
25534,5604260282661,1000.0,PorSi,Açúcar Areado Amarelo 1Kg,,1.58,1.58,0,kg,€/Kg,,,https://driveimg1.intermarche.com/pt/Content/images/boitmal/produit/zoom/D769300FAFF3F36891E4F818D337CDF7.jpg,,,,2025-09-10T23:59:59+01:00,PROSPECTUS,12,1,,
31551,8414100333241,250.0,Schweppes,"Schweppes tónica zero, garrafa de 250 ml",,0.72,2.88,250,L,€/L,,,https://driveimg1.intermarche.com/pt/Content/images/boitmal/produit/zoom/4DBFD7A80C20CF9D74FFDE40B52421E2.jpg,,,,2025-09-10T23:59:59+01:00,PROSPECTUS,12,1,,
48782,8410199023070,150.0,LayS,"Batatas camponesas, embalagem de 150g",,1.59,10.6,0,kg,€/Kg,,,https://driveimg1.intermarche.com/pt/Content/images/boitmal/produit/zoom/D570E7E39595628616CA3F3914A72126.jpg,,,,2025-09-10T23:59:59+01:00,PROSPECTUS,12,1,,
11523,5601051410029,250.0,Primor,"Manteiga com sal, 250g",,2.14,8.56,0,kg,€/Kg,,,https://driveimg1.intermarche.com/pt/Content/images/boitmal/produit/zoom/6515E45A6FB2F6024F4DECB68FB265B3.jpg,,,,2025-09-10T23:59:59+01:00,PROSPECTUS,12,1,,
11524,5601051420028,250.0,Primor,Manteiga sem sal,Embalagem de 250g,2.14,8.56,0,kg,€/Kg,,,https://driveimg1.intermarche.com/pt/Content/images/boitmal/produit/zoom/0C41B270FBA7B622E759FBA7E3B6B1CD.jpg,,,,2025-09-10T23:59:59+01:00,PROSPECTUS,12,1,,
11923,5603089001354,200.0,Parmalat,"Natas uht com cogumelos, embalagem de 200 ml",,1.12,5.6,200,L,€/L,,,https://driveimg1.intermarche.com/pt/Content/images/boitmal/produit/zoom/7656C24D7DAFA0C6E3337C6F803E6E46.jpg,,,,2025-09-10T23:59:59+01:00,PROSPECTUS,12,1,,
11930,5603089003679,200.0,Parmalat,"Nata uht carbonara, embalagem de 200 ml",,1.12,5.6,200,L,€/L,,,https://driveimg1.intermarche.com/pt/Content/images/boitmal/produit/zoom/1933ECF81D43BC98B904C36872874CA5.jpg,,,,2025-09-10T23:59:59+01:00,PROSPECTUS,12,1,,
1212,5601119950481,420.0,Nobre,"Refeição caseira almôndegas, embalagem de 420g",,3.19,7.6,0,kg,€/Kg,,,https://driveimg1.intermarche.com/pt/Content/images/boitmal/produit/zoom/337528A4932DEE68006A1ECADBCE182B.jpg,,,,2025-09-10T23:59:59+01:00,PROSPECTUS,12,1,,
1226,5601146001507,1500.0,Joi,"Refrigerante sem gás de manga/laranja, garrafa de 1,5 l",,1.29,0.86,1500,L,€/L,,,https://driveimg1.intermarche.com/pt/Content/images/boitmal/produit/zoom/DB9CD865FA14B43795929B354A61BA32.jpg,,,,2025-09-10T23:59:59+01:00,PROSPECTUS,12,1,,
1287,5601151260753,410.0,Compal,"Grão de bico, lata de 410 ml",,1.09,2.66,410,L,€/L,,,https://driveimg1.intermarche.com/pt/Content/images/boitmal/produit/zoom/731C3C517063722402F07A7D8ECB2B92.jpg,,,,2025-09-10T23:59:59+01:00,PROSPECTUS,12,1,,
12892,2892508000000,400.0,Legumes,Beringela,1 un=400 gr (aprox.),0.72,1.79,0,,€/Kg,,,https://driveimg1.intermarche.com/pt/Content/images/boitmal/produit/zoom/5B7B3A896213DE67893050A67A6D9D9B.jpg,,,,2025-09-10T23:59:59+01:00,PROSPECTUS,12,1,,
1301,5601151660751,410.0,Compal,"Feijão encarnado, lata de 410ml",,1.09,2.66,410,L,€/L,,,https://driveimg1.intermarche.com/pt/Content/images/boitmal/produit/zoom/8777874F846E4C62B1CDEE04A734A2E1.jpg,,,,2025-09-10T23:59:59+01:00,PROSPECTUS,12,1,,
13839,2891006000000,800.0,Novilho,Bife da Pá,Vendido ao peso a partir de 800 g,9.51,11.89,0,,€/Kg,,,https://driveimg1.intermarche.com/pt/Content/images/boitmal/produit/zoom/5626B1315F40E59D057B37FBCA18064B.jpg,,,,2025-09-10T23:59:59+01:00,PROSPECTUS,12,1,,
14000,2696303000000,,Pastelaria,Bolo de Arroz 70 g,,0.69,0.69,0,,€/Unidade,,,https://driveimg1.intermarche.com/pt/Content/images/boitmal/produit/zoom/8647E32FCF2B73C4189CE119D3AB30F8.jpg,,,,2025-09-10T23:59:59+01:00,PROSPECTUS,12,1,,
14001,2696304000000,,PorSi,Queque,1 unidade = 55 g,0.69,0.69,0,,€/Unidade,,,https://driveimg1.intermarche.com/pt/Content/images/boitmal/produit/zoom/30EA5E0E7AB7E4EEDF057690C9EE9CF8.jpg,,,,2025-09-10T23:59:59+01:00,PROSPECTUS,12,1,,
14854,2891117000000,2350.0,PorSi,Pato inteiro com miúdos,1 un = 2.250 kg (aprox.),10.53,4.48,0,,€/Kg,,,https://driveimg1.intermarche.com/pt/Content/images/boitmal/produit/zoom/E5F2031D60089F4C13D404725928D593.jpg,,,,2025-09-10T23:59:59+01:00,PROSPECTUS,12,1,,
17174,2891285000000,1000.0,Novilho,Costeletão,Vendido ao peso a partir de 1 kg,10.49,10.49,0,,€/Kg,,,https://driveimg1.intermarche.com/pt/Content/images/boitmal/produit/zoom/3119B572BBCB66D5B0D8D4234718B722.jpg,,,,2025-09-10T23:59:59+01:00,PROSPECTUS,12,1,,
17229,5602125000160,300.0,Legumes,"Cogumelo branco, embalagem de 300g",,1.39,4.63,0,kg,€/Kg,,,https://driveimg1.intermarche.com/pt/Content/images/boitmal/produit/zoom/66BAD1DC458E812967002A5594A14E2C.jpg,,,,2025-09-10T23:59:59+01:00,PROSPECTUS,12,1,,
19170,5604260193301,390.0,PorSi,Leite Condensado Magro 390G,,1.42,3.64,0,kg,€/Kg,,,https://driveimg1.intermarche.com/pt/Content/images/boitmal/produit/zoom/5402E6160092AE04E469A7AB544D6F93.jpg,,,,2025-09-10T23:59:59+01:00,PROSPECTUS,12,1,,
23744,5606586004682,250.0,Legumes,Pimento padrão,embalagem de 250 g,1.49,5.96,0,kg,€/Kg,,,https://driveimg1.intermarche.com/pt/Content/images/boitmal/produit/zoom/1899C364433F6DC55D45BC15027909BF.jpg,,,,2025-09-10T23:59:59+01:00,PROSPECTUS,12,1,,
24838,5601164903722,7500.0,Super Bock,"Cerveja com álcool, pack 30 x 0.25 l",,13.85,1.85,7500,L,€/L,,,https://driveimg1.intermarche.com/pt/Content/images/boitmal/produit/zoom/F70F225DD8BCAD2EFB4E63DAAFD05BBF.jpg,,,,2025-09-10T23:59:59+01:00,PROSPECTUS,12,1,,
25881,5601151155257,3000.0,Serra da estrela,"Água sem gás, pack 6 x 0,50 l",,1.99,0.66,3000,L,€/L,,,https://driveimg1.intermarche.com/pt/Content/images/boitmal/produit/zoom/984AE28FD91E1C697070D2BD18A4765A.jpg,,,,2025-09-10T23:59:59+01:00,PROSPECTUS,12,1,,
28063,5603722516726,130.0,Primor,Manteiga s/ lactose,Embalagem de 130g,1.88,14.46,0,kg,€/Kg,,Produtos Bio,https://driveimg1.intermarche.com/pt/Content/images/boitmal/produit/zoom/34F1B20CE191519273B27FBF452F5B33.jpg,,,,2025-09-10T23:59:59+01:00,PROSPECTUS,12,1,,
28856,5604260281312,150.0,PorSi,Salada Lusitana Programa Origens,embalagem de 150 g,1.55,10.33,0,kg,€/Kg,,,https://driveimg1.intermarche.com/pt/Content/images/boitmal/produit/zoom/2A9EEAEFCF468810BC9FC976E2BE5E31.jpg,,,,2025-09-10T23:59:59+01:00,PROSPECTUS,12,1,,
29612,5604260283545,1000.0,Porsi Vivabem,Bebida De Arroz 0% Açúcares Adicionados 1L,,1.19,1.19,1000,L,€/L,,,https://driveimg1.intermarche.com/pt/Content/images/boitmal/produit/zoom/1CC67FBC1159B7AB53C4B66B360A0BCF.jpg,,,,2025-09-10T23:59:59+01:00,PROSPECTUS,12,1,,
30879,5601195620124,1000.0,Pedras Salgadas,"Pedras salgadas frutos vermelhos, pack 4 x 0.25 l",,2.19,2.19,1000,L,€/L,,,https://driveimg1.intermarche.com/pt/Content/images/boitmal/produit/zoom/DACC98E3A99D2D4256E058D5E52543E9.jpg,,,,2025-09-10T23:59:59+01:00,PROSPECTUS,12,1,,
33884,2893837000000,1500.0,Peixaria,Peixe espada preto inteiro,Vendido ao peso,11.99,7.99,0,,€/Kg,,,https://driveimg1.intermarche.com/pt/Content/images/boitmal/produit/zoom/0C1CA3DE6B16A13335042AAFE1F612D6.jpg,,,,2025-09-10T23:59:59+01:00,PROSPECTUS,12,1,,
36711,5604260294862,200.0,PorSi,Queijo Edam Fatiado 200G,,1.68,8.4,0,kg,€/Kg,,,https://driveimg1.intermarche.com/pt/Content/images/boitmal/produit/zoom/46DECF3B546FE1C267F5C56013613756.jpg,,,,2025-09-10T23:59:59+01:00,PROSPECTUS,12,1,,
36768,5604260298198,800.0,PorSi,Creme Coentros S/Batata 400G,,1.29,1.61,0,kg,€/Kg,,,https://driveimg1.intermarche.com/pt/Content/images/boitmal/produit/zoom/2A5DB160F33B5B4DD2902445779D3ABB.jpg,,,,2025-09-10T23:59:59+01:00,PROSPECTUS,12,1,,
36919,5604260288878,240.0,PorSi,Merendinhas Com Pepitas De Chocolate,,1.64,6.83,0,kg,€/Kg,,,https://driveimg1.intermarche.com/pt/Content/images/boitmal/produit/zoom/8CAE3B596B4B404DAEB7A604EB61BC36.jpg,,,,2025-09-10T23:59:59+01:00,PROSPECTUS,12,1,,
37574,8717163836835,2000.0,Lipton,"Ice tea de pêssego sem açúcar, garrafa de 2l",,2.39,1.2,2000,L,€/L,,,https://driveimg1.intermarche.com/pt/Content/images/boitmal/produit/zoom/B0D164F35BECC5A6CA9E515D71ED323C.jpg,,,,2025-09-10T23:59:59+01:00,PROSPECTUS,12,1,,
37807,5604260301096,,PorSi,Fraldas Cueca T4 8-14 Kg - 22 Unidades,,4.39,4.39,0,,€/Unidade,,,https://driveimg1.intermarche.com/pt/Content/images/boitmal/produit/zoom/E914FC52E4DF648503AF722AFBA5C14E.jpg,,,,2025-09-10T23:59:59+01:00,PROSPECTUS,12,1,,
386,8712100479298,260.0,Calvé,"Molho mad chips top down, embalagem de 260g",,1.94,7.46,0,kg,€/Kg,,,https://driveimg1.intermarche.com/pt/Content/images/boitmal/produit/zoom/21B88C464F7BBC164FDD806BA18E0B84.jpg,https://driveimg1.intermarche.com/pt/Content/images/boitmal/produit/zoom/5EE595CA865FFD7654A8E18623535097.jpg,https://driveimg1.intermarche.com/pt/Content/images/boitmal/produit/zoom/5EE595CA865FFD7654A8E18623535097.jpg,,2025-09-10T23:59:59+01:00,PROSPECTUS,12,1,,
39305,5601195640122,1000.0,Pedras Salgadas,"Pedras maracujá, pack 4 x 25 cl",,2.19,2.19,1000,L,€/L,,,https://driveimg1.intermarche.com/pt/Content/images/boitmal/produit/zoom/4530A5F4C57E573DC822AE65FB3AE7F0.jpg,,,,2025-09-10T23:59:59+01:00,PROSPECTUS,12,1,,
40741,5604260302918,3000.0,PorSi,Óleo Girassol 3L,,4.99,1.66,3000,L,€/L,,,https://driveimg1.intermarche.com/pt/Content/images/boitmal/produit/zoom/F8BB67375CA1509EF026CE7D5296E9E5.jpg,,,,2025-09-10T23:59:59+01:00,PROSPECTUS,12,1,,
44234,8710522854815,257.0,Calvé,"Mostarda top down, embalagem de 257g",,1.68,6.54,0,kg,€/Kg,,,https://driveimg1.intermarche.com/pt/Content/images/boitmal/produit/zoom/63AC7BC5BB2C7D5CE58B458BE855CC4A.jpg,,,,2025-09-10T23:59:59+01:00,PROSPECTUS,12,1,,
45697,5604260313426,,PorSi,Toalhitas Anti-Transferência De Cores X20,,1.39,1.39,0,,€/Unidade,,,https://driveimg1.intermarche.com/pt/Content/images/boitmal/produit/zoom/7C3CC46A810762A8607DC19A2E089978.jpg,,,,2025-09-10T23:59:59+01:00,PROSPECTUS,12,1,,
48684,7622201823566,126.0,Milka,"Bolachas choco finas, embalagem de 126g",,1.84,14.6,0,kg,€/Kg,,,https://driveimg1.intermarche.com/pt/Content/images/boitmal/produit/zoom/801585AA5153672046ECF3A217A814E9.jpg,,,,2025-09-10T23:59:59+01:00,PROSPECTUS,12,1,,
49401,5411188133759,400.0,Alpro,"Soja ananás maracujá sem açúcar, de 400g",,2.69,6.73,0,kg,€/Kg,,,https://driveimg1.intermarche.com/pt/Content/images/boitmal/produit/zoom/6CB78C52A4573023DA315831A2A03ACB.jpg,,,,2025-09-10T23:59:59+01:00,PROSPECTUS,12,1,,
5093,5601050033755,620.0,Danone,"Iogurte activia líquido 0% morango/kiwi, embalagem de 4 x 155 g",,1.99,3.21,0,kg,€/Kg,,,https://driveimg1.intermarche.com/pt/Content/images/boitmal/produit/zoom/29B41AE598716D0550D815AA0FE86025.jpg,,,,2025-09-10T23:59:59+01:00,PROSPECTUS,12,1,,
51853,8720182470133,447.0,Calvé,"Maionese magra, embalagem de 447g",,2.19,4.9,0,kg,€/Kg,,,https://driveimg1.intermarche.com/pt/Content/images/boitmal/produit/zoom/669DCF67630FE8FCA748AC7DC2CB15C7.jpg,,,,2025-09-10T23:59:59+01:00,PROSPECTUS,12,2,,
5243,5601151170755,410.0,Compal,"Feijão preto, lata de 410 ml",,1.09,2.66,410,L,€/L,,,https://driveimg1.intermarche.com/pt/Content/images/boitmal/produit/zoom/DF73EAA1B2C44B1F4CECF535DE17EB7C.jpg,,,,2025-09-10T23:59:59+01:00,PROSPECTUS,12,2,,
52577,8445290830609,,Nescafé,"Café descafeinado sical intensidade 5, 16 cápsulas",,5.99,5.99,16,,€/Unidade,,,https://driveimg1.intermarche.com/pt/Content/images/boitmal/produit/zoom/9751EE6592A3E7106D0A646390D853FA.jpg,,,,2025-09-10T23:59:59+01:00,PROSPECTUS,12,2,,
52883,8719200267824,1000.0,Planta,"Creme vegetal para barrar original, 1 kg",,4.99,4.99,0,kg,€/Kg,,,https://driveimg1.intermarche.com/pt/Content/images/boitmal/produit/zoom/936FEB2670E44E85562B9564D40B3E6A.jpg,https://driveimg1.intermarche.com/pt/Content/images/boitmal/produit/zoom/CBB4812E883E0A943660F7C5BD667E18.jpg,https://driveimg1.intermarche.com/pt/Content/images/boitmal/produit/zoom/CBB4812E883E0A943660F7C5BD667E18.jpg,,2025-09-10T23:59:59+01:00,PROSPECTUS,12,2,,
53066,5601050037845,620.0,Danone,"Bifidus líquido activia aveia e noz 000%, 4 x 155g",,1.99,3.21,0,kg,€/Kg,,,https://driveimg1.intermarche.com/pt/Content/images/boitmal/produit/zoom/CA31731A632F34AB50927A2984D0BF84.jpg,https://driveimg1.intermarche.com/pt/Content/images/boitmal/produit/zoom/C3E5261F5C2ADA6A9243957038878389.jpg,https://driveimg1.intermarche.com/pt/Content/images/boitmal/produit/zoom/C3E5261F5C2ADA6A9243957038878389.jpg,https://driveimg1.intermarche.com/pt/Content/images/boitmal/produit/zoom/C3E5261F5C2ADA6A9243957038878389.jpg,2025-09-10T23:59:59+01:00,PROSPECTUS,12,2,,
53067,5601050037821,620.0,Danone,"Bifidus líquido activia ananás 000%, 4 x 155g",,1.99,3.21,0,kg,€/Kg,,,https://driveimg1.intermarche.com/pt/Content/images/boitmal/produit/zoom/3D4965FAC6DA56015B0EA60D0CC350AD.jpg,https://driveimg1.intermarche.com/pt/Content/images/boitmal/produit/zoom/227608E522C57EFFD851E1F0A8F434F8.jpg,https://driveimg1.intermarche.com/pt/Content/images/boitmal/produit/zoom/227608E522C57EFFD851E1F0A8F434F8.jpg,,2025-09-10T23:59:59+01:00,PROSPECTUS,12,2,,
53894,5604260330119,200.0,PorSi,Alheira Extra Tras Mtes 200G,,1.29,6.45,0,kg,€/Kg,,,https://driveimg1.intermarche.com/pt/Content/images/boitmal/produit/zoom/E9BBDFD16A9F3A3C592D3751C158587D.jpg,,,,2025-09-10T23:59:59+01:00,PROSPECTUS,12,2,,
55186,5601151964156,410.0,Compal,"Feijão Verde Cozido, 410g",,1.49,3.63,0,kg,€/Kg,,,https://driveimg1.intermarche.com/pt/Content/images/boitmal/produit/zoom/F589E666A68F6B5C202BD1263FFDC128.jpg,,,,2025-09-10T23:59:59+01:00,PROSPECTUS,12,2,,
56122,7622202294525,90.0,Milka,"Chocolate Biscoff, 90g",,1.99,22.11,0,kg,€/Kg,,,https://driveimg1.intermarche.com/pt/Content/images/boitmal/produit/zoom/63E34790DC6AD56D87B1382BFB918D65.jpg,,,,2025-09-10T23:59:59+01:00,PROSPECTUS,12,2,,
6580,8412400193015,1000.0,Mr. Muscle,"Desentupidor canos, 1 l",,5.99,5.99,1000,L,€/L,,,https://driveimg1.intermarche.com/pt/Content/images/boitmal/produit/zoom/E4CBB8829ACC4E9939AAEA434FE9EF72.jpg,,,,2025-09-10T23:59:59+01:00,PROSPECTUS,12,2,,
8384,5601049133992,1000.0,Mimosa,"Leite uht magro, embalagem de 1litro",,0.9,0.9,1000,L,€/L,,,https://driveimg1.intermarche.com/pt/Content/images/boitmal/produit/zoom/128AB814EBA9C0783B386EB2E0A38CC9.jpg,https://driveimg1.intermarche.com/pt/Content/images/boitmal/produit/zoom/8C350978140C257D0AAD7365CD133F0C.jpg,https://driveimg1.intermarche.com/pt/Content/images/boitmal/produit/zoom/B9BED9F397071733FB4D36CBE39ECDBA.jpg,,2025-09-10T23:59:59+01:00,PROSPECTUS,12,2,,
8435,5601050033953,620.0,Danone,"Iogurte activia líquido 0% de pêssego/maracujá, embalagem de 4 x 155g",,1.99,3.21,0,kg,€/Kg,,,https://driveimg1.intermarche.com/pt/Content/images/boitmal/produit/zoom/8F87711D2EAC77ED611C3C3EAE26545D.jpg,,,,2025-09-10T23:59:59+01:00,PROSPECTUS,12,2,,
927,5601001180903,380.0,Nestlé,Cereais chocapic,Embalagem de 375 g,2.44,6.42,0,kg,€/Kg,,,https://driveimg1.intermarche.com/pt/Content/images/boitmal/produit/zoom/EA69C754779AF0C6F4DD36E6F3A8C272.jpg,,,,2025-09-10T23:59:59+01:00,PROSPECTUS,12,2,,
9292,5603722493812,250.0,Matinal,"Manteiga magra, embalagem de 250g",,2.49,9.96,0,kg,€/Kg,,,https://driveimg1.intermarche.com/pt/Content/images/boitmal/produit/zoom/AA91DFCE88DA98DA1BB05E606B3C1FF9.jpg,,,,2025-09-10T23:59:59+01:00,PROSPECTUS,12,2,,
9315,5603722509544,1000.0,Mimosa,"Leite 0% lactose magro, de 1l",,1.15,1.15,1000,L,€/L,,,https://driveimg1.intermarche.com/pt/Content/images/boitmal/produit/zoom/0350D0DE44A653A9AB01722B06443E94.jpg,https://driveimg1.intermarche.com/pt/Content/images/boitmal/produit/zoom/DC5219EC1E15E09529E323B7D196FADA.jpg,https://driveimg1.intermarche.com/pt/Content/images/boitmal/produit/zoom/DC48BFFA4281D8016E9FB40168ED4485.jpg,,2025-09-10T23:59:59+01:00,PROSPECTUS,12,2,,
10089,8410100030722,40.0,Crunch,"Tablete de Chocolate de Leite Crunch Mini, 40g",,1.29,32.25,0,kg,€/Kg,,,https://driveimg1.intermarche.com/pt/Content/images/boitmal/produit/zoom/E86A411CC9289CCFA0C69208C9C133E5.jpg,https://driveimg1.intermarche.com/pt/Content/images/boitmal/produit/zoom/AC97B2D249400B9A2C95B21F6B1799B6.jpg,,,2025-09-10T23:59:59+01:00,PROSPECTUS,12,2,,
1009,5601038300077,80.0,Knorr,"Caldo de galinha 8 cubos, embalagem de 80g",,1.69,21.13,0,kg,€/Kg,,,https://driveimg1.intermarche.com/pt/Content/images/boitmal/produit/zoom/CFDBB6C1885F48FB7941F504CD886192.jpg,,,,2025-09-10T23:59:59+01:00,PROSPECTUS,12,2,,
10639,8712566395514,61.0,Knorr,"Sopa gourmet, cogumelos, embalagem de 60g",,2.24,36.72,0,kg,€/Kg,,,https://driveimg1.intermarche.com/pt/Content/images/boitmal/produit/zoom/37AB5E4154A122936DBF40F8E46CCD3D.jpg,,,,2025-09-10T23:59:59+01:00,PROSPECTUS,12,2,,
10859,3023290400395,230.0,Nestlé,"Iogurte mix in kit kat, embalagem de 2 x 115g",,2.19,9.52,0,kg,€/Kg,,,https://driveimg1.intermarche.com/pt/Content/images/boitmal/produit/zoom/46A338E8D7EAC63B8EF63808F7DF5998.jpg,,,,2025-09-10T23:59:59+01:00,PROSPECTUS,12,2,,
1188,5601119007970,200.0,Nobre,"Salsichas de porco, lata de 200g",,1.39,6.95,0,kg,€/Kg,,,https://driveimg1.intermarche.com/pt/Content/images/boitmal/produit/zoom/F480FC52D56464F3C1B867155F4A37B9.jpg,,,,2025-09-10T23:59:59+01:00,PROSPECTUS,12,2,,
1214,5601119950504,420.0,Nobre,"Receita caseira de bolonhesa, 420g",,3.11,7.4,0,kg,€/Kg,,,https://driveimg1.intermarche.com/pt/Content/images/boitmal/produit/zoom/66DCF8202D0D30AA3C4A7C7E4EAAF44F.jpg,,,,2025-09-10T23:59:59+01:00,PROSPECTUS,12,2,,
12543,8715035110106,150.0,Kikkoman,"Molho de soja com dispenser, de 150 ml",,2.75,18.33,150,L,€/L,,,https://driveimg1.intermarche.com/pt/Content/images/boitmal/produit/zoom/3D3E630DEE5977CF2FC3BF40796FA65E.jpg,,,,2025-09-10T23:59:59+01:00,PROSPECTUS,12,2,,
1273,5601151060759,410.0,Compal,Feijão branco,Lata de 410 ml,1.09,2.66,410,L,€/L,,,https://driveimg1.intermarche.com/pt/Content/images/boitmal/produit/zoom/5A6C3794FCB1D8B69BF6A56555458115.jpg,,,,2025-09-10T23:59:59+01:00,PROSPECTUS,12,2,,
12946,2892155000000,250.0,Fruta,Ameixa Vermelha,1 un = 250 gr  (aprox.),0.6,2.39,0,,€/Kg,,,https://driveimg1.intermarche.com/pt/Content/images/boitmal/produit/zoom/DA65FE52200EF35EEAAD64E8BD7CE484.jpg,,,,2025-09-10T23:59:59+01:00,PROSPECTUS,12,2,,
1331,5601165006255,259.0,Calvé,"Molho de alho, embalagem de 260g",,1.94,7.49,0,kg,€/Kg,,,https://driveimg1.intermarche.com/pt/Content/images/boitmal/produit/zoom/250292652676F63A9916D46B501BCEC4.jpg,https://driveimg1.intermarche.com/pt/Content/images/boitmal/produit/zoom/5F13F0DF96776682A865C5AC21E8DB42.jpg,https://driveimg1.intermarche.com/pt/Content/images/boitmal/produit/zoom/5F13F0DF96776682A865C5AC21E8DB42.jpg,https://driveimg1.intermarche.com/pt/Content/images/boitmal/produit/zoom/5F13F0DF96776682A865C5AC21E8DB42.jpg,2025-09-10T23:59:59+01:00,PROSPECTUS,12,2,https://driveimg1.intermarche.com/pt/Content/images/boitmal/produit/zoom/5F13F0DF96776682A865C5AC21E8DB42.jpg,
1332,5601165006279,258.0,Calvé,Molho de whisky cocktail 250 ml,,1.94,7.52,0,kg,€/Kg,,,https://driveimg1.intermarche.com/pt/Content/images/boitmal/produit/zoom/C7155C8CF8BA05234BDEE31CA7C70EBB.jpg,https://driveimg1.intermarche.com/pt/Content/images/boitmal/produit/zoom/6A3EC69CF4C27CD9078CE26776992F21.jpg,https://driveimg1.intermarche.com/pt/Content/images/boitmal/produit/zoom/6A3EC69CF4C27CD9078CE26776992F21.jpg,https://driveimg1.intermarche.com/pt/Content/images/boitmal/produit/zoom/6A3EC69CF4C27CD9078CE26776992F21.jpg,2025-09-10T23:59:59+01:00,PROSPECTUS,12,2,,
13522,2893514000000,200.0,Peixaria,Choco Pequeno Congelado,1 un= 200 gr (aprox.),1.9,9.49,0,,€/Kg,,Avantages !,https://driveimg1.intermarche.com/pt/Content/images/boitmal/produit/zoom/37754AAC1A8B81BA5D21C470572981B5.jpg,,,,2025-09-10T23:59:59+01:00,PROSPECTUS,12,2,,
13523,2893515000000,250.0,Peixaria,Lula Congelada,1 un= 250 gr (aprox.),1.25,4.99,0,,€/Kg,,Avantages !,https://driveimg1.intermarche.com/pt/Content/images/boitmal/produit/zoom/B2B7BBDC4CDC3C912C9CD2FEC6D3B682.jpg,,,,2025-09-10T23:59:59+01:00,PROSPECTUS,12,2,,
13599,2893594000000,500.0,Peixaria,Red Fish Grande Congelado,1 un = 500 gr (aprox.),2.0,3.99,0,,€/Kg,,Avantages !,https://driveimg1.intermarche.com/pt/Content/images/boitmal/produit/zoom/A3E98972B338DCF46BAA412A17BB9B0C.jpg,,,,2025-09-10T23:59:59+01:00,PROSPECTUS,12,2,,
14346,3387390406849,150.0,Nestlé,"Barras cereais chocapic, embalagem de 150g",,2.39,15.93,0,kg,€/Kg,,,https://driveimg1.intermarche.com/pt/Content/images/boitmal/produit/zoom/A9E143A7AE167B7B2DF153E69E157760.jpg,,,,2025-09-10T23:59:59+01:00,PROSPECTUS,12,2,,
1437,5601260046101,1000.0,Saludães,Arroz Carolino,Embalagem de 1 kg,1.14,1.14,0,kg,€/Kg,,,https://driveimg1.intermarche.com/pt/Content/images/boitmal/produit/zoom/844734F94E64C7EE2E76F0FC068B9A4B.jpg,,,,2025-09-10T23:59:59+01:00,PROSPECTUS,12,2,,
1453,5601286207579,500.0,Milaneza,"Massa para lasanha com ovo, embalagem de 500g",,1.93,3.86,0,kg,€/Kg,,,https://driveimg1.intermarche.com/pt/Content/images/boitmal/produit/zoom/CF24B89A0856350191ED577D5DB60D92.jpg,,,,2025-09-10T23:59:59+01:00,PROSPECTUS,12,2,,
14947,2891215000000,150.0,Frango,Espetadas,1 un= 150 gr (aprox.),1.15,7.69,0,,€/Kg,,,https://driveimg1.intermarche.com/pt/Content/images/boitmal/produit/zoom/FE13AA549ADEC08AA2FF877D2299FBFE.jpg,,,,2025-09-10T23:59:59+01:00,PROSPECTUS,12,2,,
14977,5604260276035,150.0,PorSi,Presunto Fatiado 6 Meses 200G,,3.19,21.27,0,kg,€/Kg,,,https://driveimg1.intermarche.com/pt/Content/images/boitmal/produit/zoom/688C678F0C2B7E25A8D1F995520DCD58.jpg,,,,2025-09-10T23:59:59+01:00,PROSPECTUS,12,2,,
15038,2892255000000,2500.0,Programa Origens,Melão Branco,Vendido ao peso | 1 un = 2.5 kg (aprox.),1.73,0.69,0,,€/Kg,,,https://driveimg1.intermarche.com/pt/Content/images/boitmal/produit/zoom/005D1DBE085639370AB2D6A0E6687717.jpg,,,,2025-09-10T23:59:59+01:00,PROSPECTUS,12,2,,
15126,2895032000000,250.0,Limiano,Queijo Flamengo Bola,1 un = 250 gr  (aprox.),2.45,9.79,0,,€/Kg,,,https://driveimg1.intermarche.com/pt/Content/images/boitmal/produit/zoom/E05814E88CDCF87F22458F4E282D5518.jpg,,,,2025-09-10T23:59:59+01:00,PROSPECTUS,12,2,,
15981,5601119244375,210.0,Nobre,"Salsichas extra suculentas de frango, frasco de 210g",,2.55,12.14,0,kg,€/Kg,,,https://driveimg1.intermarche.com/pt/Content/images/boitmal/produit/zoom/FF112EFB90E4953B2240BF7E131FD2C0.jpg,,,,2025-09-10T23:59:59+01:00,PROSPECTUS,12,2,,
16229,8712561587495,4000.0,Comfort,"Amaciador de roupa, pure, de 4 l",,4.99,1.25,4000,L,€/L,,,https://driveimg1.intermarche.com/pt/Content/images/boitmal/produit/zoom/AAE7E7461FE5C9CAA68CFDC37842673D.jpg,,,,2025-09-10T23:59:59+01:00,PROSPECTUS,12,2,,
16608,8712561521437,700.0,Cif,"Creme abrasivo limão, de 700 ml",,2.69,3.84,700,L,€/L,,,https://driveimg1.intermarche.com/pt/Content/images/boitmal/produit/zoom/734448B6276EB5C2CFFCEBF5E628AF6D.jpg,,,,2025-09-10T23:59:59+01:00,PROSPECTUS,12,2,,
17665,8712100745591,754.0,Calvé,"Maionese top down, embalagem de 753 g",,3.49,4.63,0,kg,€/Kg,,,https://driveimg1.intermarche.com/pt/Content/images/boitmal/produit/zoom/C6F00A8AA4D7D21E56D34CFA61170423.jpg,,,,2025-09-10T23:59:59+01:00,PROSPECTUS,12,2,,
17892,5601082039800,220.0,Delta Q,Café xl qalidus cápsulas,Embalagem de 220g,15.99,72.68,0,kg,€/Kg,,,https://driveimg1.intermarche.com/pt/Content/images/boitmal/produit/zoom/CC1942C4B68078F0368F602F327C039D.jpg,,,,2025-09-10T23:59:59+01:00,PROSPECTUS,12,2,,
18778,5604260274963,200.0,Porsi Sel.,Alheira De Mirandela Ig 200G,,1.29,6.45,0,kg,€/Kg,,,https://driveimg1.intermarche.com/pt/Content/images/boitmal/produit/zoom/93E265B38537CF7D9CC71734EEF39C20.jpg,,,,2025-09-10T23:59:59+01:00,PROSPECTUS,12,2,,
19585,8435257033822,720.0,Longa vida,"Iogurte magro natural, embalagem de 6 x 120g",,2.29,3.18,0,kg,€/Kg,,,https://driveimg1.intermarche.com/pt/Content/images/boitmal/produit/zoom/0343709B1D70140B7336A86F6CAA12F8.jpg,,,,2025-09-10T23:59:59+01:00,PROSPECTUS,12,2,,
19586,8435257028057,720.0,Longa vida,"Iogurte aroma 0% tutti fruti/coco, embalagem de 6 x 120g",,2.29,3.18,0,kg,€/Kg,,,https://driveimg1.intermarche.com/pt/Content/images/boitmal/produit/zoom/6FEC33DAE59256CBE3074F3F03199908.jpg,,,,2025-09-10T23:59:59+01:00,PROSPECTUS,12,2,,
20645,8414100333142,250.0,Schweppes,"Água tónica, garrafa de 250 ml",,0.72,2.88,250,L,€/L,,,https://driveimg1.intermarche.com/pt/Content/images/boitmal/produit/zoom/A602F5762E875E3E3536D48B17925107.jpg,,,,2025-09-10T23:59:59+01:00,PROSPECTUS,12,2,,
2198,5604260264742,125.0,PorSi,Cappuccino 125 G,,1.99,15.92,0,kg,€/Kg,,,https://driveimg1.intermarche.com/pt/Content/images/boitmal/produit/zoom/7A75C1A53AB12261C7716520366AA7E7.jpg,,,,2025-09-10T23:59:59+01:00,PROSPECTUS,12,2,,
23354,5000116112210,375.0,Capitão Iglo,"18 nuggets de frango e queijo, embalagem de 380g",,5.99,15.97,0,kg,€/Kg,,Tipo de stockagem,https://driveimg1.intermarche.com/pt/Content/images/boitmal/produit/zoom/620A92034486A55E5D400B05466AAFD3.jpg,,,,2025-09-10T23:59:59+01:00,PROSPECTUS,12,2,,
2460,7613031501649,400.0,Nestlé,"Fruta para bebé maçã banana +4 meses, embalagem de 4 x 100g",,2.39,5.98,0,kg,€/Kg,,,https://driveimg1.intermarche.com/pt/Content/images/boitmal/produit/zoom/4A8A0DFCA0CA8581AB62B34FED196414.jpg,,,,2025-09-10T23:59:59+01:00,PROSPECTUS,12,2,,
2500,7613033129025,250.0,Cerelac,"Papa infantil não láctea bolacha maria +6 meses, de 250g",,2.39,9.56,0,kg,€/Kg,,,https://driveimg1.intermarche.com/pt/Content/images/boitmal/produit/zoom/86F8E21230827C4A87CCDAA9CDA276AE.jpg,,,,2025-09-10T23:59:59+01:00,PROSPECTUS,12,2,,
25783,8714100667569,61.0,Knorr,Noodles galinha,Embalagem de 60g,0.99,16.23,0,kg,€/Kg,,,https://driveimg1.intermarche.com/pt/Content/images/boitmal/produit/zoom/E529FFAC22E4D5C7973ADAD96806025F.jpg,,,,2025-09-10T23:59:59+01:00,PROSPECTUS,12,2,,
25784,8714100667637,61.0,Knorr,Noodles queijo & ervas,Embalagem de 60g,0.99,16.23,0,kg,€/Kg,,,https://driveimg1.intermarche.com/pt/Content/images/boitmal/produit/zoom/77CED7AFDF81EB9F73CA0383A2D829EB.jpg,,,,2025-09-10T23:59:59+01:00,PROSPECTUS,12,2,,
2603,7622300631574,100.0,Milka,"Tablete de chocolate, embalagem de 100g",,1.99,19.9,0,kg,€/Kg,,,https://driveimg1.intermarche.com/pt/Content/images/boitmal/produit/zoom/E3F38363C2A3F262A9AF1A2E55D5BF55.jpg,,,,2025-09-10T23:59:59+01:00,PROSPECTUS,12,2,,
2749,8410063046532,350.0,Pescanova,"Miolo de camarão 80/100, embalagem de 350g",,6.99,19.97,0,kg,€/Kg,,Tipo de stockagem,https://driveimg1.intermarche.com/pt/Content/images/boitmal/produit/zoom/0EA75135180DC26543A97F342303334A.jpg,,,,2025-09-10T23:59:59+01:00,PROSPECTUS,12,2,,
27775,8410500017699,480.0,Danone,"Activia 0% Frutos Silvestres Cremoso,  4x120 g",,1.99,4.15,0,kg,€/Kg,,,https://driveimg1.intermarche.com/pt/Content/images/boitmal/produit/zoom/4E62DCF5F4DD4F8D2F37C752D5F96412.jpg,,,,2025-09-10T23:59:59+01:00,PROSPECTUS,12,2,,
2780,8410199002303,96.0,Cheetos,"Aperitivos palitos, embalagem de 100g",,1.49,15.52,0,kg,€/Kg,,,https://driveimg1.intermarche.com/pt/Content/images/boitmal/produit/zoom/35C90C106FCD999188F46A491D275892.jpg,,,,2025-09-10T23:59:59+01:00,PROSPECTUS,12,2,,
27816,5601050034172,500.0,Danone,"Sobremesa danette chocolate, embalagem de 4 x 125g",,2.39,4.78,0,kg,€/Kg,,,https://driveimg1.intermarche.com/pt/Content/images/boitmal/produit/zoom/270794F61E693F9DF4745375FEF2C1D6.jpg,,,,2025-09-10T23:59:59+01:00,PROSPECTUS,12,2,,
2887,3154140117221,,Maped,"Borracha Technic, 600",embalagem com 2 unidades,1.39,1.39,0,,€/Unidade,,,https://driveimg1.intermarche.com/pt/Content/images/boitmal/produit/zoom/56FE965B05C719B66A4BEEF8E9685965.jpg,,,,2025-09-17T23:59:59+01:00,PROSPECTUS,12,2,,
29271,2895030000000,200.0,Agros,Queijo Flamengo Bola,Vendido ao peso,1.9,9.49,0,,€/Kg,,,https://driveimg1.intermarche.com/pt/Content/images/boitmal/produit/zoom/4C4B9766D3CBE00237D8217293FC8A7D.jpg,,,,2025-09-10T23:59:59+01:00,PROSPECTUS,12,2,,
29631,5605564548378,360.0,Carne Sorraia,"Salsicha para churrasco aves, embalagem 360g",,2.69,7.47,0,kg,€/Kg,,,https://driveimg1.intermarche.com/pt/Content/images/boitmal/produit/zoom/39DD384EC6BE7423AB4E164EA8CA017A.jpg,,,,2025-09-10T23:59:59+01:00,PROSPECTUS,12,2,,
30168,2696660000000,80.0,Padaria,Cacetinho de Trigo,80 g,0.22,2.75,0,kg,€/Kg,,,https://driveimg1.intermarche.com/pt/Content/images/boitmal/produit/zoom/061A32F66C5467484869F7F4ECEA0767.jpg,,,,2025-09-10T23:59:59+01:00,PROSPECTUS,12,2,,
32063,8712423038844,33.0,Knorr,"Strogonoff 1, 2, 3...sabor!, embalagem de 33 g",,1.19,36.06,0,kg,€/Kg,,,https://driveimg1.intermarche.com/pt/Content/images/boitmal/produit/zoom/4A8045759567B372AE215D4B257F03A8.jpg,,,,2025-09-10T23:59:59+01:00,PROSPECTUS,12,2,,
32242,5601050034714,500.0,Danone,"Danette caramel, embalagem de 4 x 125g",,2.39,4.78,0,kg,€/Kg,,,https://driveimg1.intermarche.com/pt/Content/images/boitmal/produit/zoom/4F8AABADB14EEE24EA765D7C00DDDEEF.jpg,,,,2025-09-10T23:59:59+01:00,PROSPECTUS,12,2,,
32551,5608527002764,750.0,Casa Ermelinda Freitas,Vinho Vinha da Fonte Setúbal tinto,Garrafa de 0.75 l,2.99,3.99,750,L,€/L,,,https://driveimg1.intermarche.com/pt/Content/images/boitmal/produit/zoom/06E0D835BF6FF987E9BF7993FA3DFA28.jpg,,,,2025-09-10T23:59:59+01:00,PROSPECTUS,12,2,,
3298,5604260030095,,PorSi,Caderno Agrafado Capa Preta A5 Quadriculado 80Folhas,,0.69,0.69,0,,€/Unidade,,,https://driveimg1.intermarche.com/pt/Content/images/boitmal/produit/zoom/085C490F2BAD26890CE102569C2BF2FE.jpg,,,,2025-09-17T23:59:59+01:00,PROSPECTUS,12,2,,
33021,5601260048105,1000.0,Saludães,"Arroz basmati, embalagem de 1 kg",,2.49,2.49,0,kg,€/Kg,,,https://driveimg1.intermarche.com/pt/Content/images/boitmal/produit/zoom/69B2912DAB5813399DDCD1424E089110.jpg,,,,2025-09-10T23:59:59+01:00,PROSPECTUS,12,2,,
33127,8001010033721,135.0,Ponti,"Molho pesto ponti, 135 g",,2.25,16.67,0,kg,€/Kg,,,https://driveimg1.intermarche.com/pt/Content/images/boitmal/produit/zoom/1A053A6A674F62936E57477C3620A6B1.jpg,,,,2025-09-10T23:59:59+01:00,PROSPECTUS,12,2,,
33478,8434165488656,420.0,Cuétara,Sortido bolachas cuétara 420 g,,4.49,10.69,0,kg,€/Kg,,,https://driveimg1.intermarche.com/pt/Content/images/boitmal/produit/zoom/B4290FACB14C773BE2C49CE2078636E7.jpg,,,,2025-09-10T23:59:59+01:00,PROSPECTUS,12,2,,
34367,8410022000063,188.0,Donuts,4 donuts bombom,Embalagem de 188 g,2.19,11.65,0,kg,€/Kg,,,https://driveimg1.intermarche.com/pt/Content/images/boitmal/produit/zoom/9D86969F758F8A1A1667EB164F055159.jpg,,,,2025-09-10T23:59:59+01:00,PROSPECTUS,12,2,,
35653,5601050035261,300.0,Yopro,"Yopro liquido baunilha cookies, embalagem de 300g",,1.99,6.63,0,kg,€/Kg,,,https://driveimg1.intermarche.com/pt/Content/images/boitmal/produit/zoom/6B90CB1F9D043511CACA661315CF4AB0.jpg,,,,2025-09-10T23:59:59+01:00,PROSPECTUS,12,2,,
35749,5603722509667,800.0,Mimosa,"Leite bem essencial chocolate , embalagem de 4 x 200 ml",,1.69,2.11,800,L,€/L,,,https://driveimg1.intermarche.com/pt/Content/images/boitmal/produit/zoom/66BA85F80F98E7331B63BC3D4684C6AC.jpg,,,,2025-09-10T23:59:59+01:00,PROSPECTUS,12,2,,
36722,5604260290642,,PorSi,"Esponja mágica tira manchas e riscos, 2 unidades",,1.38,1.38,0,,€/Unidade,,,https://driveimg1.intermarche.com/pt/Content/images/boitmal/produit/zoom/1245CAA6F5FD0C6C781B32C69C11BD34.jpg,,,,2025-09-10T23:59:59+01:00,PROSPECTUS,12,2,,
36785,5604260282531,150.0,PorSi,Salada exótica programa origens,Embalagem de 150 g,1.55,10.33,0,kg,€/Kg,,,https://driveimg1.intermarche.com/pt/Content/images/boitmal/produit/zoom/F211CC91B701EE982EC066C2B3D21E0C.jpg,,,,2025-09-10T23:59:59+01:00,PROSPECTUS,12,2,,
36923,5604260298174,400.0,PorSi,Sopa Legumes 400G,,1.25,3.13,0,kg,€/Kg,,,https://driveimg1.intermarche.com/pt/Content/images/boitmal/produit/zoom/233F0976A47879B4C0C52D552F2A9A8F.jpg,,,,2025-09-10T23:59:59+01:00,PROSPECTUS,12,2,,
38418,5411188125808,400.0,Alpro,"Yofu soja e manga sem açúcar adicionado, de 400g",,2.69,6.73,0,kg,€/Kg,,,https://driveimg1.intermarche.com/pt/Content/images/boitmal/produit/zoom/3BB622CE7FCFFFFBE1BDE445F2F172B5.jpg,,,,2025-09-10T23:59:59+01:00,PROSPECTUS,12,2,,
38640,5411188128649,400.0,Alpro,"Yofu morango estilo skyr, embalagem de 400g",,2.54,6.35,0,kg,€/Kg,,,https://driveimg1.intermarche.com/pt/Content/images/boitmal/produit/zoom/F1394EAA38F4851DE2C6CB9FB1429D07.jpg,,,,2025-09-10T23:59:59+01:00,PROSPECTUS,12,2,,
40500,5604260286119,1000.0,PorSi,Leite Condensado 1Kg,,3.49,3.49,0,kg,€/Kg,,,https://driveimg1.intermarche.com/pt/Content/images/boitmal/produit/zoom/A2BDE7F2B947B12A7247B2D7E3D630B6.jpg,,,,2025-09-10T23:59:59+01:00,PROSPECTUS,12,2,,
40652,5604260303250,1000.0,PorSi,Batata Pré-Frita Noisette 1Kg,,2.69,2.69,0,kg,€/Kg,,Tipo de stockagem,https://driveimg1.intermarche.com/pt/Content/images/boitmal/produit/zoom/4EB6218BE244F149B042C58E5860D0FF.jpg,,,,2025-09-10T23:59:59+01:00,PROSPECTUS,12,2,,
40673,5609060095695,80.0,Delta,Café solúvel creme,Embalagem de 80 g,3.69,46.13,0,kg,€/Kg,,,https://driveimg1.intermarche.com/pt/Content/images/boitmal/produit/zoom/935D15F1339990569144EB9273226D10.jpg,,,,2025-09-10T23:59:59+01:00,PROSPECTUS,12,2,,
40744,5604260303243,1000.0,PorSi,Batata Pré-Frita Cubos 1Kg,,1.79,1.79,0,kg,€/Kg,,Tipo de stockagem,https://driveimg1.intermarche.com/pt/Content/images/boitmal/produit/zoom/AD8D425EF62B4AB4E4543EE4F29886AD.jpg,,,,2025-09-10T23:59:59+01:00,PROSPECTUS,12,2,,
40974,8711327407121,2000.0,Lipton,Ice tea de limão zero açúcar garrafa 2 l,,2.39,1.2,2000,L,€/L,,,https://driveimg1.intermarche.com/pt/Content/images/boitmal/produit/zoom/01B1D0B046262E5013625D98284F67D4.jpg,,,,2025-09-10T23:59:59+01:00,PROSPECTUS,12,2,,
41388,5604260304356,2000.0,PorSi Select,Alimento Seco Gato Pro Esterilizado 2 Kg,,5.39,2.7,0,kg,€/Kg,,,https://driveimg1.intermarche.com/pt/Content/images/boitmal/produit/zoom/8A8341870D185F9B8420300F8DA6DD25.jpg,,,,2025-09-10T23:59:59+01:00,PROSPECTUS,12,2,,
41447,5601082047812,,Delta Q,Café mythiq,Embalagem com 40 cápsulas,15.99,15.99,0,,€/Unidade,,,https://driveimg1.intermarche.com/pt/Content/images/boitmal/produit/zoom/B58BECEDE4BA3A9AAD2A25898792041E.jpg,,,,2025-09-10T23:59:59+01:00,PROSPECTUS,12,2,,
41821,5604260286614,233.0,PorSi,Bolachas Shortcake 223G,,1.37,5.88,0,kg,€/Kg,,,https://driveimg1.intermarche.com/pt/Content/images/boitmal/produit/zoom/0B5ABF5EA46DA53FA8046210DB7DDFDD.jpg,,,,2025-09-10T23:59:59+01:00,PROSPECTUS,12,2,,
42019,5604260306398,500.0,PorSi,Iogurte Tipo Grego Maracujá 4X125G,,1.65,3.3,0,kg,€/Kg,,,https://driveimg1.intermarche.com/pt/Content/images/boitmal/produit/zoom/0161BD1FBB39AF016EB0BBE025FEDDC9.jpg,,,,2025-09-10T23:59:59+01:00,PROSPECTUS,12,2,,
43649,8710847961236,360.0,Linic,"Champô + condicionador eficácia ativa 2 em 1, embalagem de 360 ml",,4.94,13.72,360,L,€/L,,,https://driveimg1.intermarche.com/pt/Content/images/boitmal/produit/zoom/BBA5C4EAAB6B67D24872235B5C270E87.jpg,,,,2025-09-10T23:59:59+01:00,PROSPECTUS,12,2,,
438,8722700140139,20.0,Lipton,"20 saquetas infusão de cidreira, embalagem de 20g",,1.49,74.5,0,kg,€/Kg,,,https://driveimg1.intermarche.com/pt/Content/images/boitmal/produit/zoom/75772B648D442A3C0BB5D4E8A4601B76.jpg,,,,2025-09-10T23:59:59+01:00,PROSPECTUS,12,2,,
44367,7613036691994,1500.0,Purina One,"Ração para cão mini < 10 kg pele e pêlo de vaca e arroz, de 1,5kg",,7.49,4.99,0,kg,€/Kg,,,https://driveimg1.intermarche.com/pt/Content/images/boitmal/produit/zoom/36E801417FD2037A626C7E6A671C789C.jpg,,,,2025-09-10T23:59:59+01:00,PROSPECTUS,12,2,,
45431,5601050036893,300.0,Danone,"Yopro líquido manga, embalagem de 300g",,1.99,6.63,0,kg,€/Kg,,,https://driveimg1.intermarche.com/pt/Content/images/boitmal/produit/zoom/1E004FD89D8A20EC3FC964ADAE11A7AF.jpg,,,,2025-09-10T23:59:59+01:00,PROSPECTUS,12,2,,
46031,3086123342606,,Bic,Esferográficas BU3 Pretas,Embalagem com 4 un.,2.79,2.79,0,,€/Unidade,,,https://driveimg1.intermarche.com/pt/Content/images/boitmal/produit/zoom/D4A7D81EA23AD359C77E729DFF9C0745.jpg,,,,2025-09-17T23:59:59+01:00,PROSPECTUS,12,2,,
46330,5054563101808,75.0,Sensodyne,Dentífrico limpeza e frescura,Embalagem de 75 ml,2.99,39.87,75,L,€/L,,,https://driveimg1.intermarche.com/pt/Content/images/boitmal/produit/zoom/34C51096C7ECF2556413D7ABC98D4A03.jpg,,,,2025-09-10T23:59:59+01:00,PROSPECTUS,12,2,,
46729,5054563109743,75.0,Sensodyne,Pasta Dentífrica Branqueadora Sensibilidade e Gengivas,Embalagem de 75 ml,3.96,52.8,75,L,€/L,,,https://driveimg1.intermarche.com/pt/Content/images/boitmal/produit/zoom/B67D306325DBFD978FD2403A0E37B13D.jpg,,,,2025-09-10T23:59:59+01:00,PROSPECTUS,12,2,,
46828,5601195650121,1000.0,Pedras Salgadas,"Água com gás tangerina, pack 4 x 25 cl",,2.19,2.19,1000,L,€/L,,,https://driveimg1.intermarche.com/pt/Content/images/boitmal/produit/zoom/C741A105A5ADD4B4B95BF633150AA653.jpg,,,,2025-09-10T23:59:59+01:00,PROSPECTUS,12,2,,
47061,5900852054839,85.0,Bledina,"Frutapura pouch banana morango, embalagem de 85g",,0.69,8.12,0,kg,€/Kg,,,https://driveimg1.intermarche.com/pt/Content/images/boitmal/produit/zoom/5A21484B76E1E092AF196BDCE9E7C17E.jpg,,,,2025-09-10T23:59:59+01:00,PROSPECTUS,12,2,,
47106,7613287613806,,Nescafé,"Café espresso buondi intenso, 16 cápsulas",,9.49,9.49,30,,€/Unidade,,,https://driveimg1.intermarche.com/pt/Content/images/boitmal/produit/zoom/E40A3E7241DABB11EAC194DA9AD5C029.jpg,,,,2025-09-10T23:59:59+01:00,PROSPECTUS,12,2,,
4766,5000267014203,700.0,Johnnie Walker,Whisky red label,Garrafa de 700 ml,15.99,22.84,700,L,€/L,,,https://driveimg1.intermarche.com/pt/Content/images/boitmal/produit/zoom/57464BF7F3832ACA5333B272712D9CC3.jpg,,,,2025-09-10T23:59:59+01:00,PROSPECTUS,12,2,,
48015,7613287491909,340.0,Felix,Comida Húmida Gato Seleção de Peixes,Embalagem de 4 x 85 g,2.24,6.59,0,kg,€/Kg,,,https://driveimg1.intermarche.com/pt/Content/images/boitmal/produit/zoom/8DB5810AA0EC4F7E28839F740BBA9BB3.jpg,,,,2025-09-10T23:59:59+01:00,PROSPECTUS,12,2,,
48147,5604260319473,375.0,PorSi,Cereais Bolas De Chocolate 375G,,1.84,4.91,0,kg,€/Kg,,,https://driveimg1.intermarche.com/pt/Content/images/boitmal/produit/zoom/A2B702166C838C0223DAE1A342BA25DD.jpg,https://driveimg1.intermarche.com/pt/Content/images/boitmal/produit/zoom/97B9E90D32C20B8DE50A5D91D0038712.jpg,,,2025-09-10T23:59:59+01:00,PROSPECTUS,12,2,,
49082,5604260320912,,PorSi,Tampões Normal Com Aplicador Compacto - 16 Unidades,,1.69,1.69,0,,€/Unidade,,,https://driveimg1.intermarche.com/pt/Content/images/boitmal/produit/zoom/344C6855A1B325778C40024E73624801.jpg,,,,2025-09-10T23:59:59+01:00,PROSPECTUS,12,2,,
49083,5604260320929,,PorSi,Tampões Super Com Aplicador Compacto - 16 Unidades,,1.69,1.69,0,,€/Unidade,,,https://driveimg1.intermarche.com/pt/Content/images/boitmal/produit/zoom/7867E54AE047523809A413160FD139BA.jpg,,,,2025-09-10T23:59:59+01:00,PROSPECTUS,12,2,,
49097,5604260322817,2000.0,PorSi,Detergente Máquina Roupa Lavanda 40D,,4.49,2.25,2000,L,€/L,,,https://driveimg1.intermarche.com/pt/Content/images/boitmal/produit/zoom/A80DDC6C9ABC2D3952F31585A06F39B2.jpg,,,,2025-09-10T23:59:59+01:00,PROSPECTUS,12,2,,
49179,3600524029661,300.0,Elvive,Condicionador Hidra Hialurónico,300 ml,4.19,13.97,300,L,€/L,,,https://driveimg1.intermarche.com/pt/Content/images/boitmal/produit/zoom/358E669EEAD046E20A951D3F73537685.jpg,,,,2025-09-10T23:59:59+01:00,PROSPECTUS,12,3,,
49215,5604260322800,2000.0,PorSi,Detergente Máquina Sabão Natural 40D,,2.95,1.48,2000,L,€/L,,,https://driveimg1.intermarche.com/pt/Content/images/boitmal/produit/zoom/1050941D8226F2FD6BB56637BBE1285A.jpg,,,,2025-09-10T23:59:59+01:00,PROSPECTUS,12,3,,
49271,7613287494320,340.0,Felix,Comida Húmida Gato Fantastic Legumes,Embalagem de 4 x 85 g,2.24,6.59,0,kg,€/Kg,,,https://driveimg1.intermarche.com/pt/Content/images/boitmal/produit/zoom/465E1661478FDA1E40529283D35EC1FE.jpg,,,,2025-09-10T23:59:59+01:00,PROSPECTUS,12,3,,
49272,7613287494368,340.0,Felix,Comida húmida gato gelatinas seleções peixes,Embalagem de 4 x 85 g,2.24,6.59,0,kg,€/Kg,,,https://driveimg1.intermarche.com/pt/Content/images/boitmal/produit/zoom/3C2E56D05EBF932F594A6A4250517820.jpg,,,,2025-09-10T23:59:59+01:00,PROSPECTUS,12,3,,
49329,5603722501937,800.0,Mimosa,"Leite magro com chocolate, 4 x 200 ml",,1.92,2.4,800,L,€/L,,,https://driveimg1.intermarche.com/pt/Content/images/boitmal/produit/zoom/A3C8DD22A1174D7DB1F7255C4D4FE4CC.jpg,,,,2025-09-10T23:59:59+01:00,PROSPECTUS,12,3,,
49334,8712100889288,270.0,Olá,Solero exotic 3x90ml,,1.99,7.37,270,L,€/L,,Tipo de stockagem,https://driveimg1.intermarche.com/pt/Content/images/boitmal/produit/zoom/CBA3F8F869AC87BD3FC1AC526946C417.jpg,,,,2025-09-10T23:59:59+01:00,PROSPECTUS,12,3,,
49460,7613287300362,99.0,Nescafé,Café Buondi Intensidade 8,16 cápsulas,6.39,64.55,0,kg,€/Kg,,,https://driveimg1.intermarche.com/pt/Content/images/boitmal/produit/zoom/E4BCDB4A1998B45DA9767B093A961A1E.jpg,,,,2025-09-10T23:59:59+01:00,PROSPECTUS,12,3,,
49497,5604260322794,2000.0,PorSi,Detergente Máquina Roupa Active Action 40D,,4.69,2.35,2000,L,€/L,,,https://driveimg1.intermarche.com/pt/Content/images/boitmal/produit/zoom/9275C7102CD9E49B0D10E50950C3FA9D.jpg,,,,2025-09-10T23:59:59+01:00,PROSPECTUS,12,3,,
49542,5604260323906,1000.0,Porsi Vivabem,Bebida De Amendoa 0% Açúcares Adicionados 1L,,1.35,1.35,1000,L,€/L,,,https://driveimg1.intermarche.com/pt/Content/images/boitmal/produit/zoom/AEE9651854E78E84B75576B58758E00E.jpg,,,,2025-09-10T23:59:59+01:00,PROSPECTUS,12,3,,
49819,5603722517327,600.0,Matinal,"Leite seleccionado leve, pack 3 x 200 ml",,1.43,2.38,600,L,€/L,,,https://driveimg1.intermarche.com/pt/Content/images/boitmal/produit/zoom/4E1E39519082067F8E10CE178A1C4928.jpg,,,,2025-09-10T23:59:59+01:00,PROSPECTUS,12,3,,
49863,5601050037586,300.0,Yopro,"Iogurte líquido proteína stracciatella yopro, 300g",,1.99,6.63,0,kg,€/Kg,,,https://driveimg1.intermarche.com/pt/Content/images/boitmal/produit/zoom/1558AE82D926635451B8A68C3DB832E8.jpg,,,,2025-09-10T23:59:59+01:00,PROSPECTUS,12,3,,
49864,5604260315321,100.0,PorSi,Meloa Galia Cortada 100G,,0.99,9.9,0,kg,€/Kg,,,https://driveimg1.intermarche.com/pt/Content/images/boitmal/produit/zoom/B867751813D7B23711CA681CF6D818F9.jpg,,,,2025-09-10T23:59:59+01:00,PROSPECTUS,12,3,,
50456,5603722520877,1000.0,Mimosa,"Leite uht magro sem lactose com fibra e coco, 1 l",,1.18,1.18,1000,L,€/L,,,https://driveimg1.intermarche.com/pt/Content/images/boitmal/produit/zoom/9D5B574F0E310F544ED850C79510F268.jpg,,,,2025-09-10T23:59:59+01:00,PROSPECTUS,12,3,,
50493,8414100306245,200.0,Schweppes,"Água tónica zero, 200 ml",,0.89,4.45,200,L,€/L,,,https://driveimg1.intermarche.com/pt/Content/images/boitmal/produit/zoom/3A897E1E276941B51E5504DC645247C6.jpg,,,,2025-09-10T23:59:59+01:00,PROSPECTUS,12,3,,
51113,8720181262784,500.0,Cif,"Limpa casa banho spray higiene c/ lixívia, 500 ml",,2.89,5.78,500,L,€/L,,,https://driveimg1.intermarche.com/pt/Content/images/boitmal/produit/zoom/8CA4C0BAC8A169ADEC56BAD426803345.jpg,,,,2025-09-10T23:59:59+01:00,PROSPECTUS,12,3,,
51617,5604260328536,400.0,PorSi,Sopa De Feijao Verde 400G,,1.59,3.98,0,kg,€/Kg,,,https://driveimg1.intermarche.com/pt/Content/images/boitmal/produit/zoom/786B60B589DE88503CE7A03EC74CEA9E.jpg,,,,2025-09-10T23:59:59+01:00,PROSPECTUS,12,3,,
51837,8711327587205,2000.0,Lipton,Ice tea lipton pessego 2l,,2.39,1.2,2000,L,€/L,,,https://driveimg1.intermarche.com/pt/Content/images/boitmal/produit/zoom/337078DD8DFA2309401BA5C925E0DABA.jpg,,,,2025-09-10T23:59:59+01:00,PROSPECTUS,12,3,,
51895,8719200253407,225.0,Planta,"Creme vegetal para barrar original, 225g",,1.79,7.96,0,kg,€/Kg,,,https://driveimg1.intermarche.com/pt/Content/images/boitmal/produit/zoom/7E61C083BAEE72DB01F9769D3518098F.jpg,,,,2025-09-10T23:59:59+01:00,PROSPECTUS,12,3,,
51896,8719200253377,400.0,Planta,"Creme vegetal para barrar original, 400g",,2.54,6.35,0,kg,€/Kg,,,https://driveimg1.intermarche.com/pt/Content/images/boitmal/produit/zoom/0265DFAAA6CC23B5D28B5523E860ECEF.jpg,,,,2025-09-10T23:59:59+01:00,PROSPECTUS,12,3,,
51925,8711327587632,2000.0,Lipton,Ice tea lipton chá preto manga zero 2l,,2.39,1.2,2000,L,€/L,,,https://driveimg1.intermarche.com/pt/Content/images/boitmal/produit/zoom/241DBF240C312378317C24947EDC5453.jpg,,,,2025-09-10T23:59:59+01:00,PROSPECTUS,12,3,,
52328,8720181385100,2520.0,Skip,"Detergente máquina roupa líquido baby, 56 doses",,9.99,3.96,2520,L,€/L,,,https://driveimg1.intermarche.com/pt/Content/images/boitmal/produit/zoom/37DC97A7700AEDD1F57E9521FBF4BEA2.jpg,,,,2025-09-10T23:59:59+01:00,PROSPECTUS,12,3,,
52335,8720181392979,1368.0,Comfort,"Amaciador roupa concentrado creations angélicas e flor de baunilha, 76 doses",,3.99,2.92,1368,L,€/L,,,https://driveimg1.intermarche.com/pt/Content/images/boitmal/produit/zoom/504638FE0C01115A314811D8BC910186.jpg,,,,2025-09-10T23:59:59+01:00,PROSPECTUS,12,3,,
52338,8720181392931,1368.0,Comfort,"Amaciador roupa concentrado creations jasmim e mirtilo, 76 doses",,3.99,2.92,1368,L,€/L,,,https://driveimg1.intermarche.com/pt/Content/images/boitmal/produit/zoom/6011DCF134621AA99ADEF13E90F43514.jpg,,,,2025-09-10T23:59:59+01:00,PROSPECTUS,12,3,,
52373,8720181384929,3420.0,Skip,"Detergente máquina roupa líquido sensitive, 76 doses",,11.99,3.51,3420,L,€/L,,,https://driveimg1.intermarche.com/pt/Content/images/boitmal/produit/zoom/2026CABA1ED6C8CC28BF262BD198C659.jpg,https://driveimg1.intermarche.com/pt/Content/images/boitmal/produit/zoom/08584FC3B52052055861732D08983BEF.jpg,,,2025-09-10T23:59:59+01:00,PROSPECTUS,12,3,,
52461,5601645200838,,Firmo,Caderno Música A5 20 Folhas,1 Unidade,0.49,0.49,0,,€/Unidade,,,https://driveimg1.intermarche.com/pt/Content/images/boitmal/produit/zoom/0F0D5C5D53A19F1C7A62C652F26A0E15.jpg,,,,2025-09-17T23:59:59+01:00,PROSPECTUS,12,3,,
52565,5604260328376,1000.0,Porsi Vivabem,Bebida De Arroz E Coco 0% Açúcares Adicionados 1L,,1.59,1.59,1000,L,€/L,,,https://driveimg1.intermarche.com/pt/Content/images/boitmal/produit/zoom/9A9F1F77ACED7CF28DCDA8EAC08A4425.jpg,,,,2025-09-10T23:59:59+01:00,PROSPECTUS,12,3,,
52636,8719200269026,400.0,Planta,"Creme vegetal para barrar, 400g",,2.54,6.35,0,kg,€/Kg,,,https://driveimg1.intermarche.com/pt/Content/images/boitmal/produit/zoom/F65911004A3F054AD79E8D4223582388.jpg,,,,2025-09-10T23:59:59+01:00,PROSPECTUS,12,3,,
52795,8711327619579,825.0,Carte DOr,"Gelado iogurte e frutos do bosque, 825 ml",,5.99,7.26,825,L,€/L,,Tipo de stockagem,https://driveimg1.intermarche.com/pt/Content/images/boitmal/produit/zoom/D6B15D8A8761432E807E9E7BF0438AEB.jpg,https://driveimg1.intermarche.com/pt/Content/images/boitmal/produit/zoom/B5E98FA6F5D8DBF78F4E2527B5936D46.jpg,https://driveimg1.intermarche.com/pt/Content/images/boitmal/produit/zoom/B5E98FA6F5D8DBF78F4E2527B5936D46.jpg,,2025-09-10T23:59:59+01:00,PROSPECTUS,12,3,,
52882,8719200267923,1000.0,Planta,"Creme vegetal de barrar com sabor a manteiga, 1 kg",,4.99,4.99,0,kg,€/Kg,,,https://driveimg1.intermarche.com/pt/Content/images/boitmal/produit/zoom/7FA2022C1B0ECE643B6D5766E124CAA0.jpg,https://driveimg1.intermarche.com/pt/Content/images/boitmal/produit/zoom/CA359583CDC4B85860A9620A14431005.jpg,https://driveimg1.intermarche.com/pt/Content/images/boitmal/produit/zoom/CA359583CDC4B85860A9620A14431005.jpg,https://driveimg1.intermarche.com/pt/Content/images/boitmal/produit/zoom/CA359583CDC4B85860A9620A14431005.jpg,2025-09-10T23:59:59+01:00,PROSPECTUS,12,3,,
52911,0000096125595,50.0,Dove Men,"Desodorizante Men Stick Cool Fresh, 50ml",,2.99,59.8,50,L,€/L,,,https://driveimg1.intermarche.com/pt/Content/images/boitmal/produit/zoom/46572A9C01BBFC352029D41245C199C1.jpg,,,,2025-09-10T23:59:59+01:00,PROSPECTUS,12,3,,
52917,8720181291869,150.0,Dove,"Desodorizante spray invisible care 72h, 150 ml",,3.59,23.93,150,L,€/L,,,https://driveimg1.intermarche.com/pt/Content/images/boitmal/produit/zoom/E4C7316630BB7D9EE2823582CE682A3C.jpg,,,,2025-09-10T23:59:59+01:00,PROSPECTUS,12,3,,
52941,8720181386510,2700.0,Skip,"Detergente líquido máquina de roupa sabão natural, 60 doses",,7.99,2.96,2700,L,€/L,,,https://driveimg1.intermarche.com/pt/Content/images/boitmal/produit/zoom/E86C320C5CE9CDD2DA45593DF7CE710E.jpg,https://driveimg1.intermarche.com/pt/Content/images/boitmal/produit/zoom/F78D7BA1CEEC1BA7836B80E309E4D243.jpg,https://driveimg1.intermarche.com/pt/Content/images/boitmal/produit/zoom/F78D7BA1CEEC1BA7836B80E309E4D243.jpg,,2025-09-10T23:59:59+01:00,PROSPECTUS,12,3,,
52944,8720181392900,1332.0,Comfort,"Amaciador concentrado essência azul, 74 doses",,3.49,2.62,1332,L,€/L,,,https://driveimg1.intermarche.com/pt/Content/images/boitmal/produit/zoom/A560BD62C0B678C99A0D6C167361502D.jpg,https://driveimg1.intermarche.com/pt/Content/images/boitmal/produit/zoom/E11C27145AD703889B20EE3212D34D08.jpg,https://driveimg1.intermarche.com/pt/Content/images/boitmal/produit/zoom/E11C27145AD703889B20EE3212D34D08.jpg,,2025-09-10T23:59:59+01:00,PROSPECTUS,12,3,,
52967,5411188138099,400.0,Alpro,"Yofu natural sem açúcar, 400g",,2.19,5.48,0,kg,€/Kg,,,https://driveimg1.intermarche.com/pt/Content/images/boitmal/produit/zoom/54214AECC446986553F991E1FE98EED2.jpg,https://driveimg1.intermarche.com/pt/Content/images/boitmal/produit/zoom/FAA5A0953C1320F7951A42ED471EF0CE.jpg,https://driveimg1.intermarche.com/pt/Content/images/boitmal/produit/zoom/FAA5A0953C1320F7951A42ED471EF0CE.jpg,,2025-09-10T23:59:59+01:00,PROSPECTUS,12,3,,
53049,8445290589316,190.0,Nestlé,"Puré de legumes com peixe +8 meses, 190g",,1.49,7.84,0,kg,€/Kg,,,https://driveimg1.intermarche.com/pt/Content/images/boitmal/produit/zoom/7E5BF3B7685558DA7A110F72D148811C.jpg,,,,2025-09-10T23:59:59+01:00,PROSPECTUS,12,3,,
53295,8414100301240,1000.0,Schweppes,"Água Tónica Regular Zero, garrafa de 1l",,1.65,1.65,1000,L,€/L,,,https://driveimg1.intermarche.com/pt/Content/images/boitmal/produit/zoom/25F21BC2F18171F01E270025DBAA2EDD.jpg,https://driveimg1.intermarche.com/pt/Content/images/boitmal/produit/zoom/AEC285B8796F6030DCD987BA7BB072F4.jpg,https://driveimg1.intermarche.com/pt/Content/images/boitmal/produit/zoom/AEC285B8796F6030DCD987BA7BB072F4.jpg,,2025-09-10T23:59:59+01:00,PROSPECTUS,12,3,,
53673,5054563165008,75.0,Sensodyne,"Pasta de Dentes Sensibilidade, Gengivas e Esmalte",Embalagem de 75ml,3.96,52.8,75,L,€/L,,,https://driveimg1.intermarche.com/pt/Content/images/boitmal/produit/zoom/F5ABBB429E7224E38F564855CA9B1B26.jpg,https://driveimg1.intermarche.com/pt/Content/images/boitmal/produit/zoom/1C6D3DA6400E71115D7D0C249255C6E4.jpg,https://driveimg1.intermarche.com/pt/Content/images/boitmal/produit/zoom/1C6D3DA6400E71115D7D0C249255C6E4.jpg,https://driveimg1.intermarche.com/pt/Content/images/boitmal/produit/zoom/1C6D3DA6400E71115D7D0C249255C6E4.jpg,2025-09-10T23:59:59+01:00,PROSPECTUS,12,3,https://driveimg1.intermarche.com/pt/Content/images/boitmal/produit/zoom/1C6D3DA6400E71115D7D0C249255C6E4.jpg,https://driveimg1.intermarche.com/pt/Content/images/boitmal/produit/zoom/1C6D3DA6400E71115D7D0C249255C6E4.jpg
53794,0000059095811,50.0,Vaseline,"Desodorizante Roll-On Derma Care, 50ml",,2.39,47.8,50,L,€/L,,,https://driveimg1.intermarche.com/pt/Content/images/boitmal/produit/zoom/2DAF6A6BA70FFE4CAEE04FF435A18CD5.jpg,https://driveimg1.intermarche.com/pt/Content/images/boitmal/produit/zoom/4F9BF1FA2D7EB62FF3A08D81966726F5.jpg,https://driveimg1.intermarche.com/pt/Content/images/boitmal/produit/zoom/4F9BF1FA2D7EB62FF3A08D81966726F5.jpg,,2025-09-10T23:59:59+01:00,PROSPECTUS,12,3,,
53919,2696282000000,250.0,Pastelaria,"Baguete Constance, 250 g",,0.79,3.16,0,kg,€/Kg,,,https://driveimg1.intermarche.com/pt/Content/images/boitmal/produit/zoom/E31381B4AE9393D5575E71A4567985AE.jpg,,,,2025-09-10T23:59:59+01:00,PROSPECTUS,12,3,,
53942,5603722523298,1000.0,Matinal,"Bebida de leite sem lactose livre, 1l",,0.59,0.59,1000,L,€/L,,,https://driveimg1.intermarche.com/pt/Content/images/boitmal/produit/zoom/3F3F185EBF624903AC3031EAC11A6631.jpg,,,,2025-09-10T23:59:59+01:00,PROSPECTUS,12,3,,
54034,3154142428301,,Maped,Conjunti Desenho Start 4 Peças,,1.89,1.89,0,,€/Unidade,,,https://driveimg1.intermarche.com/pt/Content/images/boitmal/produit/zoom/EF12153B91FB1861DB28F71CBBE1D98B.jpg,,,,2025-09-17T23:59:59+01:00,PROSPECTUS,12,3,,
543,3228881083241,30.0,Lipton,"20 saquetas chá digestão fácil, embalagem de 30g",,2.09,69.67,0,kg,€/Kg,,,https://driveimg1.intermarche.com/pt/Content/images/boitmal/produit/zoom/62C3C7BA99F1F998410EDAE6BAC40CDF.jpg,,,,2025-09-10T23:59:59+01:00,PROSPECTUS,12,3,,
544,3228881083326,30.0,Lipton,"20 saquetas chá noite tranquila, embalagem de 30g",,2.09,69.67,0,kg,€/Kg,,,https://driveimg1.intermarche.com/pt/Content/images/boitmal/produit/zoom/918429936BF1A7F518EA4E4A9580CA69.jpg,,,,2025-09-10T23:59:59+01:00,PROSPECTUS,12,3,,
54430,3600524128470,200.0,Elvive,"Máscara Cabelo Glycolic Gloss, 200ml",,8.99,44.95,200,L,€/L,,,https://driveimg1.intermarche.com/pt/Content/images/boitmal/produit/zoom/86A112F7B42D4F4D232C616DBDB85457.jpg,https://driveimg1.intermarche.com/pt/Content/images/boitmal/produit/zoom/476859E34D8AB68C1B7B39FA87F6C6D9.jpg,https://driveimg1.intermarche.com/pt/Content/images/boitmal/produit/zoom/476859E34D8AB68C1B7B39FA87F6C6D9.jpg,https://driveimg1.intermarche.com/pt/Content/images/boitmal/produit/zoom/476859E34D8AB68C1B7B39FA87F6C6D9.jpg,2025-09-10T23:59:59+01:00,PROSPECTUS,12,3,,
54448,8710522323007,400.0,Tresemmé,"Champô liso keratina smooth, 400ml",,3.79,9.48,400,L,€/L,,,https://driveimg1.intermarche.com/pt/Content/images/boitmal/produit/zoom/A0CFCB6F402225ED49AAA65602D62346.jpg,,,,2025-09-10T23:59:59+01:00,PROSPECTUS,12,3,,
54489,5000204334005,,Glade,"Ambientador Glade Eléctrico Recarga Dupla Clean Linen, 2un.",,5.19,5.19,0,,€/Unidade,,,https://driveimg1.intermarche.com/pt/Content/images/boitmal/produit/zoom/29623DA3966524AF66CDB5FC2B4429EE.jpg,,,,2025-09-10T23:59:59+01:00,PROSPECTUS,12,3,,
54539,8700216236669,,Fairy,"Detergente Máquina Loiça Pastilhas Platinum Plus Tudo em 1 Limão, 19D",,5.98,5.98,0,,€/Unidade,,,https://driveimg1.intermarche.com/pt/Content/images/boitmal/produit/zoom/8EF65916B83E06C892876A46E53055E1.jpg,,,,2025-09-10T23:59:59+01:00,PROSPECTUS,12,3,,
54606,8720181466359,720.0,Dove,"Gel de banho hydrate, 720ml",,4.79,6.65,720,L,€/L,,,https://driveimg1.intermarche.com/pt/Content/images/boitmal/produit/zoom/73576AE98695DDB42CEBA03FBEBB469E.jpg,,,,2025-09-10T23:59:59+01:00,PROSPECTUS,12,3,,
54694,8445291099371,,Buondi,"Café extreme int 12, 10 cápsulas",,3.29,3.29,10,,€/Unidade,,,https://driveimg1.intermarche.com/pt/Content/images/boitmal/produit/zoom/795B1EFAE3C6DD447777778973DCD860.jpg,,,,2025-09-10T23:59:59+01:00,PROSPECTUS,12,3,,
54760,8445291099562,,Buondi,"Café ristretto int 13, 10 cápsulas",,3.29,3.29,10,,€/Unidade,,,https://driveimg1.intermarche.com/pt/Content/images/boitmal/produit/zoom/227C7D6264A9CC57D3FD36CA56E6A22C.jpg,,,,2025-09-10T23:59:59+01:00,PROSPECTUS,12,3,,
54765,8711327616165,825.0,Carte DOr,"Gelado caramelo salgado les dessertz, 825 ml",,5.99,7.26,825,L,€/L,,Tipo de stockagem,https://driveimg1.intermarche.com/pt/Content/images/boitmal/produit/zoom/A5FE262C7D7C5F17B290BA4B9BC148EC.jpg,,,,2025-09-10T23:59:59+01:00,PROSPECTUS,12,3,,
54842,8720181536984,,Skip,"Detergente Máquina Roupa Líquido Ciclos Curtos Cuidado Express, 54D",,9.99,9.99,0,,€/Unidade,,,https://driveimg1.intermarche.com/pt/Content/images/boitmal/produit/zoom/8D3D6F071A231FE643F904F474F5FD89.jpg,,,,2025-09-10T23:59:59+01:00,PROSPECTUS,12,3,,
54907,0000059095866,50.0,Dove,"Desodorizante Roll On Advance Pear, 50ml",,2.99,59.8,50,L,€/L,,,https://driveimg1.intermarche.com/pt/Content/images/boitmal/produit/zoom/6B090636E822B2D4D75635C6A26DF879.jpg,https://driveimg1.intermarche.com/pt/Content/images/boitmal/produit/zoom/CF5720720A42ECAA607DF54E5370C430.jpg,,,2025-09-10T23:59:59+01:00,PROSPECTUS,12,3,,
55016,8445291099449,,Buondi,"Cápsulas de café encorpado int 9, 10 cápsulas",,3.29,3.29,0,,€/Unidade,,,https://driveimg1.intermarche.com/pt/Content/images/boitmal/produit/zoom/6CD3BCFA20E90C6FDE3E50CF099D7FCD.jpg,,,,2025-09-10T23:59:59+01:00,PROSPECTUS,12,3,,
55017,8445291099463,,Buondi,"Cápsulas de Descafeinado Int 8, 10un.",,3.29,3.29,10,,€/Unidade,,,https://driveimg1.intermarche.com/pt/Content/images/boitmal/produit/zoom/D62C66E6B0B5638CC9A3166C28F9B020.jpg,,,,2025-09-10T23:59:59+01:00,PROSPECTUS,12,3,,
55018,5601027117303,430.0,Bimbo,"Pão de forma com Côdea, 430g",,1.74,4.05,0,kg,€/Kg,,,https://driveimg1.intermarche.com/pt/Content/images/boitmal/produit/zoom/4C17DB6C614697DA1B5FB0CE80A911CD.jpg,,,,2025-09-10T23:59:59+01:00,PROSPECTUS,12,3,,
55040,5411188140184,400.0,Alpro,"Yofu Soja Pêssego, 400g",,2.19,5.48,0,kg,€/Kg,,,https://driveimg1.intermarche.com/pt/Content/images/boitmal/produit/zoom/195F8AC7C58210AC0282C72258CD37FB.jpg,,,,2025-09-10T23:59:59+01:00,PROSPECTUS,12,3,,
55090,5601151964118,360.0,Compal,"Bolonhesa de Lentilhas, 360g",,2.94,8.17,0,kg,€/Kg,,,https://driveimg1.intermarche.com/pt/Content/images/boitmal/produit/zoom/41FC5F83F39FDA2FDDFD187E62192811.jpg,,,,2025-09-10T23:59:59+01:00,PROSPECTUS,12,3,,
55185,5601151963869,410.0,Compal,"Lentilhas Cozidas, 410g",,1.49,3.63,0,kg,€/Kg,,,https://driveimg1.intermarche.com/pt/Content/images/boitmal/produit/zoom/EF5BD1BEC2A2D5B65F9A2DBB0455AB3E.jpg,,,,2025-09-10T23:59:59+01:00,PROSPECTUS,12,3,,
55187,5601151978467,410.0,Compal,"Ervilhas com Cenoura sem Glúten, 410g",,1.49,3.63,0,kg,€/Kg,,,https://driveimg1.intermarche.com/pt/Content/images/boitmal/produit/zoom/19FF4093F40D42F71C522108C5BEAA6E.jpg,,,,2025-09-10T23:59:59+01:00,PROSPECTUS,12,3,,
55252,8445290751621,340.0,Friskies,"Comida Húmida para Cão Adulto Gelatina Mix, 4 x 85g",,1.94,5.71,0,kg,€/Kg,,,https://driveimg1.intermarche.com/pt/Content/images/boitmal/produit/zoom/3827A81B7E08690671B3AA5BD1698BCE.jpg,,,,2025-09-10T23:59:59+01:00,PROSPECTUS,12,3,,
55264,8445291133273,200.0,Buondi,"Café Moído Torrado Moagem Universal Original Int 9, 200g",,3.39,16.95,0,kg,€/Kg,,,https://driveimg1.intermarche.com/pt/Content/images/boitmal/produit/zoom/12B7362029AD0E17CC16AA453025E6E9.jpg,,,,2025-09-10T23:59:59+01:00,PROSPECTUS,12,3,,
55269,8720182948793,500.0,Cif,"Multiusos Spray 3 em 1 Lavanda e Samambaia Azul, 500ml",,2.19,4.38,500,L,€/L,,,https://driveimg1.intermarche.com/pt/Content/images/boitmal/produit/zoom/43329273126D7F7EFAE380CB123C3668.jpg,,,,2025-09-10T23:59:59+01:00,PROSPECTUS,12,3,,
5802,5604260055807,1000.0,PorSi,Lixívia Tradicional 1L,,0.89,0.89,1000,L,€/L,,,https://driveimg1.intermarche.com/pt/Content/images/boitmal/produit/zoom/BCED94EABDE98B5CAB02624A604290B0.jpg,,,,2025-09-10T23:59:59+01:00,PROSPECTUS,12,3,,
6916,8722700086697,80.0,Knorr,"Caldo para massas 8 cubos, embalagem de 80g",,1.69,21.13,0,kg,€/Kg,,,https://driveimg1.intermarche.com/pt/Content/images/boitmal/produit/zoom/BE8691ABFCE81DBD13F7FD3C1CE2B20C.jpg,,,,2025-09-10T23:59:59+01:00,PROSPECTUS,12,3,,
7045,2894077000000,150.0,Sicasal,Fiambre da perna extra,1 un = 150 gr (aprox.),2.1,13.99,0,,€/Kg,,,https://driveimg1.intermarche.com/pt/Content/images/boitmal/produit/zoom/82C0788AD7B4E3579327CF0BA79E6B02.jpg,,,,2025-09-10T23:59:59+01:00,PROSPECTUS,12,3,,
7142,2895065000000,250.0,Paiva,Queijo Curado Apimentado,Vendido ao peso a partir de 250 gr,2.5,9.99,0,,€/Kg,,,https://driveimg1.intermarche.com/pt/Content/images/boitmal/produit/zoom/4BD3253AA457F28D8C7DD0DBC64BA3C4.jpg,,,,2025-09-10T23:59:59+01:00,PROSPECTUS,12,3,,
7179,2895264000000,250.0,Paiva,Queijo curado meio gordo,Vendido ao peso ,2.5,9.99,0,,€/Kg,,,https://driveimg1.intermarche.com/pt/Content/images/boitmal/produit/zoom/4C5AE4093FF39B240405084751F6661B.jpg,,,,2025-09-10T23:59:59+01:00,PROSPECTUS,12,3,,
7958,5000204524710,18.0,Glade,"Recarga Ambientador Sense & Spray Baunilha, 18 ml",,3.49,193.89,18,L,€/L,,,https://driveimg1.intermarche.com/pt/Content/images/boitmal/produit/zoom/264E6718B786624A842F93A1E4855703.jpg,,,,2025-09-10T23:59:59+01:00,PROSPECTUS,12,3,,
9059,5601752080026,750.0,Favaios,"Moscatel favaios, garrafa de 750 ml",,4.99,6.65,750,L,€/L,,,https://driveimg1.intermarche.com/pt/Content/images/boitmal/produit/zoom/263E5B4B63284ABF86B8A3C99564569D.jpg,,,,2025-09-10T23:59:59+01:00,PROSPECTUS,12,3,,
9252,5603089006199,200.0,Parmalat,"Nata com ervas aromáticas, embalagem de 200 ml",,1.12,5.6,200,L,€/L,,,https://driveimg1.intermarche.com/pt/Content/images/boitmal/produit/zoom/8226F68723EC82026E9EFB8E4D48ACA0.jpg,,,,2025-09-10T23:59:59+01:00,PROSPECTUS,12,3,,
931,5601001228100,300.0,Nestum,Nestum flocos de cereais com mel,Embalagem de 300g,2.24,7.47,0,kg,€/Kg,,,https://driveimg1.intermarche.com/pt/Content/images/boitmal/produit/zoom/82B368094FF4C269D04DE75FB30D7775.jpg,,,,2025-09-10T23:59:59+01:00,PROSPECTUS,12,3,,
993,5601038001202,80.0,Knorr,"Caldo carne 8 cubos, embalagem de 80g",,1.69,21.13,0,kg,€/Kg,,,https://driveimg1.intermarche.com/pt/Content/images/boitmal/produit/zoom/AC02C53B9EF88DD168E48A4F255E9B8C.jpg,,,,2025-09-10T23:59:59+01:00,PROSPECTUS,12,3,,
9937,7622300344757,180.0,Milka,"Bolachas waffers, chocolate branco, embalagem de 180g",,2.89,16.06,0,kg,€/Kg,,,https://driveimg1.intermarche.com/pt/Content/images/boitmal/produit/zoom/E0AEF951C1DD74FD9B27A194F5A14E3B.jpg,,,,2025-09-10T23:59:59+01:00,PROSPECTUS,12,3,,
996,5601038005064,80.0,Knorr,"Caldo de legumes 8 cubos, embalagem de 80g",,1.69,21.13,0,kg,€/Kg,,,https://driveimg1.intermarche.com/pt/Content/images/boitmal/produit/zoom/6F28E4D3F3D86011504BC554235AD652.jpg,,,,2025-09-10T23:59:59+01:00,PROSPECTUS,12,3,,
32408,5601050034967,600.0,Danone,"Danacol aveia, embalagem de 6 x 100g",,2.99,4.98,0,kg,€/Kg,,,https://driveimg1.intermarche.com/pt/Content/images/boitmal/produit/zoom/5CE656F263120C59B9C0953B21D516B7.jpg,,,,2025-09-10T23:59:59+01:00,PROSPECTUS,12,3,,
36263,5601027973060,480.0,Bimbo,Pão de forma integral,Embalagem de 480 g,1.89,3.94,0,kg,€/Kg,,,https://driveimg1.intermarche.com/pt/Content/images/boitmal/produit/zoom/34F016B3F162809D8E0423F1C3245DFD.jpg,,,,2025-09-10T23:59:59+01:00,PROSPECTUS,12,3,,
49359,5601146700066,6000.0,Sagres,"Cerveja com álcool, pack 24 x 0.25 l",,11.69,1.95,6000,L,€/L,,,https://driveimg1.intermarche.com/pt/Content/images/boitmal/produit/zoom/67C6D1253BB0D82F02E1633DF741EA25.jpg,https://driveimg1.intermarche.com/pt/Content/images/boitmal/produit/zoom/B2E3D57423A20C8E7B4C1173F1457C2E.jpg,,,2025-09-10T23:59:59+01:00,PROSPECTUS,12,3,,
13869,2891126000000,1000.0,PorSi,Coelho inteiro,Vendido ao peso,6.19,6.19,0,,€/Kg,,,https://driveimg1.intermarche.com/pt/Content/images/boitmal/produit/zoom/52C51860E551A8D97DAB91398A81FDB2.jpg,,,,2025-09-10T23:59:59+01:00,PROSPECTUS,12,3,,
40925,8710522652138,240.0,Calvé,"Maionese top down, embalagem de 240g",,1.48,6.17,0,kg,€/Kg,,,https://driveimg1.intermarche.com/pt/Content/images/boitmal/produit/zoom/ECF2C8ABFC985CAC5B87AA78A2E96931.jpg,https://driveimg1.intermarche.com/pt/Content/images/boitmal/produit/zoom/8E23B17512BCD2C444A6228885CC4217.jpg,https://driveimg1.intermarche.com/pt/Content/images/boitmal/produit/zoom/8E23B17512BCD2C444A6228885CC4217.jpg,https://driveimg1.intermarche.com/pt/Content/images/boitmal/produit/zoom/8E23B17512BCD2C444A6228885CC4217.jpg,2025-09-10T23:59:59+01:00,PROSPECTUS,12,3,https://driveimg1.intermarche.com/pt/Content/images/boitmal/produit/zoom/8E23B17512BCD2C444A6228885CC4217.jpg,
25861,5603722509759,800.0,Mimosa,"Leite com chocolate, embalagem de 4 x 200 ml",,1.6,2.0,800,L,€/L,,,https://driveimg1.intermarche.com/pt/Content/images/boitmal/produit/zoom/4FE9754297F54084EBC31D72FBB55E4F.jpg,,,,2025-09-10T23:59:59+01:00,PROSPECTUS,12,3,,
36769,5604260298181,400.0,PorSi,Creme De Cenoura 400G,,1.25,3.13,0,kg,€/Kg,,,https://driveimg1.intermarche.com/pt/Content/images/boitmal/produit/zoom/39770D186DBDAAE6900620886007DE99.jpg,,,,2025-09-10T23:59:59+01:00,PROSPECTUS,12,3,,
35913,5603722498022,800.0,Mimosa,"Leite bem essencial morango , embalagem de 4 x 200 ml",,1.69,2.11,800,L,€/L,,,https://driveimg1.intermarche.com/pt/Content/images/boitmal/produit/zoom/4B6AB6C5E199D6DAC849805FE4702BB4.jpg,,,,2025-09-10T23:59:59+01:00,PROSPECTUS,12,3,,
36170,5604260295654,1000.0,PorSi,Batata pré-frita palito,Embalagem de 1 kg,1.79,1.79,0,kg,€/Kg,,Tipo de stockagem,https://driveimg1.intermarche.com/pt/Content/images/boitmal/produit/zoom/3CCF0DFFCA76AEE7F401DF2681D9A02B.jpg,,,,2025-09-10T23:59:59+01:00,PROSPECTUS,12,3,,
17269,4084500617421,820.0,Fairy,"Detergente Líquido Lavar Loiça Original, 820 ml",,4.1,5.0,820,L,€/L,,,https://driveimg1.intermarche.com/pt/Content/images/boitmal/produit/zoom/AAC34482F7A307A6F6D7CF7355F8BFDC.jpg,,,,2025-09-10T23:59:59+01:00,PROSPECTUS,12,3,,
37923,5604260300990,1000.0,Porsi Vivabem,Bebida De Amêndoa 1L,,1.05,1.05,1000,L,€/L,,,https://driveimg1.intermarche.com/pt/Content/images/boitmal/produit/zoom/74B05726BD16B03D5A528D4778757940.jpg,,,,2025-09-10T23:59:59+01:00,PROSPECTUS,12,3,,
53208,8719200268647,1000.0,Vaqueiro,"Creme vegetal culinária clássico, 1 kg",,2.99,2.99,0,kg,€/Kg,,,https://driveimg1.intermarche.com/pt/Content/images/boitmal/produit/zoom/0735A691FAA77E120C1E24086E19EA16.jpg,https://driveimg1.intermarche.com/pt/Content/images/boitmal/produit/zoom/DD9C237337ADB2608A1427FA94442244.jpg,https://driveimg1.intermarche.com/pt/Content/images/boitmal/produit/zoom/DD9C237337ADB2608A1427FA94442244.jpg,https://driveimg1.intermarche.com/pt/Content/images/boitmal/produit/zoom/DD9C237337ADB2608A1427FA94442244.jpg,2025-09-10T23:59:59+01:00,PROSPECTUS,12,3,,
882,5410041001204,100.0,Tuc,"Bolachas aperitivas, simples, embalagem de 100g",,1.04,10.4,0,kg,€/Kg,,,https://driveimg1.intermarche.com/pt/Content/images/boitmal/produit/zoom/DB0E5412E4B7AABA821CD2AF0DA3E461.jpg,,,,2025-09-10T23:59:59+01:00,PROSPECTUS,12,3,,
41715,5604260306381,500.0,PorSi,Iogurte Tipo Grego Caramelo Salgado 4X125G,,1.65,3.3,0,kg,€/Kg,,,https://driveimg1.intermarche.com/pt/Content/images/boitmal/produit/zoom/06B0DF990840E5BE19798110DA62E89E.jpg,,,,2025-09-10T23:59:59+01:00,PROSPECTUS,12,3,,
14726,8711100080060,400.0,Maizena,"Farinha, embalagem de 400g",,1.64,4.1,0,kg,€/Kg,,,https://driveimg1.intermarche.com/pt/Content/images/boitmal/produit/zoom/510CA0D1320DDBD17C988D55861FD3B8.jpg,,,,2025-09-10T23:59:59+01:00,PROSPECTUS,12,3,,
1010,5601038300091,240.0,Knorr,"Caldo de galinha 24 cubos, embalagem de 240g",,2.49,10.38,0,kg,€/Kg,,,https://driveimg1.intermarche.com/pt/Content/images/boitmal/produit/zoom/4E25834255892D5C9C1047A286FE9847.jpg,,,,2025-09-10T23:59:59+01:00,PROSPECTUS,12,3,,
11755,5601511000623,400.0,Limiano,"Queijo fatias -50% de gordura, 400g",,4.29,10.73,0,kg,€/Kg,,,https://driveimg1.intermarche.com/pt/Content/images/boitmal/produit/zoom/1F49DD4803359F1338D0D32889490E90.jpg,,,,2025-09-10T23:59:59+01:00,PROSPECTUS,12,3,,
50033,5601050037593,300.0,Yopro,"Iogurte liquido pêssego maragujá, 300g",,1.99,6.63,0,kg,€/Kg,,,https://driveimg1.intermarche.com/pt/Content/images/boitmal/produit/zoom/FBD4E9C7CBF6F8731249673D25B3B2EC.jpg,,,,2025-09-10T23:59:59+01:00,PROSPECTUS,12,3,,
25262,5000116112166,208.0,Capitão Iglo,"10 nuggets de frango, embalagem de 210g",,2.99,14.38,0,kg,€/Kg,,Tipo de stockagem,https://driveimg1.intermarche.com/pt/Content/images/boitmal/produit/zoom/CF1467DF1CD91C352F5C2C303E0557A7.jpg,,,,2025-09-10T23:59:59+01:00,PROSPECTUS,12,3,,
30170,5604260274956,200.0,PorSi,Alheira Esp.Tras Os Mtes 200G,,1.25,6.25,0,kg,€/Kg,,,https://driveimg1.intermarche.com/pt/Content/images/boitmal/produit/zoom/19929337FCFE5B600DFE0ACDB988D2AA.jpg,,,,2025-09-10T23:59:59+01:00,PROSPECTUS,12,3,,
35462,8410500023652,300.0,Yopro,"Iogurte liquido proteína yopro morango/framboesa, 300g",,1.99,6.63,0,kg,€/Kg,,,https://driveimg1.intermarche.com/pt/Content/images/boitmal/produit/zoom/0355698CE2ECE716D8F24A21D83D0BA6.jpg,,,,2025-09-10T23:59:59+01:00,PROSPECTUS,12,3,,
8397,5601050016017,600.0,Danone,"Danacol morango, embalagem de 6 x 100 g",,2.99,4.98,0,kg,€/Kg,,,https://driveimg1.intermarche.com/pt/Content/images/boitmal/produit/zoom/F76543BD64340CC9668C447CAE3F75A1.jpg,,,,2025-09-10T23:59:59+01:00,PROSPECTUS,12,3,,
848,5000189974579,200.0,Kit Kat,"Chocolate mini, embalagem de 200g",,3.99,19.95,0,kg,€/Kg,,,https://driveimg1.intermarche.com/pt/Content/images/boitmal/produit/zoom/90873705F18CB17964EF30C7A0BF7D60.jpg,,,,2025-09-10T23:59:59+01:00,PROSPECTUS,12,3,,
26177,5603722514470,1000.0,Matinal,"Leite seleccionado leve, de 1l",,1.1,1.1,1000,L,€/L,,,https://driveimg1.intermarche.com/pt/Content/images/boitmal/produit/zoom/3414EC19C8611CE7E0D99781254117D1.jpg,,,,2025-09-10T23:59:59+01:00,PROSPECTUS,12,3,,
1438,5601260047108,1000.0,Saludães,Arroz agulha,Embalagem de 1kg,1.35,1.35,0,kg,€/Kg,,,https://driveimg1.intermarche.com/pt/Content/images/boitmal/produit/zoom/B47152EFC4F603CBADD3130829B29F08.jpg,,,,2025-09-10T23:59:59+01:00,PROSPECTUS,12,3,,
17900,8001480023277,700.0,Neoblanc,"Lixívia Spray Mousse Flor, 700ml",,2.99,4.27,700,L,€/L,,,https://driveimg1.intermarche.com/pt/Content/images/boitmal/produit/zoom/4C9540C630C990410131B89E1C2C75B8.jpg,,,,2025-09-10T23:59:59+01:00,PROSPECTUS,12,4,,
21577,5602947000713,750.0,Quinta da Pacheca,Vinho rosé doc douro,Garrafa de 750 ml,7.99,10.65,750,L,€/L,,,https://driveimg1.intermarche.com/pt/Content/images/boitmal/produit/zoom/99C3E3FF1B0370B7F352668571EDA823.jpg,,,,2025-09-10T23:59:59+01:00,PROSPECTUS,12,4,,
47034,8714100827666,160.0,Knorr,"Caldo galinha receita económica, embalagem de 160g",,1.49,9.31,0,kg,€/Kg,,,https://driveimg1.intermarche.com/pt/Content/images/boitmal/produit/zoom/54D2297B42302C9BEB14DE9BF8F6F3CF.jpg,,,,2025-09-10T23:59:59+01:00,PROSPECTUS,12,4,,
4867,5410041472509,100.0,Tuc,Bolachas cream & onion,Embalagem de 100g,1.04,10.4,0,kg,€/Kg,,,https://driveimg1.intermarche.com/pt/Content/images/boitmal/produit/zoom/C2295774E4587CC2EFD25EAE1F8DEF19.jpg,,,,2025-09-10T23:59:59+01:00,PROSPECTUS,12,4,,
50405,8445290489173,900.0,Cerelac,"Papa Infantil 12 meses, 900g",,6.29,6.99,0,kg,€/Kg,,,https://driveimg1.intermarche.com/pt/Content/images/boitmal/produit/zoom/79C2E535CBAB06EFF8E7EE2B8A2191BC.jpg,,,,2025-09-10T23:59:59+01:00,PROSPECTUS,12,4,,
944,5601001339301,200.0,Nestlé,"Mistura solúvel mokambo, embalagem de 200g",,3.89,19.45,0,kg,€/Kg,,,https://driveimg1.intermarche.com/pt/Content/images/boitmal/produit/zoom/7654D4A8AEB526591EE0FD0D1A7BE478.jpg,,,,2025-09-10T23:59:59+01:00,PROSPECTUS,12,4,,
15349,5603722514203,1000.0,Mimosa,"Leite infantil 3+ anos sem lactose, de 1 l",,1.88,1.88,1000,L,€/L,,,https://driveimg1.intermarche.com/pt/Content/images/boitmal/produit/zoom/094DEBD5422652B3A0B648EAF46A79A6.jpg,https://driveimg1.intermarche.com/pt/Content/images/boitmal/produit/zoom/C8D2B05C3B050A036DFF481D77A9A7CA.jpg,https://driveimg1.intermarche.com/pt/Content/images/boitmal/produit/zoom/A8FB4969B6C4BCA92A1313FDA5392B39.jpg,,2025-09-10T23:59:59+01:00,PROSPECTUS,12,4,,
22164,5601260254056,500.0,Saludães,"Arroz doce especial, embalagem de 500g",,0.83,1.66,0,kg,€/Kg,,,https://driveimg1.intermarche.com/pt/Content/images/boitmal/produit/zoom/C73C7DA612DE17339FC2172D24F6B83B.jpg,,,,2025-09-10T23:59:59+01:00,PROSPECTUS,12,4,,
48551,7613287300393,,Nescafé,Nescafe portion coffee systems nescafé dolce gusto 186 g,,9.49,9.49,30,,€/Unidade,,,https://driveimg1.intermarche.com/pt/Content/images/boitmal/produit/zoom/E649FC664013B58BF3328022DDE18A28.jpg,,,,2025-09-10T23:59:59+01:00,PROSPECTUS,12,4,,
55020,8414100380320,1000.0,Schweppes,"Água Tónica Pink Zero, 1L",,1.65,1.65,1000,L,€/L,,,https://driveimg1.intermarche.com/pt/Content/images/boitmal/produit/zoom/9F64E8CCCCADC48ABA4E2110848C4A2E.jpg,,,,2025-09-10T23:59:59+01:00,PROSPECTUS,12,4,,
1230,5601146232512,1500.0,Joi,"Refrigerante sem gás, maracujá e la, garrafa de 1,5 l",,1.29,0.86,1500,L,€/L,,,https://driveimg1.intermarche.com/pt/Content/images/boitmal/produit/zoom/430468AF369DBE1139E298A0EA69B620.jpg,,,,2025-09-10T23:59:59+01:00,PROSPECTUS,12,4,,
1304,5601151860755,410.0,Compal,"Feijão frade, lata de 410 ml",,1.09,2.66,410,L,€/L,,,https://driveimg1.intermarche.com/pt/Content/images/boitmal/produit/zoom/1437F4C9CFF88AA158F19E7D53775E22.jpg,,,,2025-09-10T23:59:59+01:00,PROSPECTUS,12,4,,
13585,2893580000000,250.0,Marisco,Gambão Congelado 20/30,Vendido a partir de 250 (aprox.),2.25,8.99,0,,€/Kg,,Avantages !,https://driveimg1.intermarche.com/pt/Content/images/boitmal/produit/zoom/8045A02528560B0A77B8815B2FADD1B4.jpg,,,,2025-09-10T23:59:59+01:00,PROSPECTUS,12,4,,
37808,5604260301102,,PorSi,Fraldas Cueca T5 12-18 Kg - 20 Unidades,,4.39,4.39,0,,€/Unidade,,,https://driveimg1.intermarche.com/pt/Content/images/boitmal/produit/zoom/4AD0583238D4578F6A92756D29B28A77.jpg,,,,2025-09-10T23:59:59+01:00,PROSPECTUS,12,4,,
51608,8006540830918,820.0,Fairy,Detergente Líquido p/ Lavar Loiça Limão,Embalagem de 820 ml,3.99,4.87,820,L,€/L,,,https://driveimg1.intermarche.com/pt/Content/images/boitmal/produit/zoom/F542477DBDEED3AD6C2F55650254DA51.jpg,,,,2025-09-10T23:59:59+01:00,PROSPECTUS,12,4,,
51959,7622201735012,360.0,Royal,"Gelatina pronta morango sem açúcar, 360g",,1.59,4.42,0,kg,€/Kg,,,https://driveimg1.intermarche.com/pt/Content/images/boitmal/produit/zoom/A3D403F28444BF8A401B5A128CEA6DB8.jpg,,,,2025-09-10T23:59:59+01:00,PROSPECTUS,12,4,,
53163,8445291099418,,Buondi,"Café original nespresso, 10 cápsulas",,3.29,3.29,10,,€/Unidade,,,https://driveimg1.intermarche.com/pt/Content/images/boitmal/produit/zoom/6E46F1C9FB77DF7B2C9479B336DCC810.jpg,,,,2025-09-10T23:59:59+01:00,PROSPECTUS,12,4,,
16042,8410022000025,200.0,Donuts,Donuts classic,Embalagem de 200g,2.19,10.95,0,kg,€/Kg,,,https://driveimg1.intermarche.com/pt/Content/images/boitmal/produit/zoom/E1B9DB77B40B4B4B4AC4E69C7559B6D6.jpg,,,,2025-09-10T23:59:59+01:00,PROSPECTUS,12,4,,
18024,2696283000000,250.0,Pastelaria,"Baguete Constance Cereais, 250 g",,1.09,4.36,0,kg,€/Kg,,,https://driveimg1.intermarche.com/pt/Content/images/boitmal/produit/zoom/CA22C31024FFE026D063A83A78526055.jpg,,,,2025-09-10T23:59:59+01:00,PROSPECTUS,12,4,,
2518,7613033814693,400.0,Nestlé,"Fruta para bebé 7 frutos +6 meses, embalagem de 4 x 100g",,2.39,5.98,0,kg,€/Kg,,,https://driveimg1.intermarche.com/pt/Content/images/boitmal/produit/zoom/18CF4010C8E037B64FBADB6A5A35AF8F.jpg,,,,2025-09-10T23:59:59+01:00,PROSPECTUS,12,4,,
52897,8720181392917,1332.0,Comfort,"Amaciador concentrado essência pure, 74 doses",,3.49,2.62,1332,L,€/L,,,https://driveimg1.intermarche.com/pt/Content/images/boitmal/produit/zoom/F5C0D70B94DAAFB0949EA4EE48242D35.jpg,https://driveimg1.intermarche.com/pt/Content/images/boitmal/produit/zoom/6C81AB307354BD851AD24288672BBAB9.jpg,https://driveimg1.intermarche.com/pt/Content/images/boitmal/produit/zoom/6C81AB307354BD851AD24288672BBAB9.jpg,,2025-09-10T23:59:59+01:00,PROSPECTUS,12,4,,
11465,5601018003608,1000.0,Matinal,"Leite seleccionado magro, de 1l",,1.0,1.0,1000,L,€/L,,,https://driveimg1.intermarche.com/pt/Content/images/boitmal/produit/zoom/F46A1F399BBA63407EB01F30929F5649.jpg,,,,2025-09-10T23:59:59+01:00,PROSPECTUS,12,4,,
13529,2893521000000,1000.0,Peixaria,Pescada do Chile Congelada Nº3,1 un= 1 kg (aprox.),9.99,9.99,0,,€/Kg,,Avantages !,https://driveimg1.intermarche.com/pt/Content/images/boitmal/produit/zoom/40D57D35BBDBDF72027C959F41A6E90C.jpg,,,,2025-09-10T23:59:59+01:00,PROSPECTUS,12,4,,
2786,8410199150905,100.0,Cheetos,"Aperitivos rolitos, embalagem de 100g",,1.49,14.9,0,kg,€/Kg,,,https://driveimg1.intermarche.com/pt/Content/images/boitmal/produit/zoom/F470A36FD76D61EC69758C933CF291DA.jpg,,,,2025-09-10T23:59:59+01:00,PROSPECTUS,12,4,,
44665,8711327488069,1000.0,Lipton,"Ice tea pêssego zero açúcar, garrafa de 1l",,1.39,1.39,1000,L,€/L,,,https://driveimg1.intermarche.com/pt/Content/images/boitmal/produit/zoom/622DEE19E0BF974598DA26024FB08C2F.jpg,,,,2025-09-10T23:59:59+01:00,PROSPECTUS,12,4,,
1328,5601165005760,15.0,Lipton,"10 saquetas infusão de cidreira, embalagem de 20g",,0.74,49.33,0,kg,€/Kg,,,https://driveimg1.intermarche.com/pt/Content/images/boitmal/produit/zoom/8EA72609B2FBFE9A06C9099CA2FDB5E1.jpg,,,,2025-09-10T23:59:59+01:00,PROSPECTUS,12,4,,
37802,5391522472839,750.0,Aptamil,"Leite regular 4, embalagem de 750 g",,10.99,14.65,0,kg,€/Kg,,,https://driveimg1.intermarche.com/pt/Content/images/boitmal/produit/zoom/70425950961725CB7E5908F49498A0D5.jpg,,,,2025-09-10T23:59:59+01:00,PROSPECTUS,12,4,,
50377,8445290351357,,Nescafé,"Dolce gusto sical espresso cafés 99.2 g, embalagem de 16 unidades",,6.39,6.39,16,,€/Unidade,,,https://driveimg1.intermarche.com/pt/Content/images/boitmal/produit/zoom/44FD43160B41B883D60D056B524E6B93.jpg,,,,2025-09-10T23:59:59+01:00,PROSPECTUS,12,4,,
53262,8711327597761,360.0,Cornetto,"Gelado filipinos, 4 x 90ml",,3.89,10.81,360,L,€/L,,Tipo de stockagem,https://driveimg1.intermarche.com/pt/Content/images/boitmal/produit/zoom/187A9562E86FFB8D917A1C414ECC4EB3.jpg,https://driveimg1.intermarche.com/pt/Content/images/boitmal/produit/zoom/B06A234868C6C8C0E9F6DD974D43ACB2.jpg,https://driveimg1.intermarche.com/pt/Content/images/boitmal/produit/zoom/B06A234868C6C8C0E9F6DD974D43ACB2.jpg,,2025-09-10T23:59:59+01:00,PROSPECTUS,12,4,,
940,5601001322402,20.0,Nescafé,"Café solúvel nescafé, embalagem de 20g",,1.49,74.5,0,kg,€/Kg,,,https://driveimg1.intermarche.com/pt/Content/images/boitmal/produit/zoom/BCEBB6129FC84253AC3E2D01F300F9A9.jpg,,,,2025-09-10T23:59:59+01:00,PROSPECTUS,12,4,,
2610,7622300786687,184.0,Milka,Bolachas cookies choco xl,Embalagem de 180g,2.59,14.08,0,kg,€/Kg,,,https://driveimg1.intermarche.com/pt/Content/images/boitmal/produit/zoom/D3E5ABE6161C1B56E7BE6787BAC3C256.jpg,,,,2025-09-10T23:59:59+01:00,PROSPECTUS,12,4,,
36945,8719200009899,500.0,Vaqueiro,"Margarina líquida, embalagem de 500 ml",,2.49,4.98,500,L,€/L,,,https://driveimg1.intermarche.com/pt/Content/images/boitmal/produit/zoom/03FECF6E7878193CA48B473E5C2E3939.jpg,,,,2025-09-10T23:59:59+01:00,PROSPECTUS,12,4,,
392,8712566173860,68.0,Knorr,"Canja com aletria, embalagem de 70g",,1.69,24.85,0,kg,€/Kg,,,https://driveimg1.intermarche.com/pt/Content/images/boitmal/produit/zoom/0FDE190C3180267DE92D355FE905E718.jpg,,,,2025-09-10T23:59:59+01:00,PROSPECTUS,12,4,,
419,8718114882536,50.0,Knorr,"Sopa de cebola, embalagem de 50g",,1.69,33.8,0,kg,€/Kg,,,https://driveimg1.intermarche.com/pt/Content/images/boitmal/produit/zoom/40DE8A4B0CCB6E254052E81CFB00180A.jpg,,,,2025-09-10T23:59:59+01:00,PROSPECTUS,12,4,,
43768,7613287121783,187.0,Smarties,"Smarties mini chocolate, 187g",,3.59,19.2,0,kg,€/Kg,,,https://driveimg1.intermarche.com/pt/Content/images/boitmal/produit/zoom/044C78E073B5B5B26D68268157615A9F.jpg,https://driveimg1.intermarche.com/pt/Content/images/boitmal/produit/zoom/E8FEE980732B87942B93ED2D1ABFFA78.jpg,https://driveimg1.intermarche.com/pt/Content/images/boitmal/produit/zoom/E8FEE980732B87942B93ED2D1ABFFA78.jpg,https://driveimg1.intermarche.com/pt/Content/images/boitmal/produit/zoom/E8FEE980732B87942B93ED2D1ABFFA78.jpg,2025-09-10T23:59:59+01:00,PROSPECTUS,12,4,https://driveimg1.intermarche.com/pt/Content/images/boitmal/produit/zoom/E8FEE980732B87942B93ED2D1ABFFA78.jpg,
48030,7613287495259,1020.0,Felix,"Fantastic seleção de peixes em gelatina, embalagem de 12x100g",,5.99,5.87,0,kg,€/Kg,,,https://driveimg1.intermarche.com/pt/Content/images/boitmal/produit/zoom/6C8C86286E27A01458DD382E5FE02A80.jpg,,,,2025-09-10T23:59:59+01:00,PROSPECTUS,12,4,,
483,3033710046645,400.0,Nestlé,"Fruta para bebé maçã manga +6 meses, embalagem de 4 x 100g",,2.39,5.98,0,kg,€/Kg,,,https://driveimg1.intermarche.com/pt/Content/images/boitmal/produit/zoom/B957252E4468B4428B54FDF0DEC950C2.jpg,,,,2025-09-10T23:59:59+01:00,PROSPECTUS,12,4,,
52377,8720181385131,,Skip,Detergente Máquina Roupa Líquido Sabão Natural,100 Doses,11.99,11.99,0,,€/Unidade,,,https://driveimg1.intermarche.com/pt/Content/images/boitmal/produit/zoom/B7482844827C04E8BE654EF9B7B49DD3.jpg,,,,2025-09-10T23:59:59+01:00,PROSPECTUS,12,4,,
52889,8720181385094,945.0,Skip,"Detergente líquido máquina de roupa baby, 21 doses",,3.99,4.22,945,L,€/L,,,https://driveimg1.intermarche.com/pt/Content/images/boitmal/produit/zoom/88B9AA7AC23F4BC407E554F7DDCFF45B.jpg,https://driveimg1.intermarche.com/pt/Content/images/boitmal/produit/zoom/F71A2C4911172C11157AB331E2B3BEF3.jpg,https://driveimg1.intermarche.com/pt/Content/images/boitmal/produit/zoom/F71A2C4911172C11157AB331E2B3BEF3.jpg,,2025-09-10T23:59:59+01:00,PROSPECTUS,12,4,,
54603,8720181292873,760.0,Comfort,"Intensificador perfume tropical, 760ml",,3.49,4.59,760,L,€/L,,,https://driveimg1.intermarche.com/pt/Content/images/boitmal/produit/zoom/72CE6505D84B04718FCBDF6333474C14.jpg,,,,2025-09-10T23:59:59+01:00,PROSPECTUS,12,4,,
16505,8001010085454,280.0,Ponti,"Tomate seco, embalagem de 280g",,2.39,8.54,0,kg,€/Kg,,,https://driveimg1.intermarche.com/pt/Content/images/boitmal/produit/zoom/2298F19E576B3259C716C3773AA1D96D.jpg,,,,2025-09-10T23:59:59+01:00,PROSPECTUS,12,4,,
17419,5601119243781,110.0,Nobre,"Peito de frango fatias finas, embalagem de 110g",,2.39,21.73,0,kg,€/Kg,,,https://driveimg1.intermarche.com/pt/Content/images/boitmal/produit/zoom/568E87E8AE328D133D5414163DCC53D1.jpg,,,,2025-09-10T23:59:59+01:00,PROSPECTUS,12,4,,
20032,5602947000010,750.0,Quinta da Pacheca,Vinho tinto doc douro,Garrafa de 750 ml,7.99,10.65,750,L,€/L,,,https://driveimg1.intermarche.com/pt/Content/images/boitmal/produit/zoom/7E98EA253AD421BB8B156D996574E752.jpg,,,,2025-09-10T23:59:59+01:00,PROSPECTUS,12,4,,
2581,7622300086404,100.0,Milka,"Tablete de chocolate com creme de caramelo, embalagem de 100g",,1.99,19.9,0,kg,€/Kg,,,https://driveimg1.intermarche.com/pt/Content/images/boitmal/produit/zoom/B056CF42D2CA274C5F222D61901AFE29.jpg,,,,2025-09-10T23:59:59+01:00,PROSPECTUS,12,4,,
2629,8000300264388,100.0,Crunch,"Snack de chocolate de leite, embalagem de 100g",,2.39,23.9,0,kg,€/Kg,,,https://driveimg1.intermarche.com/pt/Content/images/boitmal/produit/zoom/2024D1DCB1E4C35894840DBD022C97DE.jpg,,,,2025-09-10T23:59:59+01:00,PROSPECTUS,12,4,,
372,8711200532391,260.0,Calvé,"Molho big burguer, embalagem de 260g",,1.94,7.46,0,kg,€/Kg,,,https://driveimg1.intermarche.com/pt/Content/images/boitmal/produit/zoom/274182EF6D0EFA8A84998CA913A7016C.jpg,https://driveimg1.intermarche.com/pt/Content/images/boitmal/produit/zoom/122719564EBC4BB4D52F039A6C0EDAF1.jpg,,,2025-09-10T23:59:59+01:00,PROSPECTUS,12,4,,
41078,8718951333420,1250.0,Ajax,"Detergente líquido lava-tudo festa das flores primavera, 1.25 litros",,2.24,1.79,1250,L,€/L,,,https://driveimg1.intermarche.com/pt/Content/images/boitmal/produit/zoom/67E1C6EE2E3883C90BF505A7EA63B51E.jpg,,,,2025-09-10T23:59:59+01:00,PROSPECTUS,12,4,,
41895,5000116125784,220.0,Capitão Iglo,"12 nuggets frango polme americano, embalagem de 220g",,3.49,15.86,0,kg,€/Kg,,Tipo de stockagem,https://driveimg1.intermarche.com/pt/Content/images/boitmal/produit/zoom/E342C1C812C93A809F88301C9A1AFE84.jpg,,,,2025-09-10T23:59:59+01:00,PROSPECTUS,12,4,,
42644,5604260303571,1500.0,PorSi,Areia Para Gato Silica Gel 1.5K,,3.49,2.33,0,kg,€/Kg,,,https://driveimg1.intermarche.com/pt/Content/images/boitmal/produit/zoom/ADE2416B5C97F8F9901691182F640EC1.jpg,,,,2025-09-10T23:59:59+01:00,PROSPECTUS,12,4,,
44797,5601151971444,1000.0,Pepsi,"Refrigerante com gás lima, garrafa de 1l",,0.99,0.99,1000,L,€/L,,,https://driveimg1.intermarche.com/pt/Content/images/boitmal/produit/zoom/F6139B7864676362B5646663C891FB0D.jpg,,,,2025-09-10T23:59:59+01:00,PROSPECTUS,12,4,,
477,3010470159051,2000.0,Friskies,"Ração para gato adulto com coelho, frango e legumes",Embalagem de 2kg,6.74,3.37,0,kg,€/Kg,,,https://driveimg1.intermarche.com/pt/Content/images/boitmal/produit/zoom/7DEEDCA72B128992156D55C0C8DE0876.jpg,,,,2025-09-10T23:59:59+01:00,PROSPECTUS,12,4,,
47782,5604260319985,1000.0,Porsi Vivabem,Bebida De Avelã 1L,,1.29,1.29,1000,L,€/L,,,https://driveimg1.intermarche.com/pt/Content/images/boitmal/produit/zoom/094EAEBDE5D57C017BB756A541CFD9A9.jpg,,,,2025-09-10T23:59:59+01:00,PROSPECTUS,12,4,,
52337,8720181392955,1368.0,Comfort,"Amaciador roupa concentrado creations flor de lótus e lima, 76 doses",,3.99,2.92,1368,L,€/L,,,https://driveimg1.intermarche.com/pt/Content/images/boitmal/produit/zoom/AA557AEC063D2D449E9AD9A05E65B1FD.jpg,,,,2025-09-10T23:59:59+01:00,PROSPECTUS,12,4,,
52339,8720181392924,1368.0,Comfort,"Amaciador Roupa Concentrado Creations Lírios e Morango, 76 doses",,3.99,2.92,1368,L,€/L,,,https://driveimg1.intermarche.com/pt/Content/images/boitmal/produit/zoom/CE8FB9A40EB58A232C2FDE5C1B9A52E7.jpg,,,,2025-09-10T23:59:59+01:00,PROSPECTUS,12,4,,
