identifier,produitEan13,capacite,marque,libelle,conditionnement,prix,unitPrice,volume,typeProduit_uniteByCode,unit_value,pictogrammes_0,pictogrammes_libelleCategorie,images_0,images_1,images_2,avantages_dateFin,avantages_categorie,nro_paginas,page,images_3,images_4,images_5,images_6
17189,5603344531107,110.0,General,"Atum em posta, em azeite, embalagem de 110g",,1.49,13.55,0,kg,€/Kg,,,https://driveimg1.intermarche.com/pt/Content/images/boitmal/produit/zoom/9B578FD57DAE66EA731A200412CF6D79.jpg,,,2025-10-08T23:59:59+01:00,PROSPECTUS,16,1,,,,
1035,5601045105313,6000.0,Serra da estrela,"Água mineral sem gás, pack 4 x 1.5 l",,1.79,0.3,6000,L,€/L,,,https://driveimg1.intermarche.com/pt/Content/images/boitmal/produit/zoom/0358268AAE386D7F610EBE003FAAE9E0.jpg,,,2025-10-08T23:59:59+01:00,PROSPECTUS,16,1,,,,
3526,2894034000000,150.0,Nobre,Fiambre da Perna Extra,1 un = 150 gr (aprox.),2.25,14.99,0,,€/Kg,,,https://driveimg1.intermarche.com/pt/Content/images/boitmal/produit/zoom/C76D05EF052819EDC79567520AD2D260.jpg,,,2025-10-08T23:59:59+01:00,PROSPECTUS,16,1,,,,
13914,2891225000000,350.0,Frango,Perna com Costa,1 un. = 300 g (aprox.),0.77,2.19,0,,€/Kg,,,https://driveimg1.intermarche.com/pt/Content/images/boitmal/produit/zoom/D1297D1CD095629263E582A65B4C3857.jpg,,,2025-10-08T23:59:59+01:00,PROSPECTUS,16,1,,,,
5036,5601028012164,,Renova,"Papel higiénico compacto, extra xxl, 6 rolos",Uma embalagem,2.96,2.96,0,,€/Unidade,,,https://driveimg1.intermarche.com/pt/Content/images/boitmal/produit/zoom/9367736D84791631B6A81B574D2BBA50.jpg,https://driveimg1.intermarche.com/pt/Content/images/boitmal/produit/zoom/1F9398A5B85712D9E30015F112CCAF6E.jpg,https://driveimg1.intermarche.com/pt/Content/images/boitmal/produit/zoom/84ED764CBC37072F87BD089140194A37.jpg,2025-10-08T23:59:59+01:00,PROSPECTUS,16,1,,,,
13048,2893561000000,250.0,Marisco,Ameijoa Branca Vietnamita Congelada,Vendido a partir de 250 gr  (aprox.),0.45,1.79,0,,€/Kg,,Avantages !,https://driveimg1.intermarche.com/pt/Content/images/boitmal/produit/zoom/EB1BC296FF41180E6F3E1626AD4F78AA.jpg,,,2025-10-08T23:59:59+01:00,PROSPECTUS,16,1,,,,
13966,2696019000000,450.0,Padaria,Pão Regional Rio Maior Inteiro,1 unidade= 450 g,0.99,2.2,0,kg,€/Kg,,,https://driveimg1.intermarche.com/pt/Content/images/boitmal/produit/zoom/868CC38F01B8F1FD056036A7F49504A8.jpg,,,2025-10-08T23:59:59+01:00,PROSPECTUS,16,1,,,,
32158,4015400917328,480.0,Fairy,"Detergente Liquido da Loiça Limão, 480 ml",,2.54,5.29,480,L,€/L,,,https://driveimg1.intermarche.com/pt/Content/images/boitmal/produit/zoom/4E2BD689329F214554584573973F36ED.jpg,,,2025-10-08T23:59:59+01:00,PROSPECTUS,16,1,,,,
12994,2892524000000,100.0,Legumes,Cenoura Granel,1 un = 100 gr (aprox.),0.08,0.79,0,,€/Kg,,,https://driveimg1.intermarche.com/pt/Content/images/boitmal/produit/zoom/5AEDEF3ED6ABEF24EACEE9C46AA7916F.jpg,,,2025-10-08T23:59:59+01:00,PROSPECTUS,16,1,,,,
7394,3250390426134,700.0,Highland Cross,Whisky,Garrafa de 700 ml,8.15,11.64,700,L,€/L,,,https://driveimg1.intermarche.com/pt/Content/images/boitmal/produit/zoom/42A05CE1AFB33A04856A6A67ACC05EF0.jpg,,,2025-10-08T23:59:59+01:00,PROSPECTUS,16,1,,,,
2474,7613032408602,85.0,Purina Gourmet,"Comida húmida para gato vaca e frango, embalagem de 90g",,0.87,10.24,0,kg,€/Kg,,,https://driveimg1.intermarche.com/pt/Content/images/boitmal/produit/zoom/571C1A9D6D5EE4C101463565EC0CDDDE.jpg,,,2025-10-08T23:59:59+01:00,PROSPECTUS,16,1,,,,
21767,7613035487871,90.0,Nestlé,"Fruta para bebé multifrutas +4 meses, embalagem de 90g",,0.65,7.22,0,kg,€/Kg,,,https://driveimg1.intermarche.com/pt/Content/images/boitmal/produit/zoom/1B1A7DCEC52C23E2760C4FE3A24A75EE.jpg,,,2025-10-08T23:59:59+01:00,PROSPECTUS,16,1,,,,
54316,4064035151324,,Scotch Brite,"Esfregão com Esponja Azul, 3un.",,1.49,1.49,0,,€/Unidade,,,https://driveimg1.intermarche.com/pt/Content/images/boitmal/produit/zoom/A4B005D8CCAAFC71AAB327E2A5FE66C0.jpg,,,2025-10-08T23:59:59+01:00,PROSPECTUS,16,1,,,,
21465,5449000085474,1500.0,Fanta,"Refrigerante com gás de maracujá, garrafa de 1,5 l",,0.99,0.66,1500,L,€/L,,,https://driveimg1.intermarche.com/pt/Content/images/boitmal/produit/zoom/713F7A2E8FF1504D7580CF5EB99232C0.jpg,,,2025-10-08T23:59:59+01:00,PROSPECTUS,16,1,,,,
48862,5604260320592,640.0,Porsi Vivabem,Iogurte Líquido Magro Morango 4X160G,,1.29,2.02,0,kg,€/Kg,,,https://driveimg1.intermarche.com/pt/Content/images/boitmal/produit/zoom/7A77D9267199C24CFF08CB3E2AFF1971.jpg,,,2025-10-08T23:59:59+01:00,PROSPECTUS,16,1,,,,
53804,5604260330607,90.0,Labell,Sab.Exfoliante Alperce 90G,Embalagem de 90g,0.59,6.56,0,kg,€/Kg,,,https://driveimg1.intermarche.com/pt/Content/images/boitmal/produit/zoom/C1A993C26671F0D7065F421E5BD6A818.jpg,,,2025-10-08T23:59:59+01:00,PROSPECTUS,16,1,,,,
14698,7613034570512,90.0,Nestlé,"Fruta para bebé 4 frutas +4 meses, embalagem de 90g",,0.65,7.22,0,kg,€/Kg,,,https://driveimg1.intermarche.com/pt/Content/images/boitmal/produit/zoom/3717C2AF583A80AD83A765BB8032F767.jpg,,,2025-10-08T23:59:59+01:00,PROSPECTUS,16,1,,,,
15687,5000116109234,700.0,Iglo,"Ervilhas, embalagem de 700g",,3.39,4.84,0,kg,€/Kg,,Tipo de stockagem,https://driveimg1.intermarche.com/pt/Content/images/boitmal/produit/zoom/AC9F197DD289CE6E6A9903FC824FDD75.jpg,,,2025-10-08T23:59:59+01:00,PROSPECTUS,16,1,,,,
282,0000080361497,85.0,Purina Gourmet,"Comida húmida para gato pedacinhos em molho com salmão, embalagem de 90g",,0.87,10.24,0,kg,€/Kg,,,https://driveimg1.intermarche.com/pt/Content/images/boitmal/produit/zoom/F3269BDBEA9617D986C45DC8EC354AB3.jpg,,,2025-10-08T23:59:59+01:00,PROSPECTUS,16,1,,,,
13977,2696106000000,,Pastelaria,Folhado de Maçã,1 unidade= 100 g,0.95,0.95,0,,€/Unidade,,,https://driveimg1.intermarche.com/pt/Content/images/boitmal/produit/zoom/C92497D9C6A75CD832651E848AF344C3.jpg,,,2025-10-08T23:59:59+01:00,PROSPECTUS,16,1,,,,
23762,5600202948305,750.0,Valleperro,Vinho doc douro reserva tinto,Garrafa de 0.75 l,4.49,5.99,750,L,€/L,,,https://driveimg1.intermarche.com/pt/Content/images/boitmal/produit/zoom/4FD1538B4F408ABED94BD4577064FA6C.jpg,,,2025-10-08T23:59:59+01:00,PROSPECTUS,16,1,,,,
8383,5601049132995,1000.0,Mimosa,"Leite uht meio gordo, embalagem de 1litro",,0.99,0.99,1000,L,€/L,,,https://driveimg1.intermarche.com/pt/Content/images/boitmal/produit/zoom/6FB52C843F677BD37D399D45BB10B38B.jpg,https://driveimg1.intermarche.com/pt/Content/images/boitmal/produit/zoom/AE810093A08CEBD60415DCC626CF5804.jpg,https://driveimg1.intermarche.com/pt/Content/images/boitmal/produit/zoom/A0562293538F541B1B99592AA046327B.jpg,2025-10-08T23:59:59+01:00,PROSPECTUS,16,1,,,,
28607,5604260278442,640.0,PorSi,Iogurte Líquido Morango E Banana 4X160G,,1.29,2.02,0,kg,€/Kg,,,https://driveimg1.intermarche.com/pt/Content/images/boitmal/produit/zoom/8E84CA7EC8158108F2EF2A62514FF897.jpg,,,2025-10-08T23:59:59+01:00,PROSPECTUS,16,1,,,,
46714,5604260318742,,PorSi,Papel Higiénico Branco 3 Folhas 12 Rolos,,3.79,3.79,0,,€/Unidade,,,https://driveimg1.intermarche.com/pt/Content/images/boitmal/produit/zoom/302F6B4FE48393BA7E5D666ED55E249B.jpg,,,2025-10-08T23:59:59+01:00,PROSPECTUS,16,1,,,,
2312,5604260271832,185.0,PorSi,Cogumelos Laminados 355G,,1.19,6.43,0,kg,€/Kg,,,https://driveimg1.intermarche.com/pt/Content/images/boitmal/produit/zoom/60708037644026A27C2FB6731A0DAB33.jpg,,,2025-10-08T23:59:59+01:00,PROSPECTUS,16,1,,,,
12889,2892175000000,150.0,Fruta,Kiwi categoria II,1 un = 150 gr (aprox.),0.57,3.79,0,,€/Kg,,,https://driveimg1.intermarche.com/pt/Content/images/boitmal/produit/zoom/39D74C337E358C98856B0EB2FC79D7A8.jpg,,,2025-10-08T23:59:59+01:00,PROSPECTUS,16,1,,,,
13866,2891048000000,1000.0,Porco,Bifanas,Vendido ao peso a partir de 1 kg,4.49,4.49,0,,€/Kg,,,https://driveimg1.intermarche.com/pt/Content/images/boitmal/produit/zoom/72DE0DA6B485199AC995C629E3E4D279.jpg,,,2025-10-08T23:59:59+01:00,PROSPECTUS,16,1,,,,
19447,5604260278473,640.0,PorSi,Iogurte Líquido Frutos Vermelhos 4X160G,,1.29,2.02,0,kg,€/Kg,,,https://driveimg1.intermarche.com/pt/Content/images/boitmal/produit/zoom/8581A11FFE819B3D2A07520BA73EC4AF.jpg,,,2025-10-08T23:59:59+01:00,PROSPECTUS,16,1,,,,
12928,2892050000000,2000.0,Fruta,Abacaxi,1 un = 2kg ( aprox.),2.18,1.09,0,,€/Kg,,,https://driveimg1.intermarche.com/pt/Content/images/boitmal/produit/zoom/90A3F01E4C59C42862CFF43094D79900.jpg,,,2025-10-08T23:59:59+01:00,PROSPECTUS,16,1,,,,
13893,2891043000000,1000.0,Porco,Entrecosto,Vendido ao peso a partir de 1 kg,3.99,3.99,0,,€/Kg,,,https://driveimg1.intermarche.com/pt/Content/images/boitmal/produit/zoom/AA05EE99D302D59771FCC108473E0700.jpg,,,2025-10-08T23:59:59+01:00,PROSPECTUS,16,1,,,,
13947,2891125000000,150.0,Peru,Espetadas de Peru,1 un = 150 gr (aprox.),1.02,6.79,0,,€/Kg,,,https://driveimg1.intermarche.com/pt/Content/images/boitmal/produit/zoom/7051DD49B64096A6B46E7815DD618A85.jpg,,,2025-10-08T23:59:59+01:00,PROSPECTUS,16,1,,,,
18296,5604260278428,640.0,PorSi,Iogurte Líquido Piña Colada 4X160G,,1.29,2.02,0,kg,€/Kg,,,https://driveimg1.intermarche.com/pt/Content/images/boitmal/produit/zoom/5A721600651A4B2D8315117682047D7D.jpg,,,2025-10-08T23:59:59+01:00,PROSPECTUS,16,1,,,,
21291,2891140000000,1000.0,Porco,Cachaço s/ Osso,Vendido ao peso a partir de 1 kg,5.29,5.29,0,,€/Kg,,,https://driveimg1.intermarche.com/pt/Content/images/boitmal/produit/zoom/7E3931887AC2DD400F13FFEDAE44781A.jpg,,,2025-10-08T23:59:59+01:00,PROSPECTUS,16,1,,,,
28608,5604260282821,640.0,PorSi,Iogurte Líquido Frutos Tropicais 4X160G,,1.29,2.02,0,kg,€/Kg,,,https://driveimg1.intermarche.com/pt/Content/images/boitmal/produit/zoom/B152BCFD6AE7E62A7FDFE1104F2B5961.jpg,,,2025-10-08T23:59:59+01:00,PROSPECTUS,16,1,,,,
36627,5604260294398,1000.0,PorSi,Arroz Vaporizado 1000G,,1.25,1.25,0,kg,€/Kg,,,https://driveimg1.intermarche.com/pt/Content/images/boitmal/produit/zoom/C0D560042F7DB18E737B2402604E7AC3.jpg,,,2025-10-08T23:59:59+01:00,PROSPECTUS,16,1,,,,
12082,5604260259328,1200.0,PorSi,"Ice tea, pêssego","Embalagem de 6x0,20 l",1.19,0.99,1200,L,€/L,,,https://driveimg1.intermarche.com/pt/Content/images/boitmal/produit/zoom/E5492D3F1C8FA01F95347B084F719ADF.jpg,,,2025-10-08T23:59:59+01:00,PROSPECTUS,16,1,,,,
21292,5604260263837,250.0,PorSi,Alho Seco,Embalagem: 250 g  ,1.49,5.96,0,kg,€/Kg,,,https://driveimg1.intermarche.com/pt/Content/images/boitmal/produit/zoom/9CACD04AEB53BB065A4A6DA5A64A1473.jpg,,,2025-10-08T23:59:59+01:00,PROSPECTUS,16,1,,,,
52604,5604260329595,150.0,PorSi,Presunto Fatiad0 6 Meses 120G,,1.69,11.27,0,kg,€/Kg,,,https://driveimg1.intermarche.com/pt/Content/images/boitmal/produit/zoom/F218E9C067BA009435A3D29CC4760B24.jpg,,,2025-10-08T23:59:59+01:00,PROSPECTUS,16,1,,,,
23277,5604260281268,150.0,Porsi Programa Origens,Salada Aromatica 150G,,1.39,9.27,0,kg,€/Kg,,,https://driveimg1.intermarche.com/pt/Content/images/boitmal/produit/zoom/C822174AC715DAAEACE1CDBB865D9449.jpg,,,2025-10-08T23:59:59+01:00,PROSPECTUS,16,1,,,,
23278,5604260281282,250.0,Porsi Programa Origens,Salada Toscana 250G,,1.39,5.56,0,kg,€/Kg,,,https://driveimg1.intermarche.com/pt/Content/images/boitmal/produit/zoom/829819BF310BA689C7002E0655E64BF5.jpg,,,2025-10-08T23:59:59+01:00,PROSPECTUS,16,1,,,,
29899,2696008000000,,Padaria,Bola Rústica,85 g,0.27,0.27,0,,€/Unidade,,,https://driveimg1.intermarche.com/pt/Content/images/boitmal/produit/zoom/06C705452DA793A390CC49C0690F6BDD.jpg,,,2025-10-08T23:59:59+01:00,PROSPECTUS,16,1,,,,
34239,5604260285495,1500.0,PorSi,Pera rocha categoria II Programa Origens,Embalagem de 1.5 kg,2.49,1.66,0,kg,€/Kg,,,https://driveimg1.intermarche.com/pt/Content/images/boitmal/produit/zoom/F6E3096BF97BB2633EACD15A32FEACF7.jpg,https://driveimg1.intermarche.com/pt/Content/images/boitmal/produit/zoom/11ABC193A8AF1413E11E1849F00D2775.jpg,,2025-10-08T23:59:59+01:00,PROSPECTUS,16,1,,,,
36774,5604260300686,640.0,PorSi,Iogurte Líquido Stracciatella 4X160G,,1.29,2.02,0,kg,€/Kg,,,https://driveimg1.intermarche.com/pt/Content/images/boitmal/produit/zoom/C2FFBE33474D478DB26278409ED4B240.jpg,,,2025-10-08T23:59:59+01:00,PROSPECTUS,16,1,,,,
47005,5604260315154,140.0,PorSi,Iogurte Bicompartimentado Com Drageias Coloridas 140G,,0.58,4.14,0,kg,€/Kg,,,https://driveimg1.intermarche.com/pt/Content/images/boitmal/produit/zoom/E508BCBD83036F362863D6F44BCBDFC1.jpg,,,2025-10-08T23:59:59+01:00,PROSPECTUS,16,1,,,,
52566,5604260329502,555.0,PorSi,Cogumelos Laminados,Pack de 3 x 185 g,2.25,4.05,0,kg,€/Kg,,,https://driveimg1.intermarche.com/pt/Content/images/boitmal/produit/zoom/CAE31729F1814975AABE2147FB00CFB2.jpg,,,2025-10-08T23:59:59+01:00,PROSPECTUS,16,1,,,,
10914,3250390011620,200.0,Páturages,Queijo brie 60% mg,Embalagem de 200 g,1.75,8.75,0,kg,€/Kg,,,https://driveimg1.intermarche.com/pt/Content/images/boitmal/produit/zoom/4BF7058D0138CA4DFA3E37B503FC8E28.jpg,,,2025-10-08T23:59:59+01:00,PROSPECTUS,16,1,,,,
11641,5601180001020,1000.0,Vigor,Leite pasteurizado meio gordo,Garrafa de 1 l,1.0,1.0,1000,L,€/L,,,https://driveimg1.intermarche.com/pt/Content/images/boitmal/produit/zoom/C25BCB5001E1A92DAA543A65EC5B2802.jpg,,,2025-10-08T23:59:59+01:00,PROSPECTUS,16,1,,,,
11967,5601049612336,250.0,Mimosa,"Manteiga com sal, embalagem de 250g",,2.19,8.76,0,kg,€/Kg,,,https://driveimg1.intermarche.com/pt/Content/images/boitmal/produit/zoom/2C2D066D904F137421CA4F472DC07738.jpg,https://driveimg1.intermarche.com/pt/Content/images/boitmal/produit/zoom/B59AE74FD0DBE6C3112F001AFF69E867.jpg,https://driveimg1.intermarche.com/pt/Content/images/boitmal/produit/zoom/BB9196C3025886DBB6F20EDD70A1CA7A.jpg,2025-10-08T23:59:59+01:00,PROSPECTUS,16,1,,,,
2309,5604260271801,2000.0,PorSi,Cola Zero 2L,,0.79,0.4,2000,L,€/L,,,https://driveimg1.intermarche.com/pt/Content/images/boitmal/produit/zoom/B3B2D30749328B98E0A5409203C1AF4C.jpg,,,2025-10-08T23:59:59+01:00,PROSPECTUS,16,1,,,,
25883,5449000008763,1500.0,Fanta,"Refrigerante com gás laranja, garrafa de 1,5 l",,0.99,0.66,1500,L,€/L,,,https://driveimg1.intermarche.com/pt/Content/images/boitmal/produit/zoom/FC51AAD13F2C3DD9969EDD9F1221FFFF.jpg,,,2025-10-08T23:59:59+01:00,PROSPECTUS,16,1,,,,
26047,8412600070994,650.0,Bimbo,Pão de forma s/ côdea,Embalagem de 650 g,2.09,3.22,0,kg,€/Kg,,,https://driveimg1.intermarche.com/pt/Content/images/boitmal/produit/zoom/5D9620F17746A1D49642D0DCBD72A2D3.jpg,,,2025-10-08T23:59:59+01:00,PROSPECTUS,16,1,,,,
48138,5604260323302,2000.0,PorSi,Amaciador Roupa Concentrado Spa 80D,,1.65,0.83,2000,L,€/L,,,https://driveimg1.intermarche.com/pt/Content/images/boitmal/produit/zoom/B55A72265AD19CED3CBED903155DF619.jpg,,,2025-10-08T23:59:59+01:00,PROSPECTUS,16,1,,,,
56395,5604260334636,640.0,Porsi Vivabem,Iogurte Líquido Magro Piña Colada 4X160G,,1.29,2.02,0,kg,€/Kg,,,https://driveimg1.intermarche.com/pt/Content/images/boitmal/produit/zoom/56E2584E43311EB3153172BA46A745DF.jpg,,,2025-10-08T23:59:59+01:00,PROSPECTUS,16,1,,,,
13848,2891015000000,150.0,Novilho,Entremeada Novilho,1 un=150 gr (aprox),1.5,9.99,0,,€/Kg,,,https://driveimg1.intermarche.com/pt/Content/images/boitmal/produit/zoom/E3E6C57F8100820E9FD4FEA74DC60325.jpg,,,2025-10-08T23:59:59+01:00,PROSPECTUS,16,1,,,,
15074,2893812000000,2500.0,Bacalhau,Bacalhau Graúdo da Noruega,1 un = 2.5 kg (aprox.),39.98,15.99,0,,€/Kg,,,https://driveimg1.intermarche.com/pt/Content/images/boitmal/produit/zoom/5B57E89267AA2374EF4EE7D25F5702E7.jpg,,,2025-10-08T23:59:59+01:00,PROSPECTUS,16,1,,,,
17272,2891375000000,800.0,Novilho,Carne p/ Estufar,Vendido ao peso a partir de 800 g,8.79,10.99,0,,€/Kg,,,https://driveimg1.intermarche.com/pt/Content/images/boitmal/produit/zoom/74A9E71258207F3FD300DB35B0F5BB18.jpg,,,2025-10-08T23:59:59+01:00,PROSPECTUS,16,1,,,,
18295,5604260278411,640.0,PorSi,Iogurte Líquido Morango E Cereais 4X160G,,1.29,2.02,0,kg,€/Kg,,,https://driveimg1.intermarche.com/pt/Content/images/boitmal/produit/zoom/CC7C57D6FF01DA47B100009265AA5018.jpg,,,2025-10-08T23:59:59+01:00,PROSPECTUS,16,1,,,,
30638,5607233511584,435.0,Panrico,Pão de Forma Cerealia 14 Cereais e Sementes 0% Açúcares,Embalagem de 440g,1.79,4.11,0,kg,€/Kg,,,https://driveimg1.intermarche.com/pt/Content/images/boitmal/produit/zoom/80E82D3789FD680BAAA3FD45989D08CD.jpg,,,2025-10-08T23:59:59+01:00,PROSPECTUS,16,1,,,,
35749,5603722509667,800.0,Mimosa,"Leite bem essencial chocolate , embalagem de 4 x 200 ml",,1.69,2.11,800,L,€/L,,,https://driveimg1.intermarche.com/pt/Content/images/boitmal/produit/zoom/66BA85F80F98E7331B63BC3D4684C6AC.jpg,,,2025-10-08T23:59:59+01:00,PROSPECTUS,16,1,,,,
41226,5601050036572,440.0,Danone,"Oikos morango, embalagem de 4 x 110g",,2.09,4.75,0,kg,€/Kg,,,https://driveimg1.intermarche.com/pt/Content/images/boitmal/produit/zoom/2653493E2B1190B7D8AE6B95BAB9D958.jpg,,,2025-10-08T23:59:59+01:00,PROSPECTUS,16,1,,,,
44271,8000500179864,600.0,Nutella,"Creme para barrar de avelãs e cacau, embalagem de 600g",,4.99,8.32,0,kg,€/Kg,,,https://driveimg1.intermarche.com/pt/Content/images/boitmal/produit/zoom/938F7887C6458F9D530A4F7D2690249F.jpg,,,2025-10-08T23:59:59+01:00,PROSPECTUS,16,1,,,,
45024,5604260310807,750.0,PorSi,Bolachas Com Recheio Sabor Chocolate 750G,,2.79,3.72,0,kg,€/Kg,,,https://driveimg1.intermarche.com/pt/Content/images/boitmal/produit/zoom/29B3BB2934636886F199750FCAEBCBBC.jpg,,,2025-10-08T23:59:59+01:00,PROSPECTUS,16,1,,,,
46715,5604260318759,,PorSi,Papel Higiénico Branco 4 Folhas 12 Rolos,,4.49,4.49,0,,€/Unidade,,,https://driveimg1.intermarche.com/pt/Content/images/boitmal/produit/zoom/71B84E02290AD35D82ACC6CF2D01690A.jpg,,,2025-10-08T23:59:59+01:00,PROSPECTUS,16,1,,,,
56320,5604260330935,122.0,PorSi,Iogurte Bicompartimentado Com Bolas Crocantes De Chocolate 122G,,0.58,4.75,0,kg,€/Kg,,,https://driveimg1.intermarche.com/pt/Content/images/boitmal/produit/zoom/33EBF5CA202F2B5511FF1775032C92B8.jpg,,,2025-10-08T23:59:59+01:00,PROSPECTUS,16,1,,,,
5925,5604260256891,2000.0,PorSi,Lava Tudo Perfumado Floral,,0.99,0.5,2000,L,€/L,,,https://driveimg1.intermarche.com/pt/Content/images/boitmal/produit/zoom/F01E0A9A550FA76DA5066F589EA8BBFA.jpg,,,2025-10-08T23:59:59+01:00,PROSPECTUS,16,1,,,,
10094,8435257040776,640.0,Nestlé,"Iogurte líquido yoggi banana, embalagem de 4 x 160 g",,1.99,3.11,0,kg,€/Kg,,,https://driveimg1.intermarche.com/pt/Content/images/boitmal/produit/zoom/6885FCEF2FEF4752D565E64A3BDEE242.jpg,,,2025-10-08T23:59:59+01:00,PROSPECTUS,16,1,,,,
10095,8435257040899,640.0,Nestlé,"Iogurte líquido yoggi morango, embalagem de 4 x 160g",,1.99,3.11,0,kg,€/Kg,,,https://driveimg1.intermarche.com/pt/Content/images/boitmal/produit/zoom/BCBB1C4518CDF8045B46EB41CD173E54.jpg,,,2025-10-08T23:59:59+01:00,PROSPECTUS,16,1,,,,
11961,5603722505607,1000.0,Mimosa,"Leite sem lactose meio gordo, de 1l",,1.15,1.15,1000,L,€/L,,,https://driveimg1.intermarche.com/pt/Content/images/boitmal/produit/zoom/A98ED8A0E5E675A3AC1A551BCE75B0AB.jpg,https://driveimg1.intermarche.com/pt/Content/images/boitmal/produit/zoom/4E57BFE09E8D859BDBE1705476BB9F1B.jpg,https://driveimg1.intermarche.com/pt/Content/images/boitmal/produit/zoom/E1F70144AAFCC0EAEBFF05614177D009.jpg,2025-10-08T23:59:59+01:00,PROSPECTUS,16,1,,,,
12083,5604260259335,1200.0,PorSi,Ice tea de manga,"Embalagem de 6x0,20 l",1.19,0.99,1200,L,€/L,,,https://driveimg1.intermarche.com/pt/Content/images/boitmal/produit/zoom/7E8E74D7FBBBBEFEBBE078389B62CE99.jpg,,,2025-10-08T23:59:59+01:00,PROSPECTUS,16,1,,,,
1272,5601151060254,500.0,Compal,"Tomate triturado, embalagem de 500g",,1.49,2.98,0,kg,€/Kg,,,https://driveimg1.intermarche.com/pt/Content/images/boitmal/produit/zoom/F73D2E34D160FB2C4040DA3AD1BBEF87.jpg,,,2025-10-08T23:59:59+01:00,PROSPECTUS,16,1,,,,
1305,5601151862155,500.0,Compal,Polpa de tomate 500g,,1.19,2.38,0,kg,€/Kg,,,https://driveimg1.intermarche.com/pt/Content/images/boitmal/produit/zoom/D9FD9B4F4905971874C5E4127C57C62E.jpg,,,2025-10-08T23:59:59+01:00,PROSPECTUS,16,1,,,,
13839,2891006000000,800.0,Novilho,Bife da Pá,Vendido ao peso a partir de 800 g,9.59,11.99,0,,€/Kg,,,https://driveimg1.intermarche.com/pt/Content/images/boitmal/produit/zoom/5626B1315F40E59D057B37FBCA18064B.jpg,,,2025-10-08T23:59:59+01:00,PROSPECTUS,16,1,,,,
13892,2891041000000,1000.0,Porco,Costeletas do Lombo,Vendido ao peso a partir de 1 kg,4.39,4.39,0,,€/Kg,,,https://driveimg1.intermarche.com/pt/Content/images/boitmal/produit/zoom/589E4AFE71E19AF7FEB32FB0C0E176FF.jpg,,,2025-10-08T23:59:59+01:00,PROSPECTUS,16,1,,,,
14854,2891117000000,2350.0,PorSi,Pato inteiro com miúdos,1 un = 2.250 kg (aprox.),10.53,4.48,0,,€/Kg,,,https://driveimg1.intermarche.com/pt/Content/images/boitmal/produit/zoom/E5F2031D60089F4C13D404725928D593.jpg,,,2025-10-08T23:59:59+01:00,PROSPECTUS,16,1,,,,
18298,5604260278459,640.0,PorSi,Iogurte Líquido Morango 4X160G,,1.29,2.02,0,kg,€/Kg,,,https://driveimg1.intermarche.com/pt/Content/images/boitmal/produit/zoom/BE51EE5E15324D84DD1CD633B09B61D4.jpg,,,2025-10-08T23:59:59+01:00,PROSPECTUS,16,1,,,,
18488,5600744051013,220.0,Saborosa,"Bolacha de manteiga belga original, embalagem de 220g",,1.49,6.77,0,kg,€/Kg,,,https://driveimg1.intermarche.com/pt/Content/images/boitmal/produit/zoom/435E3C8EAE2EA4A45A8BB3A81B14CF20.jpg,,,2025-10-08T23:59:59+01:00,PROSPECTUS,16,1,,,,
20366,7622210981141,150.0,Philadelphia,"Queijo creme de ervas finas, embalagem de 150g",,1.85,12.33,0,kg,€/Kg,,,https://driveimg1.intermarche.com/pt/Content/images/boitmal/produit/zoom/23968A9CE69CBDE38F833889E5601762.jpg,,,2025-10-08T23:59:59+01:00,PROSPECTUS,16,1,,,,
2112,5604260251346,40.0,PorSi,Refresco Pó Laranja/Morango 40G,,0.75,18.75,40,L,€/L,,,https://driveimg1.intermarche.com/pt/Content/images/boitmal/produit/zoom/B59386ECBFD5080505711EEAB4A1849C.jpg,,,2025-10-08T23:59:59+01:00,PROSPECTUS,16,1,,,,
23582,5604260281275,175.0,Porsi Programa Origens,Salada Premium 175G,,1.19,6.8,0,kg,€/Kg,,,https://driveimg1.intermarche.com/pt/Content/images/boitmal/produit/zoom/A8F765E7D8A6C281765A51B35764D182.jpg,,,2025-10-08T23:59:59+01:00,PROSPECTUS,16,1,,,,
251,2696001000000,400.0,Padaria,Baguete,400 g,0.79,1.98,0,kg,€/Kg,,,https://driveimg1.intermarche.com/pt/Content/images/boitmal/produit/zoom/42C2E126B9E5B84C243F0668DEC3869F.jpg,,,2025-10-08T23:59:59+01:00,PROSPECTUS,16,1,,,,
30168,2696660000000,80.0,Padaria,Cacetinho de Trigo,80 g,0.22,2.75,0,kg,€/Kg,,,https://driveimg1.intermarche.com/pt/Content/images/boitmal/produit/zoom/061A32F66C5467484869F7F4ECEA0767.jpg,,,2025-10-08T23:59:59+01:00,PROSPECTUS,16,1,,,,
34876,5604260285488,1500.0,PorSi,Maçã starking categoria II Programa Origens,Embalagem de 1.5 kg,1.99,1.33,0,kg,€/Kg,,,https://driveimg1.intermarche.com/pt/Content/images/boitmal/produit/zoom/AA6B73374DD1E7B1436CB2F99D3B721B.jpg,,,2025-10-08T23:59:59+01:00,PROSPECTUS,16,1,,,,
35542,7613036867405,,Nescafé,"Café em cápsulas dolce gusto ristreto intenso, embalagem de 210g",,10.49,10.49,30,,€/Unidade,,,https://driveimg1.intermarche.com/pt/Content/images/boitmal/produit/zoom/FC99456EA03268527FE0EC549A21D081.jpg,,,2025-10-08T23:59:59+01:00,PROSPECTUS,16,1,,,,
35983,5601027972735,700.0,Bimbo,Pão de forma torradas familiares,Embalagem de 700 g,1.99,2.84,0,kg,€/Kg,,,https://driveimg1.intermarche.com/pt/Content/images/boitmal/produit/zoom/941D42653DC5B120329F1BAE2880C7D0.jpg,,,2025-10-08T23:59:59+01:00,PROSPECTUS,16,1,,,,
36552,3073780897358,240.0,Babybel,"Queijo mini light, embalagem de 12 x 20g",,4.19,17.46,0,kg,€/Kg,,,https://driveimg1.intermarche.com/pt/Content/images/boitmal/produit/zoom/1334EEF91DBCC198916BBD33BB8B7CC0.jpg,,,2025-10-08T23:59:59+01:00,PROSPECTUS,16,1,,,,
41581,5601050036619,440.0,Danone,"Iogurte grego maçã e canela, 4 x 110g",,2.09,4.75,0,kg,€/Kg,,,https://driveimg1.intermarche.com/pt/Content/images/boitmal/produit/zoom/069FA6355B7D02BF816E598F365E6B99.jpg,,,2025-10-08T23:59:59+01:00,PROSPECTUS,16,1,,,,
41713,2696869000000,,Padaria,Baguete rústica,280 g,0.69,0.69,0,,€/Unidade,,,https://driveimg1.intermarche.com/pt/Content/images/boitmal/produit/zoom/6FD1EC597FA149BA45FD972030C46A11.jpg,,,2025-10-08T23:59:59+01:00,PROSPECTUS,16,1,,,,
41774,5604260306718,640.0,PorSi,Iogurte Líquido Melão E Melancia 4X160G,,1.29,2.02,0,kg,€/Kg,,,https://driveimg1.intermarche.com/pt/Content/images/boitmal/produit/zoom/3D049EBF98180DDB91D9E9C5FEA0AFE0.jpg,,,2025-10-08T23:59:59+01:00,PROSPECTUS,16,1,,,,
42625,5604260309832,1000.0,PorSi,Farinha De Trigo Tipo 55 - Sem Fermento 1 Kg,,0.65,0.65,0,kg,€/Kg,,,https://driveimg1.intermarche.com/pt/Content/images/boitmal/produit/zoom/7285DEAD7639923D5011F3B5D9D17D00.jpg,,,2025-10-08T23:59:59+01:00,PROSPECTUS,16,1,,,,
44809,7613035593756,1000.0,Nesquik,"Achocolatado em saco, embalagem de 1 kg",,5.69,5.69,0,kg,€/Kg,,,https://driveimg1.intermarche.com/pt/Content/images/boitmal/produit/zoom/B72BED7B45B21CF0D0F77A499251A582.jpg,,,2025-10-08T23:59:59+01:00,PROSPECTUS,16,1,,,,
45424,5449000205551,1500.0,Sprite,"Refrigerante com gás lima limão, garrafa de 1.5 l",,0.99,0.66,1500,L,€/L,,,https://driveimg1.intermarche.com/pt/Content/images/boitmal/produit/zoom/435BA3924DACD7858B68099757279D0D.jpg,,,2025-10-08T23:59:59+01:00,PROSPECTUS,16,1,,,,
48137,5604260323319,2000.0,PorSi,Amaciador Roupa Concentrado Talco 80D,,1.65,0.83,2000,L,€/L,,,https://driveimg1.intermarche.com/pt/Content/images/boitmal/produit/zoom/19A86120D5B46985AF96636938E62EA9.jpg,,,2025-10-08T23:59:59+01:00,PROSPECTUS,16,1,,,,
53916,5604260333172,285.0,PorSi,Milho Doce Em Grão 300G,,0.99,3.47,0,kg,€/Kg,,,https://driveimg1.intermarche.com/pt/Content/images/boitmal/produit/zoom/531A9C6CC93810353AC348E857100AD3.jpg,,,2025-10-08T23:59:59+01:00,PROSPECTUS,16,1,,,,
5772,5604260025275,200.0,PorSi,Fiambre Extra Fatiado 200G,,1.99,9.95,0,kg,€/Kg,,,https://driveimg1.intermarche.com/pt/Content/images/boitmal/produit/zoom/D60043FB17B2E1700E5D6DA13FFF5B1A.jpg,,,2025-10-08T23:59:59+01:00,PROSPECTUS,16,1,,,,
929,5601001187803,625.0,Nestlé,"Cereais chocapic, 625 g",,3.49,5.58,0,kg,€/Kg,,,https://driveimg1.intermarche.com/pt/Content/images/boitmal/produit/zoom/8DB31C1F3066D48D593AE11B75516670.jpg,,,2025-10-08T23:59:59+01:00,PROSPECTUS,16,1,,,,
9315,5603722509544,1000.0,Mimosa,"Leite 0% lactose magro, de 1l",,1.15,1.15,1000,L,€/L,,,https://driveimg1.intermarche.com/pt/Content/images/boitmal/produit/zoom/0350D0DE44A653A9AB01722B06443E94.jpg,https://driveimg1.intermarche.com/pt/Content/images/boitmal/produit/zoom/DC5219EC1E15E09529E323B7D196FADA.jpg,https://driveimg1.intermarche.com/pt/Content/images/boitmal/produit/zoom/DC48BFFA4281D8016E9FB40168ED4485.jpg,2025-10-08T23:59:59+01:00,PROSPECTUS,16,1,,,,
974,5601024105051,3000.0,Fula,Óleo alimentar,Embalagem 3L,5.85,1.95,3000,L,€/L,,,https://driveimg1.intermarche.com/pt/Content/images/boitmal/produit/zoom/D641E1D4A518E21E0D8C212FCA92F32A.jpg,,,2025-10-08T23:59:59+01:00,PROSPECTUS,16,1,,,,
1135,5601082022758,250.0,Delta,Café torrado lote chávena máquina,Embalagem de 250g,3.99,15.96,0,kg,€/Kg,,,https://driveimg1.intermarche.com/pt/Content/images/boitmal/produit/zoom/13E9F03FF8FB53EE57516E14277CD628.jpg,,,2025-10-08T23:59:59+01:00,PROSPECTUS,16,1,,,,
11974,5603722508752,200.0,Castelões,"Queijo em fatias original, embalagem de 200g",,2.19,10.95,0,kg,€/Kg,,,https://driveimg1.intermarche.com/pt/Content/images/boitmal/produit/zoom/9709716796DE3B121923F09B97DF17ED.jpg,,,2025-10-08T23:59:59+01:00,PROSPECTUS,16,1,,,,
12074,5604260251384,40.0,PorSi,Refresco Pó Manga 40G,,0.75,18.75,40,L,€/L,,,https://driveimg1.intermarche.com/pt/Content/images/boitmal/produit/zoom/E9B1DE692C29B02520B50617AD33CCFD.jpg,,,2025-10-08T23:59:59+01:00,PROSPECTUS,16,1,,,,
12081,5604260259311,1200.0,PorSi,Ice tea de limão,"Embalagem de 6x0,20 l ",1.19,0.99,1200,L,€/L,,,https://driveimg1.intermarche.com/pt/Content/images/boitmal/produit/zoom/5DA708B032874F0DAC494EF009E8E14F.jpg,,,2025-10-08T23:59:59+01:00,PROSPECTUS,16,2,,,,
1226,5601146001507,1500.0,Joi,"Refrigerante sem gás de manga/laranja, garrafa de 1,5 l",,1.29,0.86,1500,L,€/L,,,https://driveimg1.intermarche.com/pt/Content/images/boitmal/produit/zoom/DB9CD865FA14B43795929B354A61BA32.jpg,,,2025-10-08T23:59:59+01:00,PROSPECTUS,16,2,,,,
1270,5601151023150,500.0,Compal,"Polpa de tomate com cebola e alho, embalagem de 500g",,1.49,2.98,0,kg,€/Kg,,,https://driveimg1.intermarche.com/pt/Content/images/boitmal/produit/zoom/195ABA90C0C8B2FE1D9EE0202B59D28C.jpg,,,2025-10-08T23:59:59+01:00,PROSPECTUS,16,2,,,,
1273,5601151060759,410.0,Compal,Feijão branco,Lata de 410 ml,1.09,2.66,410,L,€/L,,,https://driveimg1.intermarche.com/pt/Content/images/boitmal/produit/zoom/5A6C3794FCB1D8B69BF6A56555458115.jpg,,,2025-10-08T23:59:59+01:00,PROSPECTUS,16,2,,,,
1277,5601151122204,1000.0,Compal,"Néctar clássico laranja, embalagem de 1l",,1.49,1.49,1000,L,€/L,,,https://driveimg1.intermarche.com/pt/Content/images/boitmal/produit/zoom/FFA575FB36486FB910B07FE306015FF4.jpg,,,2025-10-08T23:59:59+01:00,PROSPECTUS,16,2,,,,
1287,5601151260753,410.0,Compal,"Grão de bico, lata de 410 ml",,1.09,2.66,410,L,€/L,,,https://driveimg1.intermarche.com/pt/Content/images/boitmal/produit/zoom/731C3C517063722402F07A7D8ECB2B92.jpg,,,2025-10-08T23:59:59+01:00,PROSPECTUS,16,2,,,,
13523,2893515000000,250.0,Peixaria,Lula Congelada,1 un= 250 gr (aprox.),1.25,4.99,0,,€/Kg,,Avantages !,https://driveimg1.intermarche.com/pt/Content/images/boitmal/produit/zoom/B2B7BBDC4CDC3C912C9CD2FEC6D3B682.jpg,,,2025-10-08T23:59:59+01:00,PROSPECTUS,16,2,,,,
13585,2893580000000,250.0,Marisco,Gambão Congelado 20/30,Vendido a partir de 250 (aprox.),2.25,8.99,0,,€/Kg,,Avantages !,https://driveimg1.intermarche.com/pt/Content/images/boitmal/produit/zoom/8045A02528560B0A77B8815B2FADD1B4.jpg,,,2025-10-08T23:59:59+01:00,PROSPECTUS,16,2,,,,
13599,2893594000000,500.0,Peixaria,Red Fish Grande Congelado,1 un = 500 gr (aprox.),2.0,3.99,0,,€/Kg,,Avantages !,https://driveimg1.intermarche.com/pt/Content/images/boitmal/produit/zoom/A3E98972B338DCF46BAA412A17BB9B0C.jpg,,,2025-10-08T23:59:59+01:00,PROSPECTUS,16,2,,,,
13781,2892323000000,250.0,Fruta,Uva Red Globe,1 un = 250 gr  (aprox.),0.62,2.49,0,,€/Kg,,,https://driveimg1.intermarche.com/pt/Content/images/boitmal/produit/zoom/0CB9D5C0FE47F5D642EA2D42574AAC35.jpg,,,2025-10-08T23:59:59+01:00,PROSPECTUS,16,2,,,,
13852,2891020000000,100.0,Novilho,Fígado,1 un = 100 gr (aprox.),0.6,5.99,0,,€/Kg,,,https://driveimg1.intermarche.com/pt/Content/images/boitmal/produit/zoom/7F21D014BF856223502CE366D77F0F5C.jpg,,,2025-10-08T23:59:59+01:00,PROSPECTUS,16,2,,,,
14198,5604260273683,800.0,PorSi,Bolacha Tostada 800 G,,1.69,2.11,0,kg,€/Kg,,,https://driveimg1.intermarche.com/pt/Content/images/boitmal/produit/zoom/B2D5FAAB4BD35CE24623ED7F165261C0.jpg,,,2025-10-08T23:59:59+01:00,PROSPECTUS,16,2,,,,
14372,8712100599392,550.0,Calvé,"Ketchup top down, embalagem de 550g",,2.59,4.71,0,kg,€/Kg,,,https://driveimg1.intermarche.com/pt/Content/images/boitmal/produit/zoom/6D3218F33B22BC3205033BC41E176600.jpg,https://driveimg1.intermarche.com/pt/Content/images/boitmal/produit/zoom/FE7F103C359D2D1FD7BF3FDC8DD381BA.jpg,https://driveimg1.intermarche.com/pt/Content/images/boitmal/produit/zoom/FE7F103C359D2D1FD7BF3FDC8DD381BA.jpg,2025-10-08T23:59:59+01:00,PROSPECTUS,16,2,https://driveimg1.intermarche.com/pt/Content/images/boitmal/produit/zoom/FE7F103C359D2D1FD7BF3FDC8DD381BA.jpg,,,
15566,8410063056180,250.0,Pescanova,"Miolo camarão, 250g",,6.99,27.96,0,kg,€/Kg,,Tipo de stockagem,https://driveimg1.intermarche.com/pt/Content/images/boitmal/produit/zoom/BEE1FF3586E000AD085B4D38C7ACD034.jpg,,,2025-10-08T23:59:59+01:00,PROSPECTUS,16,2,,,,
16492,8718951037847,500.0,Ajax,"Limpa vidros pistola, tripla acção, embalagem de 500 ml",,1.97,3.94,500,L,€/L,,,https://driveimg1.intermarche.com/pt/Content/images/boitmal/produit/zoom/835152AD536CA633AE488A10E244161F.jpg,,,2025-10-08T23:59:59+01:00,PROSPECTUS,16,2,,,,
16891,8410376042528,220.0,Gullón,"Bolachas vitalday recheio iogurte com frutos vermelhos, embalagem de 220g",,1.44,6.55,0,kg,€/Kg,,,https://driveimg1.intermarche.com/pt/Content/images/boitmal/produit/zoom/5AC744E8018CD0E90AE17D4A69AF5204.jpg,,,2025-10-08T23:59:59+01:00,PROSPECTUS,16,2,,,,
18489,5600744051020,198.0,Saborosa,"Bolacha de manteiga belga com chocolate, embalagem de 200g",,1.54,7.78,0,kg,€/Kg,,,https://driveimg1.intermarche.com/pt/Content/images/boitmal/produit/zoom/96C31A82D017146C1ADBA7AC747D4690.jpg,,,2025-10-08T23:59:59+01:00,PROSPECTUS,16,2,,,,
18770,5449000138026,1500.0,Fanta,"Refrigerante com gás de laranja zero, garrafa de 1,5 l",,0.99,0.66,1500,L,€/L,,,https://driveimg1.intermarche.com/pt/Content/images/boitmal/produit/zoom/DE34E5B994CDF7FCC42CE983A86D82DE.jpg,,,2025-10-08T23:59:59+01:00,PROSPECTUS,16,2,,,,
19158,7622210440914,150.0,Philadelphia,"Queijo para barrar sem lactose, embalagem de 150g",,1.85,12.33,0,kg,€/Kg,,,https://driveimg1.intermarche.com/pt/Content/images/boitmal/produit/zoom/B1DD0571BC2C176702566B8D43D989B0.jpg,,,2025-10-08T23:59:59+01:00,PROSPECTUS,16,2,,,,
19586,8435257028057,720.0,Longa vida,"Iogurte aroma 0% tutti fruti/coco, embalagem de 6 x 120g",,2.29,3.18,0,kg,€/Kg,,,https://driveimg1.intermarche.com/pt/Content/images/boitmal/produit/zoom/6FEC33DAE59256CBE3074F3F03199908.jpg,,,2025-10-08T23:59:59+01:00,PROSPECTUS,16,2,,,,
20131,3250392303969,460.0,Páturages,"Sobremesa Paturette Creamy Chocolate,  4X115G",,1.99,4.33,0,kg,€/Kg,,,https://driveimg1.intermarche.com/pt/Content/images/boitmal/produit/zoom/B4DA8A29FFADDD5E831767F9D4B3C532.jpg,,,2025-10-08T23:59:59+01:00,PROSPECTUS,16,2,,,,
2113,5604260251353,40.0,PorSi,Refresco Pó Laranja 40G,,0.75,18.75,40,L,€/L,,,https://driveimg1.intermarche.com/pt/Content/images/boitmal/produit/zoom/0BD7609141091E335DD63DC07F7F01F7.jpg,,,2025-10-08T23:59:59+01:00,PROSPECTUS,16,2,,,,
2115,5604260251377,40.0,PorSi,Refresco Pó Ananas 40G,,0.75,18.75,40,L,€/L,,,https://driveimg1.intermarche.com/pt/Content/images/boitmal/produit/zoom/217CCB94190B59C44F164FC193DC67D0.jpg,,,2025-10-08T23:59:59+01:00,PROSPECTUS,16,2,,,,
2139,5604260255634,125.0,PorSi,Chocolate Em Pó,,0.95,7.6,0,kg,€/Kg,,,https://driveimg1.intermarche.com/pt/Content/images/boitmal/produit/zoom/F7CFB2DE179EB6162C2864B75E9A38DC.jpg,,,2025-10-08T23:59:59+01:00,PROSPECTUS,16,2,,,,
22335,5000116110940,420.0,Capitão Iglo,"15 douradinhos, embalagem de 420g",,4.99,11.88,0,kg,€/Kg,,Tipo de stockagem,https://driveimg1.intermarche.com/pt/Content/images/boitmal/produit/zoom/3973A8C90F686ECB72E76C3B0A0492D4.jpg,,,2025-10-08T23:59:59+01:00,PROSPECTUS,16,2,,,,
23524,5000204922851,750.0,Pato,"Líquido sanitário extra power, marinho, 750 ml",,1.69,2.25,750,L,€/L,,,https://driveimg1.intermarche.com/pt/Content/images/boitmal/produit/zoom/60268FF4016AF8FBA52DB6A9A88D181B.jpg,,,2025-10-08T23:59:59+01:00,PROSPECTUS,16,2,,,,
25054,5603722516597,480.0,Mimosa,"Iogurte magro + gelatina morango, embalagem de 4 x 120g",,1.69,3.52,0,kg,€/Kg,,,https://driveimg1.intermarche.com/pt/Content/images/boitmal/produit/zoom/DAE62B86085E7357EAC285F9FA275047.jpg,,,2025-10-08T23:59:59+01:00,PROSPECTUS,16,2,,,,
26414,5000116110919,1042.0,Capitão Iglo,"50 nuggets de frango, embalagem de 1042g",,12.99,12.47,0,kg,€/Kg,,Tipo de stockagem,https://driveimg1.intermarche.com/pt/Content/images/boitmal/produit/zoom/D97E3080A57234D7462734347713E694.jpg,,,2025-10-08T23:59:59+01:00,PROSPECTUS,16,2,,,,
29613,5604260283538,1000.0,Porsi Vivabem,Bebida De Aveia 0% Açúcares Adicionados 1L,,0.99,0.99,1000,L,€/L,,,https://driveimg1.intermarche.com/pt/Content/images/boitmal/produit/zoom/1EE40BC1DA49C5CE3D084214B1D3D3B9.jpg,,,2025-10-08T23:59:59+01:00,PROSPECTUS,16,2,,,,
32342,5603722517334,200.0,Milhafre,Queijo açoriano fatias de textura cremosa,Embalagem de 200g,2.19,10.95,0,kg,€/Kg,,,https://driveimg1.intermarche.com/pt/Content/images/boitmal/produit/zoom/171D35F4FE014EB04FB3B5636B039DB0.jpg,,,2025-10-08T23:59:59+01:00,PROSPECTUS,16,2,,,,
38418,5411188125808,400.0,Alpro,"Yofu soja e manga sem açúcar adicionado, de 400g",,2.54,6.35,0,kg,€/Kg,,,https://driveimg1.intermarche.com/pt/Content/images/boitmal/produit/zoom/3BB622CE7FCFFFFBE1BDE445F2F172B5.jpg,,,2025-10-08T23:59:59+01:00,PROSPECTUS,16,2,,,,
38560,5601027006447,280.0,Bimbo,Pão de leite 8 un.,Embalagem de 280g,1.99,7.11,0,kg,€/Kg,,,https://driveimg1.intermarche.com/pt/Content/images/boitmal/produit/zoom/6B2CD6A0B581F7726EA51AA0698C6FB6.jpg,https://driveimg1.intermarche.com/pt/Content/images/boitmal/produit/zoom/03428EFF3EBBF0386E77776667460845.jpg,,2025-10-08T23:59:59+01:00,PROSPECTUS,16,2,,,,
405,8712566410910,275.0,Calvé,"Ketchup, embalagem de 275g",,1.48,5.38,0,kg,€/Kg,,,https://driveimg1.intermarche.com/pt/Content/images/boitmal/produit/zoom/9E63EED4B27A252289B8979C188F5B40.jpg,https://driveimg1.intermarche.com/pt/Content/images/boitmal/produit/zoom/0D7B165FF00CA45BD8F6AC077E3CA1EC.jpg,https://driveimg1.intermarche.com/pt/Content/images/boitmal/produit/zoom/0D7B165FF00CA45BD8F6AC077E3CA1EC.jpg,2025-10-08T23:59:59+01:00,PROSPECTUS,16,2,https://driveimg1.intermarche.com/pt/Content/images/boitmal/produit/zoom/0D7B165FF00CA45BD8F6AC077E3CA1EC.jpg,,,
40592,5603722519420,480.0,Mimosa,"Iogurte fruta batida banana, laranja e bolacha, 4 x 120 g",,1.69,3.52,0,kg,€/Kg,,,https://driveimg1.intermarche.com/pt/Content/images/boitmal/produit/zoom/3DD4F4ED13036BE4F0A8D47DB404A192.jpg,,,2025-10-08T23:59:59+01:00,PROSPECTUS,16,2,,,,
40739,5604260302666,2000.0,PorSi,Lava Tudo Perfumado Camomila & Flor De Laranjeira,,0.99,0.5,2000,L,€/L,,,https://driveimg1.intermarche.com/pt/Content/images/boitmal/produit/zoom/EC235B47803E16EEB9720D84212A145E.jpg,,,2025-10-08T23:59:59+01:00,PROSPECTUS,16,2,,,,
40750,5604260304165,1000.0,PorSi,Detergente liquido loiça limão,Garrafa de 1 litro,0.8,0.8,1000,L,€/L,,,https://driveimg1.intermarche.com/pt/Content/images/boitmal/produit/zoom/2532D260202FF646D416E5D63E3F4DF5.jpg,,,2025-10-08T23:59:59+01:00,PROSPECTUS,16,2,,,,
40769,5604260301942,300.0,PorSi,Comida húmida para cão,Embalagem de 300 g,0.75,2.5,0,kg,€/Kg,,,https://driveimg1.intermarche.com/pt/Content/images/boitmal/produit/zoom/D9C4A619B4359B319F6376BE6477D965.jpg,,,2025-10-08T23:59:59+01:00,PROSPECTUS,16,2,,,,
40925,8710522652138,240.0,Calvé,"Maionese top down, embalagem de 240g",,1.48,6.17,0,kg,€/Kg,,,https://driveimg1.intermarche.com/pt/Content/images/boitmal/produit/zoom/ECF2C8ABFC985CAC5B87AA78A2E96931.jpg,https://driveimg1.intermarche.com/pt/Content/images/boitmal/produit/zoom/8E23B17512BCD2C444A6228885CC4217.jpg,https://driveimg1.intermarche.com/pt/Content/images/boitmal/produit/zoom/8E23B17512BCD2C444A6228885CC4217.jpg,2025-10-08T23:59:59+01:00,PROSPECTUS,16,2,https://driveimg1.intermarche.com/pt/Content/images/boitmal/produit/zoom/8E23B17512BCD2C444A6228885CC4217.jpg,https://driveimg1.intermarche.com/pt/Content/images/boitmal/produit/zoom/8E23B17512BCD2C444A6228885CC4217.jpg,,
4110,3250393073519,2500.0,Kings Bräu,Panaché,"Embalagem de 10x0,25 l",3.7,1.48,2500,L,€/L,,,https://driveimg1.intermarche.com/pt/Content/images/boitmal/produit/zoom/A0EFEDCB6E5DA2E10AAC3EACED5D0AFB.jpg,,,2025-10-08T23:59:59+01:00,PROSPECTUS,16,2,,,,
42063,5604260302482,500.0,PorSi,Massa esparguete,Embalagem de 500g,0.75,1.5,0,kg,€/Kg,,,https://driveimg1.intermarche.com/pt/Content/images/boitmal/produit/zoom/A2469288F67759D6D598366E0DBF7154.jpg,,,2025-10-08T23:59:59+01:00,PROSPECTUS,16,2,,,,
43011,5604260307210,300.0,PorSi,Comida húmida para cão de peru,Embalagem de 300 g,0.75,2.5,0,kg,€/Kg,,,https://driveimg1.intermarche.com/pt/Content/images/boitmal/produit/zoom/AE75F326B51996BD6ABA74276377C9ED.jpg,https://driveimg1.intermarche.com/pt/Content/images/boitmal/produit/zoom/A5C82BE522F15BBA14EEE2D9C8DA8265.jpg,https://driveimg1.intermarche.com/pt/Content/images/boitmal/produit/zoom/A5C82BE522F15BBA14EEE2D9C8DA8265.jpg,2025-10-08T23:59:59+01:00,PROSPECTUS,16,2,https://driveimg1.intermarche.com/pt/Content/images/boitmal/produit/zoom/A5C82BE522F15BBA14EEE2D9C8DA8265.jpg,https://driveimg1.intermarche.com/pt/Content/images/boitmal/produit/zoom/A5C82BE522F15BBA14EEE2D9C8DA8265.jpg,https://driveimg1.intermarche.com/pt/Content/images/boitmal/produit/zoom/A5C82BE522F15BBA14EEE2D9C8DA8265.jpg,https://driveimg1.intermarche.com/pt/Content/images/boitmal/produit/zoom/A5C82BE522F15BBA14EEE2D9C8DA8265.jpg
43215,5603722519802,300.0,Castelões,"Queijo curado fatias sem lactose, 2x150g",,3.49,11.63,0,kg,€/Kg,,,https://driveimg1.intermarche.com/pt/Content/images/boitmal/produit/zoom/00AFD4E031A3F72FB642915439BD8EFE.jpg,,,2025-10-08T23:59:59+01:00,PROSPECTUS,16,2,,,,
43391,5604260311361,375.0,PorSi,Cereais Tufados C/ Choc 375G,,2.09,5.57,0,kg,€/Kg,,,https://driveimg1.intermarche.com/pt/Content/images/boitmal/produit/zoom/0428AE1F5CD3BB970CAA041BF746DC66.jpg,https://driveimg1.intermarche.com/pt/Content/images/boitmal/produit/zoom/7E78E95CAFB58715E2FD207B8F077F2E.jpg,https://driveimg1.intermarche.com/pt/Content/images/boitmal/produit/zoom/7E78E95CAFB58715E2FD207B8F077F2E.jpg,2025-10-08T23:59:59+01:00,PROSPECTUS,16,2,https://driveimg1.intermarche.com/pt/Content/images/boitmal/produit/zoom/7E78E95CAFB58715E2FD207B8F077F2E.jpg,,,
44059,5601363012683,160.0,LayS,"Batata frita lisas originais, embalagem de 160g",,1.59,9.94,0,kg,€/Kg,,,https://driveimg1.intermarche.com/pt/Content/images/boitmal/produit/zoom/D6B617CBD0A985504B50100E928DB47C.jpg,,,2025-10-08T23:59:59+01:00,PROSPECTUS,16,2,,,,
44104,2696661000000,90.0,Padaria,Cacetinho de trigo integral,90 g,0.22,2.44,0,kg,€/Kg,,,https://driveimg1.intermarche.com/pt/Content/images/boitmal/produit/zoom/DC4B31D5116A1A43F4BD72090A42EAD2.jpg,,,2025-10-08T23:59:59+01:00,PROSPECTUS,16,2,,,,
44701,5053990156009,175.0,Pringles,"Snacks batata original, embalagem de 175g",,1.99,11.37,0,kg,€/Kg,,,https://driveimg1.intermarche.com/pt/Content/images/boitmal/produit/zoom/BE87AADF1BA674A5818FDF008937F90A.jpg,https://driveimg1.intermarche.com/pt/Content/images/boitmal/produit/zoom/843E1395B62C4B40E91467CF90852642.jpg,https://driveimg1.intermarche.com/pt/Content/images/boitmal/produit/zoom/843E1395B62C4B40E91467CF90852642.jpg,2025-10-08T23:59:59+01:00,PROSPECTUS,16,2,https://driveimg1.intermarche.com/pt/Content/images/boitmal/produit/zoom/843E1395B62C4B40E91467CF90852642.jpg,,,
44702,5053990155354,175.0,Pringles,"Snacks batata sour cream & onion, embalagem de 175g",,1.99,11.37,0,kg,€/Kg,,,https://driveimg1.intermarche.com/pt/Content/images/boitmal/produit/zoom/0C0E56E5BC42C468A1D6A594D5BD0C63.jpg,https://driveimg1.intermarche.com/pt/Content/images/boitmal/produit/zoom/3743B152C095FACA5BB155343DC8A7EE.jpg,https://driveimg1.intermarche.com/pt/Content/images/boitmal/produit/zoom/3743B152C095FACA5BB155343DC8A7EE.jpg,2025-10-08T23:59:59+01:00,PROSPECTUS,16,2,https://driveimg1.intermarche.com/pt/Content/images/boitmal/produit/zoom/3743B152C095FACA5BB155343DC8A7EE.jpg,https://driveimg1.intermarche.com/pt/Content/images/boitmal/produit/zoom/3743B152C095FACA5BB155343DC8A7EE.jpg,,
44763,5449000013231,1500.0,Sprite,"Refrigerante lima limão zero açúcar, garrafa 1.5 l",,0.99,0.66,1500,L,€/L,,,https://driveimg1.intermarche.com/pt/Content/images/boitmal/produit/zoom/CA978886592B1D4304FE94C81DC98A43.jpg,,,2025-10-08T23:59:59+01:00,PROSPECTUS,16,2,,,,
48040,5604260320615,640.0,Porsi Vivabem,Iogurte Líquido Magro Frutos Vermelhos 4X160G,,1.29,2.02,0,kg,€/Kg,,,https://driveimg1.intermarche.com/pt/Content/images/boitmal/produit/zoom/A4279AEF35ED360CFDE5A7B8499B9C67.jpg,https://driveimg1.intermarche.com/pt/Content/images/boitmal/produit/zoom/8BCFC316C76164C4EB30E1CA8663C5AA.jpg,,2025-10-08T23:59:59+01:00,PROSPECTUS,16,2,,,,
48083,5604260323135,1000.0,PorSi,Óleo Alimentar 1L,,1.69,1.69,1000,L,€/L,,,https://driveimg1.intermarche.com/pt/Content/images/boitmal/produit/zoom/E944172459A071A70840EE83F576BC60.jpg,,,2025-10-08T23:59:59+01:00,PROSPECTUS,16,2,,,,
48471,7613035442504,85.0,Purina Gourmet,"Comida húmida gato tartelette com carne de vaca e tomate, 85g",,0.87,10.24,0,kg,€/Kg,,,https://driveimg1.intermarche.com/pt/Content/images/boitmal/produit/zoom/EA678A538E8720908A34BC34C44875CF.jpg,,,2025-10-08T23:59:59+01:00,PROSPECTUS,16,2,,,,
48472,7613035442535,85.0,Purina Gourmet,"Comida húmida gato tartelette com carne de frango/cenoura, 85g",,0.87,10.24,0,kg,€/Kg,,,https://driveimg1.intermarche.com/pt/Content/images/boitmal/produit/zoom/FE2BFA3A67FA184C824076A0562D4232.jpg,,,2025-10-08T23:59:59+01:00,PROSPECTUS,16,2,,,,
50367,5604260326129,300.0,PorSi,Rissois De Pescada 300G,,0.99,3.3,0,kg,€/Kg,,Tipo de stockagem,https://driveimg1.intermarche.com/pt/Content/images/boitmal/produit/zoom/D16961E3B0472C56A6806953B459DF1C.jpg,,,2025-10-08T23:59:59+01:00,PROSPECTUS,16,2,,,,
50454,5603722521829,1208.0,Mimosa,"Iogurte líquido aroma banana e morango, 8 x 151 ml",,2.69,2.23,1208,L,€/L,,,https://driveimg1.intermarche.com/pt/Content/images/boitmal/produit/zoom/AA12AF3CF07E84D8BB18D68CC6DFA3EB.jpg,,,2025-10-08T23:59:59+01:00,PROSPECTUS,16,2,,,,
52598,5601217137975,1710.0,Quanto,"Amaciador roupa concentrado frutos silvestres, 95 doses",,3.99,2.33,1710,L,€/L,,,https://driveimg1.intermarche.com/pt/Content/images/boitmal/produit/zoom/1A92BA40F7151350053A912CC4251BEE.jpg,,,2025-10-08T23:59:59+01:00,PROSPECTUS,16,2,,,,
52600,5601217137951,1710.0,Quanto,"Amaciador roupa concentrado ouro e orquídea branca, 95 doses",,3.99,2.33,1710,L,€/L,,,https://driveimg1.intermarche.com/pt/Content/images/boitmal/produit/zoom/D5BBE20226E42754DBBAD723FC764C65.jpg,,,2025-10-08T23:59:59+01:00,PROSPECTUS,16,2,,,,
52636,8719200269026,400.0,Planta,"Creme vegetal para barrar, 400g",,2.54,6.35,0,kg,€/Kg,,,https://driveimg1.intermarche.com/pt/Content/images/boitmal/produit/zoom/F65911004A3F054AD79E8D4223582388.jpg,,,2025-10-08T23:59:59+01:00,PROSPECTUS,16,2,,,,
52855,5411188137368,400.0,Alpro,"Yofu skyr exótico, 400g",,2.54,6.35,0,kg,€/Kg,,,https://driveimg1.intermarche.com/pt/Content/images/boitmal/produit/zoom/DAC9AE018EB508E38645481AA2644683.jpg,https://driveimg1.intermarche.com/pt/Content/images/boitmal/produit/zoom/5EF9019C19B1CFD1218BF97A6C8EF78D.jpg,https://driveimg1.intermarche.com/pt/Content/images/boitmal/produit/zoom/5EF9019C19B1CFD1218BF97A6C8EF78D.jpg,2025-10-08T23:59:59+01:00,PROSPECTUS,16,2,https://driveimg1.intermarche.com/pt/Content/images/boitmal/produit/zoom/5EF9019C19B1CFD1218BF97A6C8EF78D.jpg,,,
53208,8719200268647,1000.0,Vaqueiro,"Creme vegetal culinária clássico, 1 kg",,2.99,2.99,0,kg,€/Kg,,,https://driveimg1.intermarche.com/pt/Content/images/boitmal/produit/zoom/0735A691FAA77E120C1E24086E19EA16.jpg,https://driveimg1.intermarche.com/pt/Content/images/boitmal/produit/zoom/DD9C237337ADB2608A1427FA94442244.jpg,https://driveimg1.intermarche.com/pt/Content/images/boitmal/produit/zoom/DD9C237337ADB2608A1427FA94442244.jpg,2025-10-08T23:59:59+01:00,PROSPECTUS,16,2,https://driveimg1.intermarche.com/pt/Content/images/boitmal/produit/zoom/DD9C237337ADB2608A1427FA94442244.jpg,,,
53209,8719200268616,250.0,Vaqueiro,"Creme vegetal culinária clássico, 250g",,1.43,5.72,0,kg,€/Kg,,,https://driveimg1.intermarche.com/pt/Content/images/boitmal/produit/zoom/1DED1E9DAECA76ADDCCDF45A9F1F2B22.jpg,https://driveimg1.intermarche.com/pt/Content/images/boitmal/produit/zoom/FFB50D9A6B4B2420D7BA125832D59133.jpg,https://driveimg1.intermarche.com/pt/Content/images/boitmal/produit/zoom/FFB50D9A6B4B2420D7BA125832D59133.jpg,2025-10-08T23:59:59+01:00,PROSPECTUS,16,2,https://driveimg1.intermarche.com/pt/Content/images/boitmal/produit/zoom/FFB50D9A6B4B2420D7BA125832D59133.jpg,,,
53808,5604260330645,90.0,Labell,Sabonete Amêndoas Doces - 90 G,,0.59,6.56,0,kg,€/Kg,,,https://driveimg1.intermarche.com/pt/Content/images/boitmal/produit/zoom/95F94ACEF99D11A3552D2F0CAC9D31E2.jpg,,,2025-10-08T23:59:59+01:00,PROSPECTUS,16,2,,,,
54321,8718951477957,100.0,Colgate,"Pasta De Dentes Tripla Ação, 100ml",,2.14,21.4,100,L,€/L,,,https://driveimg1.intermarche.com/pt/Content/images/boitmal/produit/zoom/314A8AD6D21192FE5E061EE56C598725.jpg,https://driveimg1.intermarche.com/pt/Content/images/boitmal/produit/zoom/9ADDEB220D16C8DAE54C517CBC09DC55.jpg,https://driveimg1.intermarche.com/pt/Content/images/boitmal/produit/zoom/9ADDEB220D16C8DAE54C517CBC09DC55.jpg,2025-10-08T23:59:59+01:00,PROSPECTUS,16,2,https://driveimg1.intermarche.com/pt/Content/images/boitmal/produit/zoom/9ADDEB220D16C8DAE54C517CBC09DC55.jpg,,,
54906,8718951607712,75.0,Colgate,"Pasta De Dentes Max White Purple, 75ml",,3.99,53.2,75,L,€/L,,,https://driveimg1.intermarche.com/pt/Content/images/boitmal/produit/zoom/EC36D1D7DF9B5221C495F146CD0745D4.jpg,,,2025-10-08T23:59:59+01:00,PROSPECTUS,16,2,,,,
54989,8445291133778,200.0,Buondi,"Café Moído Torrado Moagem Universal Exreme Int 12, 200g",,3.89,19.45,0,kg,€/Kg,,,https://driveimg1.intermarche.com/pt/Content/images/boitmal/produit/zoom/F3CA6884AB41C09E9D6A682A4C38E852.jpg,,,2025-10-08T23:59:59+01:00,PROSPECTUS,16,2,,,,
55018,5601027117303,430.0,Bimbo,"Pão de forma com Côdea, 430g",,1.74,4.05,0,kg,€/Kg,,,https://driveimg1.intermarche.com/pt/Content/images/boitmal/produit/zoom/8757FB8F05D49E0A715282DD0C0165A7.jpg,https://driveimg1.intermarche.com/pt/Content/images/boitmal/produit/zoom/4C17DB6C614697DA1B5FB0CE80A911CD.jpg,https://driveimg1.intermarche.com/pt/Content/images/boitmal/produit/zoom/4C17DB6C614697DA1B5FB0CE80A911CD.jpg,2025-10-08T23:59:59+01:00,PROSPECTUS,16,2,,,,
55040,5411188140184,400.0,Alpro,"Yofu Soja Pêssego, 400g",,1.99,4.98,0,kg,€/Kg,,,https://driveimg1.intermarche.com/pt/Content/images/boitmal/produit/zoom/195F8AC7C58210AC0282C72258CD37FB.jpg,,,2025-10-08T23:59:59+01:00,PROSPECTUS,16,2,,,,
55354,8410063095202,1200.0,Pescanova,"Barrinhas Pescada Panada sem Gluten, 1.2Kg",,7.89,6.58,0,kg,€/Kg,,Tipo de stockagem,https://driveimg1.intermarche.com/pt/Content/images/boitmal/produit/zoom/D2F57A76EACAFAE8D2E905FFD81B787B.jpg,,,2025-10-08T23:59:59+01:00,PROSPECTUS,16,2,,,,
56411,5604260333677,750.0,Labell,Gel De Banho Cremoso 750 Ml,,1.39,1.85,750,L,€/L,,,https://driveimg1.intermarche.com/pt/Content/images/boitmal/produit/zoom/63812397800413571F258C3D09EF338D.jpg,,,2025-10-08T23:59:59+01:00,PROSPECTUS,16,2,,,,
5928,5604260256921,2000.0,PorSi,Lava Tudo Perfumado Montanha,,0.99,0.5,2000,L,€/L,,,https://driveimg1.intermarche.com/pt/Content/images/boitmal/produit/zoom/1025C53588751D93B22FC3DF4D839D3B.jpg,,,2025-10-08T23:59:59+01:00,PROSPECTUS,16,2,,,,
6689,8435257022567,720.0,Longa vida,"Iogurte magro morango, embalagem de 6 x 120g",,2.29,3.18,0,kg,€/Kg,,,https://driveimg1.intermarche.com/pt/Content/images/boitmal/produit/zoom/C7D81FD136DA0ED21FA11EE161602678.jpg,,,2025-10-08T23:59:59+01:00,PROSPECTUS,16,2,,,,
8384,5601049133992,1000.0,Mimosa,"Leite uht magro, embalagem de 1litro",,1.0,1.0,1000,L,€/L,,,https://driveimg1.intermarche.com/pt/Content/images/boitmal/produit/zoom/128AB814EBA9C0783B386EB2E0A38CC9.jpg,https://driveimg1.intermarche.com/pt/Content/images/boitmal/produit/zoom/8C350978140C257D0AAD7365CD133F0C.jpg,https://driveimg1.intermarche.com/pt/Content/images/boitmal/produit/zoom/B9BED9F397071733FB4D36CBE39ECDBA.jpg,2025-10-08T23:59:59+01:00,PROSPECTUS,16,2,,,,
927,5601001180903,380.0,Nestlé,Cereais chocapic,Embalagem de 375 g,2.24,5.89,0,kg,€/Kg,,,https://driveimg1.intermarche.com/pt/Content/images/boitmal/produit/zoom/EA69C754779AF0C6F4DD36E6F3A8C272.jpg,,,2025-10-08T23:59:59+01:00,PROSPECTUS,16,2,,,,
9311,5603722502064,250.0,Mimosa,"Manteiga fácil de barrar, embalagem de 250g",,2.24,8.96,0,kg,€/Kg,,,https://driveimg1.intermarche.com/pt/Content/images/boitmal/produit/zoom/FEF75CFD36A5CE8709DF5D4930F11917.jpg,https://driveimg1.intermarche.com/pt/Content/images/boitmal/produit/zoom/A8C47E9F1F12DFE2439D3530C38E2D87.jpg,https://driveimg1.intermarche.com/pt/Content/images/boitmal/produit/zoom/2EE410FD3A0147BBB442FA96902FFF46.jpg,2025-10-08T23:59:59+01:00,PROSPECTUS,16,2,,,,
9723,5604260272525,500.0,PorSi,Iogurte Aroma Banana 4X125G,,0.79,1.58,0,kg,€/Kg,,,https://driveimg1.intermarche.com/pt/Content/images/boitmal/produit/zoom/D2059B4E5A418F64743F693F4C251D07.jpg,,,2025-10-08T23:59:59+01:00,PROSPECTUS,16,2,,,,
980,5601024134488,750.0,Oliveira da Serra,Azeite virgem extra clássico,Embalagem de 750 ml,5.69,7.59,750,L,€/L,,,https://driveimg1.intermarche.com/pt/Content/images/boitmal/produit/zoom/01EF39EFE8396CC9ACA95DC25E9D3412.jpg,,,2025-10-08T23:59:59+01:00,PROSPECTUS,16,2,,,,
10091,8410100059839,360.0,Nestlé,"Queijinho petit nesquik, embalagem de 6 x 60g",,2.99,8.31,0,kg,€/Kg,,,https://driveimg1.intermarche.com/pt/Content/images/boitmal/produit/zoom/88B248C453A669F7E350B1DDEC2F3C33.jpg,,,2025-10-08T23:59:59+01:00,PROSPECTUS,16,2,,,,
1010,5601038300091,240.0,Knorr,"Caldo de galinha 24 cubos, embalagem de 240g",,2.49,10.38,0,kg,€/Kg,,,https://driveimg1.intermarche.com/pt/Content/images/boitmal/produit/zoom/4E25834255892D5C9C1047A286FE9847.jpg,,,2025-10-08T23:59:59+01:00,PROSPECTUS,16,2,,,,
1039,5601045300008,1500.0,Antartica,"Refrigerante com gás guaraná, garrafa de 1,5 l",,1.79,1.19,1500,L,€/L,,,https://driveimg1.intermarche.com/pt/Content/images/boitmal/produit/zoom/649D7CD5951BC9EA2CEFF9A7816AFF2E.jpg,,,2025-10-08T23:59:59+01:00,PROSPECTUS,16,2,,,,
10849,2895261000000,250.0,Dom Pedro,Queijo meio gordo,Vendido ao peso a partir de 250 gr,2.5,9.99,0,,€/Kg,,,https://driveimg1.intermarche.com/pt/Content/images/boitmal/produit/zoom/2E32C351CB5E4755DE882B4BFEA56EE3.jpg,,,2025-10-08T23:59:59+01:00,PROSPECTUS,16,2,,,,
1138,5601082022796,250.0,Delta,Café em grão,Embalagem de 250g,3.99,15.96,0,kg,€/Kg,,,https://driveimg1.intermarche.com/pt/Content/images/boitmal/produit/zoom/A8B4C93555D2897E7B184C0C3550DF4C.jpg,,,2025-10-08T23:59:59+01:00,PROSPECTUS,16,2,,,,
11496,5601049213991,200.0,Mimosa,"Nata uht, embalagem de 200 ml",,0.91,4.55,200,L,€/L,,,https://driveimg1.intermarche.com/pt/Content/images/boitmal/produit/zoom/8FC5ABCE23EB48F851FFE29C53BFA5D9.jpg,,,2025-10-08T23:59:59+01:00,PROSPECTUS,16,2,,,,
11501,5601049612084,125.0,Mimosa,"Manteiga com sal, embalagem de 130g",,1.39,11.12,0,kg,€/Kg,,,https://driveimg1.intermarche.com/pt/Content/images/boitmal/produit/zoom/C0A3DF0B7623AAEE8B7C1B9626AECDDA.jpg,https://driveimg1.intermarche.com/pt/Content/images/boitmal/produit/zoom/1207D37BB442FDD5C918BE023189F00C.jpg,,2025-10-08T23:59:59+01:00,PROSPECTUS,16,2,,,,
11503,5601050019100,600.0,Danone,"Danacol frutos exóticos, embalagem de 6 x 100 g",,2.99,4.98,0,kg,€/Kg,,,https://driveimg1.intermarche.com/pt/Content/images/boitmal/produit/zoom/2A16EAD58E7A10ECD338C77C33D25273.jpg,,,2025-10-08T23:59:59+01:00,PROSPECTUS,16,2,,,,
1162,5601089080607,22.0,Boca Doce,"Pudim baunilha, embalagem de 20g",,0.59,26.82,0,kg,€/Kg,,,https://driveimg1.intermarche.com/pt/Content/images/boitmal/produit/zoom/C404643F48571D5383D4DCCD5944EA22.jpg,,,2025-10-08T23:59:59+01:00,PROSPECTUS,16,2,,,,
11640,5601180000993,1000.0,Vigor,"Leite pasteurizado gordo, de 1l",,1.08,1.08,1000,L,€/L,,,https://driveimg1.intermarche.com/pt/Content/images/boitmal/produit/zoom/12B86C68D7331166E668398B8E667665.jpg,,,2025-10-08T23:59:59+01:00,PROSPECTUS,16,2,,,,
11642,5601180002003,1000.0,Vigor,Leite pasteurizado magro,Garrafa de 1 l,1.0,1.0,1000,L,€/L,,,https://driveimg1.intermarche.com/pt/Content/images/boitmal/produit/zoom/F8C109F76B61C34DDC541F6014AEA1D3.jpg,,,2025-10-08T23:59:59+01:00,PROSPECTUS,16,2,,,,
11656,5601195510128,1000.0,Pedras Salgadas,"Água com gás limão, pack 4 x 0.25 l",,2.19,2.19,1000,L,€/L,,,https://driveimg1.intermarche.com/pt/Content/images/boitmal/produit/zoom/B17C3B681260FB1EF3C3D602C2A48DB7.jpg,,,2025-10-08T23:59:59+01:00,PROSPECTUS,16,2,,,,
1166,5601089080645,22.0,Boca Doce,"Pudim de ananás, 20g",,0.59,26.82,0,kg,€/Kg,,,https://driveimg1.intermarche.com/pt/Content/images/boitmal/produit/zoom/947EE57E4BDB32B5B957FEE191C4497B.jpg,,,2025-10-08T23:59:59+01:00,PROSPECTUS,16,2,,,,
11671,5601217126382,1650.0,Woolite,Detergente líquido p/ máquina lavar roupa cores,"Garrafa de 1,65 l",6.99,4.24,1650,L,€/L,,,https://driveimg1.intermarche.com/pt/Content/images/boitmal/produit/zoom/8C38ED746381E210259B37EA8CABFD0A.jpg,,,2025-10-08T23:59:59+01:00,PROSPECTUS,16,2,,,,
1188,5601119007970,200.0,Nobre,"Salsichas de porco, lata de 200g",,1.39,6.95,0,kg,€/Kg,,,https://driveimg1.intermarche.com/pt/Content/images/boitmal/produit/zoom/F480FC52D56464F3C1B867155F4A37B9.jpg,,,2025-10-08T23:59:59+01:00,PROSPECTUS,16,2,,,,
11950,5603722495106,200.0,Mimosa,"Nata uht light, embalagem de 200 ml",,0.91,4.55,200,L,€/L,,,https://driveimg1.intermarche.com/pt/Content/images/boitmal/produit/zoom/B134F58E2258EB7BCE2AC1B56CF95546.jpg,,,2025-10-08T23:59:59+01:00,PROSPECTUS,16,2,,,,
11959,5603722504945,200.0,Mimosa,"Nata para culinária ligeira, embalagem de 200 ml",,0.91,4.55,200,L,€/L,,,https://driveimg1.intermarche.com/pt/Content/images/boitmal/produit/zoom/34074ECCE8C9D0028618D923D64DF04D.jpg,,,2025-10-08T23:59:59+01:00,PROSPECTUS,16,2,,,,
12286,8001480020696,2000.0,Neoblanc,Lixívia para roupa delicada,Embalagem de 2 l,5.24,2.62,2000,L,€/L,,,https://driveimg1.intermarche.com/pt/Content/images/boitmal/produit/zoom/AA134EE88CA0DF0986A964941E1C5878.jpg,,,2025-10-08T23:59:59+01:00,PROSPECTUS,16,2,,,,
12471,8435257040868,640.0,Nestlé,"Iogurte líquido yoggi morango/banana, embalagem de 4 x 160g",,1.99,3.11,0,kg,€/Kg,,,https://driveimg1.intermarche.com/pt/Content/images/boitmal/produit/zoom/E92C48D7A1A5BA67322D0E6250F5BAFF.jpg,,,2025-10-08T23:59:59+01:00,PROSPECTUS,16,2,,,,
12887,2892089000000,500.0,Fruta,Manga Barco,1 un = 500 gr (aprox.),1.35,2.69,0,,€/Kg,,,https://driveimg1.intermarche.com/pt/Content/images/boitmal/produit/zoom/7DE73DFAB226CDE947BB89C61333D3FE.jpg,,,2025-10-08T23:59:59+01:00,PROSPECTUS,16,2,,,,
1289,5601151313305,1000.0,Compal,"Néctar ananás, embalagem de 1l",,1.49,1.49,1000,L,€/L,,,https://driveimg1.intermarche.com/pt/Content/images/boitmal/produit/zoom/891E0B1998102BF54FA1B9B10C5308DA.jpg,,,2025-10-08T23:59:59+01:00,PROSPECTUS,16,2,,,,
1296,5601151543306,1000.0,Compal,"Néctar de pêra, embalagem de 1l",,1.49,1.49,1000,L,€/L,,,https://driveimg1.intermarche.com/pt/Content/images/boitmal/produit/zoom/20D6CCFACD44697943FB8CAF67B7E4F5.jpg,,,2025-10-08T23:59:59+01:00,PROSPECTUS,16,2,,,,
12980,2892466000000,400.0,Legumes,Alface Roxa,1 un= 400 g (aprox.),1.08,2.69,0,,€/Kg,,,https://driveimg1.intermarche.com/pt/Content/images/boitmal/produit/zoom/5BFEDD87729314DA8B88C6E7E4982E19.jpg,,,2025-10-08T23:59:59+01:00,PROSPECTUS,16,2,,,,
13529,2893521000000,1000.0,Peixaria,Pescada do Chile Congelada Nº3,1 un= 1 kg (aprox.),8.79,8.79,0,,€/Kg,,Avantages !,https://driveimg1.intermarche.com/pt/Content/images/boitmal/produit/zoom/40D57D35BBDBDF72027C959F41A6E90C.jpg,,,2025-10-08T23:59:59+01:00,PROSPECTUS,16,2,,,,
13602,2893597000000,500.0,Peixaria,Pescada Média Argentina Congelada,+ de 500 g,2.0,3.99,0,,€/Kg,,Avantages !,https://driveimg1.intermarche.com/pt/Content/images/boitmal/produit/zoom/0D3A6A42D4C22CDA932A00A286926BF6.jpg,,,2025-10-08T23:59:59+01:00,PROSPECTUS,16,2,,,,
1406,5601228228013,1000.0,Oriente,"Arroz extra longo branco, embalagem de 1kg",,1.34,1.34,0,kg,€/Kg,,,https://driveimg1.intermarche.com/pt/Content/images/boitmal/produit/zoom/4F3085F0F40D276258CC5CECAC69E32C.jpg,,,2025-10-08T23:59:59+01:00,PROSPECTUS,16,3,,,,
1538,5601489134153,500.0,Du Bois de la Roche,"Bolachas crackers sem sal, embalagem de 500g",,2.99,5.98,0,kg,€/Kg,,,https://driveimg1.intermarche.com/pt/Content/images/boitmal/produit/zoom/A3AED4DA2D1415C7EB643F2D474CEC29.jpg,,,2025-10-08T23:59:59+01:00,PROSPECTUS,16,3,,,,
15507,5601050031621,480.0,Danone,"Iogurte activia cremoso coco,  4 x 120 g",,1.99,4.15,0,kg,€/Kg,,,https://driveimg1.intermarche.com/pt/Content/images/boitmal/produit/zoom/C7C13400244FC9F141DCEBAD00E0F9D5.jpg,,,2025-10-08T23:59:59+01:00,PROSPECTUS,16,3,,,,
15800,7613035078369,125.0,Nescafé,"Cappuccino intenso, embalagem de 130g",,2.99,23.92,0,kg,€/Kg,,,https://driveimg1.intermarche.com/pt/Content/images/boitmal/produit/zoom/61DADA7427797DA3A992DAC69018853B.jpg,,,2025-10-08T23:59:59+01:00,PROSPECTUS,16,3,,,,
15921,2696132000000,650.0,Pastelaria,Tarte de Flan,embalagem com 650g,3.99,6.14,0,kg,€/Kg,,,https://driveimg1.intermarche.com/pt/Content/images/boitmal/produit/zoom/27A5BDE3187D3D3C51C647BB82D32136.jpg,,,2025-10-08T23:59:59+01:00,PROSPECTUS,16,3,,,,
15944,7613034290533,45.0,Felix,"Snack para gato crispies salmão e truta, embalagem de 50g",,1.49,33.11,0,kg,€/Kg,,,https://driveimg1.intermarche.com/pt/Content/images/boitmal/produit/zoom/BA37C2A72BA17B7DCCDD54F9C16B9673.jpg,,,2025-10-08T23:59:59+01:00,PROSPECTUS,16,3,,,,
15955,7613032408794,85.0,Purina Gourmet,"Comida húmida para gato peixe do oceano, embalagem de 90g",,0.87,10.24,0,kg,€/Kg,,,https://driveimg1.intermarche.com/pt/Content/images/boitmal/produit/zoom/FEEA8DEA9BB460BB34BF8E0ADF22D62F.jpg,,,2025-10-08T23:59:59+01:00,PROSPECTUS,16,3,,,,
16427,5604260277407,2000.0,PorSi,Lixívia Delicada  2L,,1.19,0.6,2000,L,€/L,,,https://driveimg1.intermarche.com/pt/Content/images/boitmal/produit/zoom/04D235A82CA5C93C045F731FF2ACAE42.jpg,,,2025-10-08T23:59:59+01:00,PROSPECTUS,16,3,,,,
16567,5000116110070,750.0,Iglo,"Esparregado de espinafres, embalagem de 750g",,3.49,4.65,0,kg,€/Kg,,Tipo de stockagem,https://driveimg1.intermarche.com/pt/Content/images/boitmal/produit/zoom/F70E4F5A76F097E6E455FB2FF67D9B6F.jpg,,,2025-10-08T23:59:59+01:00,PROSPECTUS,16,3,,,,
16719,8410376042504,240.0,Gullón,"Bolacha vitalday aveia e chocolate, embalagem de 240g",,1.59,6.63,0,kg,€/Kg,,,https://driveimg1.intermarche.com/pt/Content/images/boitmal/produit/zoom/FBCD683FA557DEEB2756309FDB000BE5.jpg,,,2025-10-08T23:59:59+01:00,PROSPECTUS,16,3,,,,
16720,8410376042511,240.0,Gullón,"Bolacha vitalday frutos vermelhos, embalagem de 240g",,1.44,6.0,0,kg,€/Kg,,,https://driveimg1.intermarche.com/pt/Content/images/boitmal/produit/zoom/48A22A81F8406AAB70991C189FE92BA4.jpg,,,2025-10-08T23:59:59+01:00,PROSPECTUS,16,3,,,,
16857,5603344531114,110.0,General,Atum natural,Embalagem de 110g,1.1,10.0,0,kg,€/Kg,,,https://driveimg1.intermarche.com/pt/Content/images/boitmal/produit/zoom/D147FF3405CBBBAF67756FEDE1B5317A.jpg,,,2025-10-08T23:59:59+01:00,PROSPECTUS,16,3,,,,
17207,8006540943687,1800.0,Fairy,Detergente manual de loiça limão,Embalagem de 2 x 900 ml,6.99,3.88,1800,L,€/L,,,https://driveimg1.intermarche.com/pt/Content/images/boitmal/produit/zoom/B2EE328B1B3FB1BA0162E77ED87C40E9.jpg,,,2025-10-08T23:59:59+01:00,PROSPECTUS,16,3,,,,
17672,8410376045024,150.0,Gullón,"Bolacha digestive sem gluten, embalagem de 150g",,1.94,12.93,0,kg,€/Kg,,,https://driveimg1.intermarche.com/pt/Content/images/boitmal/produit/zoom/B91015F207900CF0515DB2258D489E68.jpg,,,2025-10-08T23:59:59+01:00,PROSPECTUS,16,3,,,,
17827,5603344531022,110.0,General,Atum posta em óleo,Embalagem de 110g,0.99,9.0,0,kg,€/Kg,,,https://driveimg1.intermarche.com/pt/Content/images/boitmal/produit/zoom/6CF8780AD6CFF5E4D2703538338330A5.jpg,,,2025-10-08T23:59:59+01:00,PROSPECTUS,16,3,,,,
17873,8718951037885,500.0,Ajax,"Limpa vidros recarga tripla ação, 500 ml",,1.79,3.58,500,L,€/L,,,https://driveimg1.intermarche.com/pt/Content/images/boitmal/produit/zoom/D0A7A0C399BF07DEEA9FD446034A3D4F.jpg,,,2025-10-08T23:59:59+01:00,PROSPECTUS,16,3,,,,
17893,5601082039817,220.0,Delta Q,Café xl qharacter cápsulas,40 Cápsulas,15.99,72.68,0,kg,€/Kg,,,https://driveimg1.intermarche.com/pt/Content/images/boitmal/produit/zoom/A33D46B8BEAE0A6886B2052A87431B6E.jpg,,,2025-10-08T23:59:59+01:00,PROSPECTUS,16,3,,,,
19585,8435257033822,720.0,Longa vida,"Iogurte magro natural, embalagem de 6 x 120g",,2.29,3.18,0,kg,€/Kg,,,https://driveimg1.intermarche.com/pt/Content/images/boitmal/produit/zoom/0343709B1D70140B7336A86F6CAA12F8.jpg,,,2025-10-08T23:59:59+01:00,PROSPECTUS,16,3,,,,
19607,7613035376625,90.0,Nestlé,Fruta para bebé maçã banana aveia +6 meses,Embalagem de 90g,0.65,7.22,0,kg,€/Kg,,,https://driveimg1.intermarche.com/pt/Content/images/boitmal/produit/zoom/63EF160EDC28D2A349A30B7555DC57D7.jpg,,,2025-10-08T23:59:59+01:00,PROSPECTUS,16,3,,,,
20233,8410436275798,50.0,Sonasol,"Bloco sanitário, Blue Active Floral",Embalagem de 50 g,1.98,39.6,0,kg,€/Kg,,,https://driveimg1.intermarche.com/pt/Content/images/boitmal/produit/zoom/DC5810AD157B74D3DE9D316FD35B4F6E.jpg,,,2025-10-08T23:59:59+01:00,PROSPECTUS,16,3,,,,
20653,5449000003751,1500.0,Fanta,"Refrigerante com gás de ananás, garrafa de 1,5 l",,0.99,0.66,1500,L,€/L,,,https://driveimg1.intermarche.com/pt/Content/images/boitmal/produit/zoom/7C866989F63DB1C45337BB48FE7DF726.jpg,,,2025-10-08T23:59:59+01:00,PROSPECTUS,16,3,,,,
20918,5000116110964,840.0,Capitão Iglo,"30 douradinhos, embalagem de 840g",,8.99,10.7,0,kg,€/Kg,,Tipo de stockagem,https://driveimg1.intermarche.com/pt/Content/images/boitmal/produit/zoom/3C52B0905F2F1ACE3D67359B13FE0331.jpg,,,2025-10-08T23:59:59+01:00,PROSPECTUS,16,3,,,,
20967,5601027002593,175.0,Manhãzitos,5 manhãzitos choco chips,Embalagem de 175 g,2.24,12.8,0,kg,€/Kg,,,https://driveimg1.intermarche.com/pt/Content/images/boitmal/produit/zoom/BE4C58F28F8A49ACD807D3815C0F8DEB.jpg,,,2025-10-08T23:59:59+01:00,PROSPECTUS,16,3,,,,
21120,7622210453327,156.0,Milka,"Bolacha cookie sensations choco, embalagem de 160g",,2.59,16.6,0,kg,€/Kg,,,https://driveimg1.intermarche.com/pt/Content/images/boitmal/produit/zoom/E53F7BCE41465180DC53E06BB2781BB4.jpg,,,2025-10-08T23:59:59+01:00,PROSPECTUS,16,3,,,,
21149,3415581114935,460.0,Haagen Daz,"Salted caramel, embalagem de 460 ml",,5.79,12.59,460,L,€/L,,Tipo de stockagem,https://driveimg1.intermarche.com/pt/Content/images/boitmal/produit/zoom/3221FA219404BC43A0A4240ED9704EE0.jpg,,,2025-10-08T23:59:59+01:00,PROSPECTUS,16,3,,,,
21766,7613035487840,90.0,Nestlé,Fruta para bebé banana laranja bolacha +6 meses,Embalagem de 90g,0.65,7.22,0,kg,€/Kg,,,https://driveimg1.intermarche.com/pt/Content/images/boitmal/produit/zoom/A8104E7B3738DD14CEF192706B16EFC4.jpg,,,2025-10-08T23:59:59+01:00,PROSPECTUS,16,3,,,,
22154,5603722514432,480.0,Mimosa,"Iogurte magro + gelatina framboesa, 4 x 120 g",,1.69,3.52,0,kg,€/Kg,,,https://driveimg1.intermarche.com/pt/Content/images/boitmal/produit/zoom/4B8FFB70093D642C712341C27C8C2BEC.jpg,,,2025-10-08T23:59:59+01:00,PROSPECTUS,16,3,,,,
22155,5603722514418,480.0,Mimosa,"Iogurte magro + gelatina maracujá, embalagem de 4 x 120g",,1.69,3.52,0,kg,€/Kg,,,https://driveimg1.intermarche.com/pt/Content/images/boitmal/produit/zoom/B2A7B7AB3B93EF04DC4E40A9914CBC92.jpg,,,2025-10-08T23:59:59+01:00,PROSPECTUS,16,3,,,,
22451,8076802085738,500.0,Barilla,"Massa alimentícia penne rigate, embalagem de 500g",,1.19,2.38,0,kg,€/Kg,,,https://driveimg1.intermarche.com/pt/Content/images/boitmal/produit/zoom/C0AFC2E79E59A7CBEB8CD3B16752797B.jpg,,,2025-10-08T23:59:59+01:00,PROSPECTUS,16,3,,,,
2308,5604260271795,2000.0,PorSi,Cola 2L,,1.19,0.6,2000,L,€/L,,,https://driveimg1.intermarche.com/pt/Content/images/boitmal/produit/zoom/FAE084877CD5F49373EA9981F15AE891.jpg,,,2025-10-08T23:59:59+01:00,PROSPECTUS,16,3,,,,
23353,5000116112197,375.0,Capitão Iglo,"18 nuggets de frango, embalagem de 380g",,4.99,13.31,0,kg,€/Kg,,Tipo de stockagem,https://driveimg1.intermarche.com/pt/Content/images/boitmal/produit/zoom/F26C89B365D9DC17E138C74AB049DE6B.jpg,,,2025-10-08T23:59:59+01:00,PROSPECTUS,16,3,,,,
23590,5603722514142,1600.0,Agros,"Leite com chocolate, embalagem de 8x200 ml",,2.88,1.8,1600,L,€/L,,,https://driveimg1.intermarche.com/pt/Content/images/boitmal/produit/zoom/4B07C2A65AC5D9D66E12210391EDB136.jpg,,,2025-10-08T23:59:59+01:00,PROSPECTUS,16,3,,,,
2457,7613031213849,340.0,Purina Gourmet,Comida húmida para gato delícias do oceano,Embalagem de 340 g,2.59,7.62,0,kg,€/Kg,,,https://driveimg1.intermarche.com/pt/Content/images/boitmal/produit/zoom/434167A16368A96CB5D1945EBB02F8CB.jpg,,,2025-10-08T23:59:59+01:00,PROSPECTUS,16,3,,,,
24580,3600541946316,400.0,Fructis,Champô força e brilho 2 em 1,Embalagem de 400 ml,5.99,14.98,400,L,€/L,,,https://driveimg1.intermarche.com/pt/Content/images/boitmal/produit/zoom/32C710729147E575D0FF81790BF7E140.jpg,,,2025-10-08T23:59:59+01:00,PROSPECTUS,16,3,,,,
25185,8001090362841,,Evax,Pensos higiénicos liberty normal abas,Embalagem com 12 un.,2.79,2.79,0,,€/Unidade,,,https://driveimg1.intermarche.com/pt/Content/images/boitmal/produit/zoom/08B9620E64423FB759215F697F387CEB.jpg,,,2025-10-08T23:59:59+01:00,PROSPECTUS,16,3,,,,
25214,7613035930551,90.0,Nestlé,"Fruta para bebé maçã banana morango +8 meses, embalagem de 90g",,0.65,7.22,0,kg,€/Kg,,,https://driveimg1.intermarche.com/pt/Content/images/boitmal/produit/zoom/A2E1B043C34553B91FFED35123D220EC.jpg,,,2025-10-08T23:59:59+01:00,PROSPECTUS,16,3,,,,
25215,7613035930582,90.0,Nestlé,"Fruta para bebé maçã manga +6 meses, embalagem de 90g",,0.65,7.22,0,kg,€/Kg,,,https://driveimg1.intermarche.com/pt/Content/images/boitmal/produit/zoom/1A0BFDB38CDBA8991FD9074B384368B9.jpg,,,2025-10-08T23:59:59+01:00,PROSPECTUS,16,3,,,,
25397,8426617014032,90.0,Haribo,"Gomas favoritos açúcar, 90g",,1.04,11.56,0,kg,€/Kg,,,https://driveimg1.intermarche.com/pt/Content/images/boitmal/produit/zoom/1EFF4668A730EBFA293CBDB88FDD711E.jpg,,,2025-10-08T23:59:59+01:00,PROSPECTUS,16,3,,,,
2581,7622300086404,100.0,Milka,"Tablete de chocolate com creme de caramelo, embalagem de 100g",,1.99,19.9,0,kg,€/Kg,,,https://driveimg1.intermarche.com/pt/Content/images/boitmal/produit/zoom/B056CF42D2CA274C5F222D61901AFE29.jpg,,,2025-10-08T23:59:59+01:00,PROSPECTUS,16,3,,,,
2588,7622300270469,150.0,Milka,"Bolachas de chocolate leite, embalagem de 150g",,2.24,14.93,0,kg,€/Kg,,,https://driveimg1.intermarche.com/pt/Content/images/boitmal/produit/zoom/D3835F95E7726A33CA160A344F067F5A.jpg,,,2025-10-08T23:59:59+01:00,PROSPECTUS,16,3,,,,
25881,5601151155257,3000.0,Serra da estrela,"Água sem gás, pack 6 x 0,50 l",,1.99,0.66,3000,L,€/L,,,https://driveimg1.intermarche.com/pt/Content/images/boitmal/produit/zoom/984AE28FD91E1C697070D2BD18A4765A.jpg,,,2025-10-08T23:59:59+01:00,PROSPECTUS,16,3,,,,
2629,8000300264388,100.0,Crunch,"Snack de chocolate de leite, embalagem de 100g",,2.39,23.9,0,kg,€/Kg,,,https://driveimg1.intermarche.com/pt/Content/images/boitmal/produit/zoom/2024D1DCB1E4C35894840DBD022C97DE.jpg,,,2025-10-08T23:59:59+01:00,PROSPECTUS,16,3,,,,
26373,5604260272969,500.0,PorSi,Iogurte Aroma Tutti Frutti 4X125G,,0.79,1.58,0,kg,€/Kg,,,https://driveimg1.intermarche.com/pt/Content/images/boitmal/produit/zoom/13E2CC275953BD792DB7D12BAC2C481D.jpg,,,2025-10-08T23:59:59+01:00,PROSPECTUS,16,3,,,,
26485,3600542034074,400.0,Fructis,Champô Hidraliso,Embalagem de 400 ml,5.99,14.98,400,L,€/L,,,https://driveimg1.intermarche.com/pt/Content/images/boitmal/produit/zoom/0A5BF6BD4C0B7CE0E1D33260CCEBEAEB.jpg,,,2025-10-08T23:59:59+01:00,PROSPECTUS,16,3,,,,
2748,8410063044521,200.0,Pescanova,"Miolo de camarão cozido 40/60, 200 g",,6.39,31.95,0,kg,€/Kg,,Tipo de stockagem,https://driveimg1.intermarche.com/pt/Content/images/boitmal/produit/zoom/D50FF0C33F27025B364B2A0F02EC1F36.jpg,,,2025-10-08T23:59:59+01:00,PROSPECTUS,16,3,,,,
2786,8410199150905,100.0,Cheetos,"Aperitivos rolitos, embalagem de 100g",,1.49,14.9,0,kg,€/Kg,,,https://driveimg1.intermarche.com/pt/Content/images/boitmal/produit/zoom/F470A36FD76D61EC69758C933CF291DA.jpg,,,2025-10-08T23:59:59+01:00,PROSPECTUS,16,3,,,,
27950,5604260281404,450.0,Porsi Programa Origens,Mistura Saborosa 450G,,1.39,3.09,0,kg,€/Kg,,,https://driveimg1.intermarche.com/pt/Content/images/boitmal/produit/zoom/9FC1BB19FC125562EBD7537C69EF7799.jpg,,,2025-10-08T23:59:59+01:00,PROSPECTUS,16,3,,,,
28497,3222270502450,680.0,Purina Gourmet,Comida Húmida para Gato Seleção de Mousses,Embalagem de 680g,4.64,6.82,0,kg,€/Kg,,,https://driveimg1.intermarche.com/pt/Content/images/boitmal/produit/zoom/48B98515C30D063D1F85A14F56AAE58A.jpg,,,2025-10-08T23:59:59+01:00,PROSPECTUS,16,3,,,,
29434,8412600028568,550.0,Bimbo,Pão de forma artesano,550 g,1.99,3.62,0,kg,€/Kg,,,https://driveimg1.intermarche.com/pt/Content/images/boitmal/produit/zoom/3CFE72B428C8815F287AEBF5DD23696F.jpg,,,2025-10-08T23:59:59+01:00,PROSPECTUS,16,3,,,,
29555,8424730008167,150.0,Caravan,Eau de Toilette p/Senhora Nº32,1 Frasco 150ml,9.99,66.6,150,L,€/L,,,https://driveimg1.intermarche.com/pt/Content/images/boitmal/produit/zoom/D33683DBF3B406B10B2E1AFDC058BD2A.jpg,,,2025-10-08T23:59:59+01:00,PROSPECTUS,16,3,,,,
29915,5600826202982,500.0,Prozis,"Manteiga de amendoim cremosa, 500g",,3.69,7.38,0,kg,€/Kg,,,https://driveimg1.intermarche.com/pt/Content/images/boitmal/produit/zoom/6FD303317CEA9E34214EB728EB0D5CFB.jpg,,,2025-10-08T23:59:59+01:00,PROSPECTUS,16,3,,,,
30176,5607238032053,345.0,Casa de Mateus,Doce de abóbora,Embalagem de 345 g,2.79,8.09,0,kg,€/Kg,,,https://driveimg1.intermarche.com/pt/Content/images/boitmal/produit/zoom/6BEBB884284D27C5E59F76E074E3C419.jpg,,,2025-10-08T23:59:59+01:00,PROSPECTUS,16,3,,,,
30414,4015400917304,480.0,Fairy,Detergente Liquido Loiça Original,480 ml,2.54,5.29,480,L,€/L,,,https://driveimg1.intermarche.com/pt/Content/images/boitmal/produit/zoom/BDA62A6B9333A70897E09AEAD0B62BBF.jpg,,,2025-10-08T23:59:59+01:00,PROSPECTUS,16,3,,,,
30879,5601195620124,1000.0,Pedras Salgadas,"Pedras salgadas frutos vermelhos, pack 4 x 0.25 l",,2.19,2.19,1000,L,€/L,,,https://driveimg1.intermarche.com/pt/Content/images/boitmal/produit/zoom/DACC98E3A99D2D4256E058D5E52543E9.jpg,,,2025-10-08T23:59:59+01:00,PROSPECTUS,16,3,,,,
32075,7613036496230,340.0,Purina One,Comida húmida para gato indoor em molho com atum,Embalagem de 340g,2.59,7.62,0,kg,€/Kg,,,https://driveimg1.intermarche.com/pt/Content/images/boitmal/produit/zoom/3841879E8C072CCA15A9C44E736AF30F.jpg,,,2025-10-08T23:59:59+01:00,PROSPECTUS,16,3,,,,
32076,7613036496353,340.0,Purina One,"Comida húmida para gato esterilizado em molho com salmão, 4 x 85g",,2.59,7.62,0,kg,€/Kg,,,https://driveimg1.intermarche.com/pt/Content/images/boitmal/produit/zoom/3F5C404D1E0ED04E5681C0681EDCBF4A.jpg,,,2025-10-08T23:59:59+01:00,PROSPECTUS,16,3,,,,
32326,8002205352009,2000.0,Friskies,Ração para gato adulto com salmão e legumes,Embalagem de 2 kg,6.74,3.37,0,kg,€/Kg,,,https://driveimg1.intermarche.com/pt/Content/images/boitmal/produit/zoom/7BB16DEB21172930AE30D98EA700F916.jpg,,,2025-10-08T23:59:59+01:00,PROSPECTUS,16,3,,,,
32408,5601050034967,600.0,Danone,"Danacol aveia, embalagem de 6 x 100g",,2.99,4.98,0,kg,€/Kg,,,https://driveimg1.intermarche.com/pt/Content/images/boitmal/produit/zoom/5CE656F263120C59B9C0953B21D516B7.jpg,,,2025-10-08T23:59:59+01:00,PROSPECTUS,16,3,,,,
35483,8410436343435,500.0,Sonasol,Spray desengordurante,Embalagem de 500 ml,1.99,3.98,500,L,€/L,,,https://driveimg1.intermarche.com/pt/Content/images/boitmal/produit/zoom/47473DD6CCCCC8BCBCC650E05B76EF50.jpg,,,2025-10-08T23:59:59+01:00,PROSPECTUS,16,3,,,,
35849,5601050035353,440.0,Danone,"Iogurte oikos cheesecake de mirtilo, embalagem de 4 x 110g",,2.09,4.75,0,kg,€/Kg,,,https://driveimg1.intermarche.com/pt/Content/images/boitmal/produit/zoom/4A1EC89AAD14F77718D5CC67F571432A.jpg,,,2025-10-08T23:59:59+01:00,PROSPECTUS,16,3,,,,
35913,5603722498022,800.0,Mimosa,"Leite bem essencial morango , embalagem de 4 x 200 ml",,1.69,2.11,800,L,€/L,,,https://driveimg1.intermarche.com/pt/Content/images/boitmal/produit/zoom/4B6AB6C5E199D6DAC849805FE4702BB4.jpg,,,2025-10-08T23:59:59+01:00,PROSPECTUS,16,3,,,,
36242,5000204117585,,Glade,Ambientador elétrico pure clean linen + recarga,1 unidade,4.49,4.49,0,,€/Unidade,,,https://driveimg1.intermarche.com/pt/Content/images/boitmal/produit/zoom/9A7A8E7742D78EC7287B88FEA90BB41B.jpg,,,2025-10-08T23:59:59+01:00,PROSPECTUS,16,3,,,,
36655,8410436343404,500.0,Sonasol,Spray casa de banho brilhante,Embalagem de 500 ml,1.99,3.98,500,L,€/L,,,https://driveimg1.intermarche.com/pt/Content/images/boitmal/produit/zoom/74C5950FE2E809CF8D1EA09C76858123.jpg,,,2025-10-08T23:59:59+01:00,PROSPECTUS,16,3,,,,
36704,5604260300655,270.0,PorSi,Atum Posta Ao Natural 385G,,2.67,9.89,0,kg,€/Kg,,,https://driveimg1.intermarche.com/pt/Content/images/boitmal/produit/zoom/6E8F48924D1C68054BF8CC7FA6C97A49.jpg,,,2025-10-08T23:59:59+01:00,PROSPECTUS,16,3,,,,
36709,5604260296750,250.0,Porsi Vivabem,Queijo Fresco Teor Gordura Reduzido 4X62.5G,,2.45,9.8,0,kg,€/Kg,,,https://driveimg1.intermarche.com/pt/Content/images/boitmal/produit/zoom/C4EE542A1994DE7774B9C54C8888B672.jpg,,,2025-10-08T23:59:59+01:00,PROSPECTUS,16,3,,,,
36729,5604260296804,480.0,PorSi,Pêssego Metades Em Calda 840G,,1.79,3.73,0,kg,€/Kg,,,https://driveimg1.intermarche.com/pt/Content/images/boitmal/produit/zoom/6B402AC3951DE97E3A72B10B1D0F88FE.jpg,,,2025-10-08T23:59:59+01:00,PROSPECTUS,16,3,,,,
36945,8719200009899,500.0,Vaqueiro,"Margarina líquida, embalagem de 500 ml",,2.49,4.98,500,L,€/L,,,https://driveimg1.intermarche.com/pt/Content/images/boitmal/produit/zoom/03FECF6E7878193CA48B473E5C2E3939.jpg,,,2025-10-08T23:59:59+01:00,PROSPECTUS,16,3,,,,
37807,5604260301096,,PorSi,Fraldas Cueca T4 8-14 Kg - 22 Unidades,,4.39,4.39,0,,€/Unidade,,,https://driveimg1.intermarche.com/pt/Content/images/boitmal/produit/zoom/E914FC52E4DF648503AF722AFBA5C14E.jpg,,,2025-10-08T23:59:59+01:00,PROSPECTUS,16,3,,,,
37923,5604260300990,1000.0,Porsi Vivabem,Bebida De Amêndoa 1L,,1.05,1.05,1000,L,€/L,,,https://driveimg1.intermarche.com/pt/Content/images/boitmal/produit/zoom/74B05726BD16B03D5A528D4778757940.jpg,,,2025-10-08T23:59:59+01:00,PROSPECTUS,16,3,,,,
37924,3250392158118,300.0,Labell Bio,Sabão liquido mãos bio,Embalagem de 300 ml,1.75,5.83,300,L,€/L,,Produtos Bio,https://driveimg1.intermarche.com/pt/Content/images/boitmal/produit/zoom/ED98E34C6B717595BDBA332159A22827.jpg,,,2025-10-08T23:59:59+01:00,PROSPECTUS,16,3,,,,
37948,5601217132697,500.0,Cillitbang,"Spray limpeza casa de banho, embalagem de 500 ml",,2.49,4.98,500,L,€/L,,,https://driveimg1.intermarche.com/pt/Content/images/boitmal/produit/zoom/62E5A8E0A6D5CF81B7A29AA6D1070117.jpg,,,2025-10-08T23:59:59+01:00,PROSPECTUS,16,3,,,,
37989,8410063071206,1000.0,Pescanova,"Tiras do mar, embalagem de 1 kg",,7.79,7.79,0,kg,€/Kg,,Tipo de stockagem,https://driveimg1.intermarche.com/pt/Content/images/boitmal/produit/zoom/05601F6E04A5D43B974FEF47AA3F0757.jpg,,,2025-10-08T23:59:59+01:00,PROSPECTUS,16,3,,,,
38148,5603722519123,1000.0,Milhafre,Leite de Pastagem Biológico Meio Gordo,1 litro,1.18,1.18,1000,L,€/L,,Produtos Bio,https://driveimg1.intermarche.com/pt/Content/images/boitmal/produit/zoom/DCB3EAE989BC2DDA8E3D76C140D59BA5.jpg,,,2025-10-08T23:59:59+01:00,PROSPECTUS,16,3,,,,
38419,5411188129318,400.0,Alpro,"Yofu natural estilo skyr, embalagem de 400g",,2.54,6.35,0,kg,€/Kg,,,https://driveimg1.intermarche.com/pt/Content/images/boitmal/produit/zoom/BDF6850350FBA70EC1AD1C91E2CF4E66.jpg,https://driveimg1.intermarche.com/pt/Content/images/boitmal/produit/zoom/FBD711D42DC64D7360DF74EFEBF0E255.jpg,,2025-10-08T23:59:59+01:00,PROSPECTUS,16,3,,,,
38933,5601151972984,1000.0,Compal,"Compal clássico néctar frutos vermelhos, garrafa de 1l",,1.49,1.49,1000,L,€/L,,,https://driveimg1.intermarche.com/pt/Content/images/boitmal/produit/zoom/92B7D2C96C7CCB854EEB11C98238B069.jpg,,,2025-10-08T23:59:59+01:00,PROSPECTUS,16,3,,,,
38934,5601164863217,500.0,Somersby,"Sidra de maçã, lata de 500 ml",,1.29,2.58,500,L,€/L,,,https://driveimg1.intermarche.com/pt/Content/images/boitmal/produit/zoom/A3D6F4DDF9AFF4F9F8F47269DBD60191.jpg,,,2025-10-08T23:59:59+01:00,PROSPECTUS,16,3,,,,
39305,5601195640122,1000.0,Pedras Salgadas,"Pedras maracujá, pack 4 x 25 cl",,2.19,2.19,1000,L,€/L,,,https://driveimg1.intermarche.com/pt/Content/images/boitmal/produit/zoom/4530A5F4C57E573DC822AE65FB3AE7F0.jpg,,,2025-10-08T23:59:59+01:00,PROSPECTUS,16,3,,,,
39625,5607233533951,385.0,Panrico,Pão cerealia 100% integral,Embalagem de 385g,1.49,3.87,0,kg,€/Kg,,,https://driveimg1.intermarche.com/pt/Content/images/boitmal/produit/zoom/41D40B955E0A17EB04A654C74F17935A.jpg,,,2025-10-08T23:59:59+01:00,PROSPECTUS,16,3,,,,
40743,5604260303236,2500.0,PorSi,Batata pré-frita palitos finos,Embalagem de 2.5 kg,4.49,1.8,0,kg,€/Kg,,Tipo de stockagem,https://driveimg1.intermarche.com/pt/Content/images/boitmal/produit/zoom/8FCE680DBB6DF44B98E9E496D2C58C08.jpg,,,2025-10-08T23:59:59+01:00,PROSPECTUS,16,3,,,,
40831,8717163675038,150.0,Rexona,"Desodorizante spray invisible, embalagem de 150 ml",,2.69,17.93,150,L,€/L,,,https://driveimg1.intermarche.com/pt/Content/images/boitmal/produit/zoom/72984E844ED2A9B77A3E437C7EFE3233.jpg,,,2025-10-08T23:59:59+01:00,PROSPECTUS,16,3,,,,
41121,5029053036151,,Scottex,"Papel Higiénico Húmido fresh, embalagem com 74 unidades",,1.97,1.97,0,,€/Unidade,,,https://driveimg1.intermarche.com/pt/Content/images/boitmal/produit/zoom/C3950416692767A75D861E18C38C6E2D.jpg,,,2025-10-08T23:59:59+01:00,PROSPECTUS,16,3,,,,
41297,5601050036534,440.0,Danone,"Iogurte oikos pêssego, embalagem de 4 x 110g",,2.09,4.75,0,kg,€/Kg,,,https://driveimg1.intermarche.com/pt/Content/images/boitmal/produit/zoom/C2BCC90FB2B192B3C8BC1E9CCF0DA4AF.jpg,,,2025-10-08T23:59:59+01:00,PROSPECTUS,16,3,,,,
41300,5601050036596,440.0,Danone,"Iogurte oikos manga papaya, embalagem de 4 x 110g",,2.09,4.75,0,kg,€/Kg,,,https://driveimg1.intermarche.com/pt/Content/images/boitmal/produit/zoom/407B76EA9B8AB5CE288E3F687A8DBF84.jpg,,,2025-10-08T23:59:59+01:00,PROSPECTUS,16,3,,,,
41384,5601050036602,440.0,Danone,"Iogurte grego oikos stracciatella, embalagem de 4 x 110g",,2.09,4.75,0,kg,€/Kg,,,https://driveimg1.intermarche.com/pt/Content/images/boitmal/produit/zoom/4F7A349ED222FA644F51711D6A4D74B4.jpg,,,2025-10-08T23:59:59+01:00,PROSPECTUS,16,3,,,,
43009,5604260307180,300.0,PorSi,Comida húmida para cão de borrego,Embalagem de 300 g,0.75,2.5,0,kg,€/Kg,,,https://driveimg1.intermarche.com/pt/Content/images/boitmal/produit/zoom/46BB006F9006760CC3B996BFB49A1540.jpg,https://driveimg1.intermarche.com/pt/Content/images/boitmal/produit/zoom/2B27BF4714216FFB4E9E5882412593BE.jpg,https://driveimg1.intermarche.com/pt/Content/images/boitmal/produit/zoom/2B27BF4714216FFB4E9E5882412593BE.jpg,2025-10-08T23:59:59+01:00,PROSPECTUS,16,3,https://driveimg1.intermarche.com/pt/Content/images/boitmal/produit/zoom/2B27BF4714216FFB4E9E5882412593BE.jpg,https://driveimg1.intermarche.com/pt/Content/images/boitmal/produit/zoom/2B27BF4714216FFB4E9E5882412593BE.jpg,https://driveimg1.intermarche.com/pt/Content/images/boitmal/produit/zoom/2B27BF4714216FFB4E9E5882412593BE.jpg,
43010,5604260307203,300.0,PorSi,Comida húmida para cão de pato,Embalagem de 300 g,0.75,2.5,0,kg,€/Kg,,,https://driveimg1.intermarche.com/pt/Content/images/boitmal/produit/zoom/EF517BDA6432D171B79789F9639F2D05.jpg,https://driveimg1.intermarche.com/pt/Content/images/boitmal/produit/zoom/4C76F71764FDB9631AA346622B304BFC.jpg,https://driveimg1.intermarche.com/pt/Content/images/boitmal/produit/zoom/4C76F71764FDB9631AA346622B304BFC.jpg,2025-10-08T23:59:59+01:00,PROSPECTUS,16,3,https://driveimg1.intermarche.com/pt/Content/images/boitmal/produit/zoom/4C76F71764FDB9631AA346622B304BFC.jpg,https://driveimg1.intermarche.com/pt/Content/images/boitmal/produit/zoom/4C76F71764FDB9631AA346622B304BFC.jpg,https://driveimg1.intermarche.com/pt/Content/images/boitmal/produit/zoom/4C76F71764FDB9631AA346622B304BFC.jpg,https://driveimg1.intermarche.com/pt/Content/images/boitmal/produit/zoom/4C76F71764FDB9631AA346622B304BFC.jpg
43012,5604260307197,300.0,PorSi,Comida húmida para cão de frango,Embalagem de 300 g,0.75,2.5,0,kg,€/Kg,,,https://driveimg1.intermarche.com/pt/Content/images/boitmal/produit/zoom/2225898E3C121DD19FEF9F2C0CEB962C.jpg,https://driveimg1.intermarche.com/pt/Content/images/boitmal/produit/zoom/3FD0F0D9955E6135023C13E6B1D173A7.jpg,https://driveimg1.intermarche.com/pt/Content/images/boitmal/produit/zoom/3FD0F0D9955E6135023C13E6B1D173A7.jpg,2025-10-08T23:59:59+01:00,PROSPECTUS,16,3,https://driveimg1.intermarche.com/pt/Content/images/boitmal/produit/zoom/3FD0F0D9955E6135023C13E6B1D173A7.jpg,https://driveimg1.intermarche.com/pt/Content/images/boitmal/produit/zoom/3FD0F0D9955E6135023C13E6B1D173A7.jpg,https://driveimg1.intermarche.com/pt/Content/images/boitmal/produit/zoom/3FD0F0D9955E6135023C13E6B1D173A7.jpg,https://driveimg1.intermarche.com/pt/Content/images/boitmal/produit/zoom/3FD0F0D9955E6135023C13E6B1D173A7.jpg
43291,7622201401900,156.0,Milka,Bolachas cookies sesations,Embalagem de 156g,2.59,16.6,0,kg,€/Kg,,,https://driveimg1.intermarche.com/pt/Content/images/boitmal/produit/zoom/E4935E8728E60FFDD3FDE76C56A7FB53.jpg,,,2025-10-08T23:59:59+01:00,PROSPECTUS,16,3,,,,
43392,5604260311378,375.0,PorSi,Cereais Bolas C/Mel 375G,,1.79,4.77,0,kg,€/Kg,,,https://driveimg1.intermarche.com/pt/Content/images/boitmal/produit/zoom/E686EAE4A3B1CBA594ADC6301BF9F075.jpg,,,2025-10-08T23:59:59+01:00,PROSPECTUS,16,3,,,,
43545,5604260312214,1000.0,PorSi,Tira Nodoas Oxigenio Ativo Cores 1 Kg,,2.78,2.78,0,kg,€/Kg,,,https://driveimg1.intermarche.com/pt/Content/images/boitmal/produit/zoom/5482BA1E615143E188130D88B6D38FB0.jpg,https://driveimg1.intermarche.com/pt/Content/images/boitmal/produit/zoom/942F29948AD682E90D2F3C7D5195DFAE.jpg,https://driveimg1.intermarche.com/pt/Content/images/boitmal/produit/zoom/942F29948AD682E90D2F3C7D5195DFAE.jpg,2025-10-08T23:59:59+01:00,PROSPECTUS,16,3,https://driveimg1.intermarche.com/pt/Content/images/boitmal/produit/zoom/942F29948AD682E90D2F3C7D5195DFAE.jpg,,,
43768,7613287121783,187.0,Smarties,"Smarties mini chocolate, 187g",,3.99,21.34,0,kg,€/Kg,,,https://driveimg1.intermarche.com/pt/Content/images/boitmal/produit/zoom/044C78E073B5B5B26D68268157615A9F.jpg,https://driveimg1.intermarche.com/pt/Content/images/boitmal/produit/zoom/E8FEE980732B87942B93ED2D1ABFFA78.jpg,https://driveimg1.intermarche.com/pt/Content/images/boitmal/produit/zoom/E8FEE980732B87942B93ED2D1ABFFA78.jpg,2025-10-08T23:59:59+01:00,PROSPECTUS,16,3,https://driveimg1.intermarche.com/pt/Content/images/boitmal/produit/zoom/E8FEE980732B87942B93ED2D1ABFFA78.jpg,https://driveimg1.intermarche.com/pt/Content/images/boitmal/produit/zoom/E8FEE980732B87942B93ED2D1ABFFA78.jpg,,
438,8722700140139,20.0,Lipton,"20 saquetas infusão de cidreira, embalagem de 20g",,1.49,74.5,0,kg,€/Kg,,,https://driveimg1.intermarche.com/pt/Content/images/boitmal/produit/zoom/75772B648D442A3C0BB5D4E8A4601B76.jpg,,,2025-10-08T23:59:59+01:00,PROSPECTUS,16,3,,,,
43843,5604260312610,4725.0,PorSi,Detergente Em Pó Lavanda.4725 G,,9.22,1.95,0,kg,€/Kg,,,https://driveimg1.intermarche.com/pt/Content/images/boitmal/produit/zoom/F3289E384FE13BA0E9DAD129A9E31D3B.jpg,,,2025-10-08T23:59:59+01:00,PROSPECTUS,16,3,,,,
44234,8710522854815,257.0,Calvé,"Mostarda top down, embalagem de 257g",,1.68,6.54,0,kg,€/Kg,,,https://driveimg1.intermarche.com/pt/Content/images/boitmal/produit/zoom/63AC7BC5BB2C7D5CE58B458BE855CC4A.jpg,,,2025-10-08T23:59:59+01:00,PROSPECTUS,16,3,,,,
44264,5603722517136,200.0,Mimosa,"Nata cremosa sem lactose, 200 ml",,1.04,5.2,200,L,€/L,,,https://driveimg1.intermarche.com/pt/Content/images/boitmal/produit/zoom/8BEE16017818634A0906C7EEA760EC96.jpg,,,2025-10-08T23:59:59+01:00,PROSPECTUS,16,3,,,,
44391,4054596822276,,Scotch Brite,"Esfregão com Esponja Cores Não Risca Gama delicate, 2 unidades",,1.64,1.64,0,,€/Unidade,,,https://driveimg1.intermarche.com/pt/Content/images/boitmal/produit/zoom/10F391446C95BCDB2764571D41FD4276.jpg,,,2025-10-08T23:59:59+01:00,PROSPECTUS,16,3,,,,
44704,5053990155941,175.0,Pringles,"Snacks batata hot & spicy, embalagem de 175g",,1.99,11.37,0,kg,€/Kg,,,https://driveimg1.intermarche.com/pt/Content/images/boitmal/produit/zoom/41DF960E12D56D310EB0CF45988973FA.jpg,https://driveimg1.intermarche.com/pt/Content/images/boitmal/produit/zoom/6928ADB37A9D879D8A1130CADC9B4CD3.jpg,https://driveimg1.intermarche.com/pt/Content/images/boitmal/produit/zoom/6928ADB37A9D879D8A1130CADC9B4CD3.jpg,2025-10-08T23:59:59+01:00,PROSPECTUS,16,3,https://driveimg1.intermarche.com/pt/Content/images/boitmal/produit/zoom/6928ADB37A9D879D8A1130CADC9B4CD3.jpg,,,
44716,5600961109689,250.0,Prozis,"Manteiga de amendoim crocante, 250g",,2.35,9.4,0,kg,€/Kg,,,https://driveimg1.intermarche.com/pt/Content/images/boitmal/produit/zoom/E30480D83856A991B8DDEB5DD0E60694.jpg,,,2025-10-08T23:59:59+01:00,PROSPECTUS,16,3,,,,
45875,4005900388810,150.0,Nivea Men,"Desodorizante spray cool kick, 150 ml",,2.69,17.93,150,L,€/L,,,https://driveimg1.intermarche.com/pt/Content/images/boitmal/produit/zoom/FF08F460974B7D9B6A9FEDD00802151C.jpg,,,2025-10-08T23:59:59+01:00,PROSPECTUS,16,3,,,,
46828,5601195650121,1000.0,Pedras Salgadas,"Água com gás tangerina, pack 4 x 25 cl",,2.19,2.19,1000,L,€/L,,,https://driveimg1.intermarche.com/pt/Content/images/boitmal/produit/zoom/C741A105A5ADD4B4B95BF633150AA653.jpg,,,2025-10-08T23:59:59+01:00,PROSPECTUS,16,3,,,,
47004,5604260319237,1500.0,PorSi,Iogurte Tipo Grego Natural 12X125G,,4.29,2.86,0,kg,€/Kg,,,https://driveimg1.intermarche.com/pt/Content/images/boitmal/produit/zoom/6E0AFE6E9DD1C82BA35308A7C2D6B6B4.jpg,,,2025-10-08T23:59:59+01:00,PROSPECTUS,16,4,,,,
47102,5603722520198,250.0,Mimosa,"Manteiga com sal e sem lactose, embalagem de 250g",,2.44,9.76,0,kg,€/Kg,,,https://driveimg1.intermarche.com/pt/Content/images/boitmal/produit/zoom/93C16F859411D0EBAFBF43E49FD1DA1B.jpg,https://driveimg1.intermarche.com/pt/Content/images/boitmal/produit/zoom/03F85375587D6FDFB4925819A11BDAE0.jpg,https://driveimg1.intermarche.com/pt/Content/images/boitmal/produit/zoom/851EE75BBBA7A9986AE9578DEC17E3F9.jpg,2025-10-08T23:59:59+01:00,PROSPECTUS,16,4,,,,
4713,5000204559163,150.0,Glade,"Absorvedores de odores, relax zen",Embalagem de 2x150g,3.29,21.93,150,L,€/L,,,https://driveimg1.intermarche.com/pt/Content/images/boitmal/produit/zoom/16916DD7F5CC08A46A02D04C9338D0A8.jpg,,,2025-10-08T23:59:59+01:00,PROSPECTUS,16,4,,,,
47807,5604260316724,250.0,Porsi Select - Programa Origens,Secretos De Porco Preto Do Alentejo 250 G,,4.49,17.96,0,kg,€/Kg,,,https://driveimg1.intermarche.com/pt/Content/images/boitmal/produit/zoom/A1188505A5921D717B8B546770374A47.jpg,,,2025-10-08T23:59:59+01:00,PROSPECTUS,16,4,,,,
47890,8718951434912,50.0,Colgate,Dentífrico júnior 7 a 12 anos,Embalagem de 50 ml,2.59,51.8,50,L,€/L,,,https://driveimg1.intermarche.com/pt/Content/images/boitmal/produit/zoom/69B50B84D28922C91B7AD5E5C7F61B21.jpg,,,2025-10-08T23:59:59+01:00,PROSPECTUS,16,4,,,,
48066,5604260320974,,PorSi,Pensos Incontinência Maxi Noite - 12 Unidades Dispositivo Médico,,2.99,2.99,0,,€/Unidade,,,https://driveimg1.intermarche.com/pt/Content/images/boitmal/produit/zoom/A9FEFEF8ADC3A3EB51F3D73B7247EB64.jpg,,,2025-10-08T23:59:59+01:00,PROSPECTUS,16,4,,,,
48097,5604260321216,40.0,PorSi Select,Tempero Alho E Pimentão Doce 40G,,1.09,27.25,0,kg,€/Kg,,,https://driveimg1.intermarche.com/pt/Content/images/boitmal/produit/zoom/2B20D15280444841C839BB9A0C88CD96.jpg,,,2025-10-08T23:59:59+01:00,PROSPECTUS,16,4,,,,
48098,5604260321223,40.0,PorSi Select,Tempero Alho E Cebola Picado 40G,,1.19,29.75,0,kg,€/Kg,,,https://driveimg1.intermarche.com/pt/Content/images/boitmal/produit/zoom/73005C4A3E5DDDE277B90A12C444F8C1.jpg,,,2025-10-08T23:59:59+01:00,PROSPECTUS,16,4,,,,
486,3036810207589,210.0,Maille,"Mostarda ancienne, embalagem de 210g",,3.19,15.19,0,kg,€/Kg,,,https://driveimg1.intermarche.com/pt/Content/images/boitmal/produit/zoom/21321CE8B270938C70FEB95F0D4FC3D1.jpg,https://driveimg1.intermarche.com/pt/Content/images/boitmal/produit/zoom/284EA0283DB9A2BF80F56C4DF343C743.jpg,https://driveimg1.intermarche.com/pt/Content/images/boitmal/produit/zoom/284EA0283DB9A2BF80F56C4DF343C743.jpg,2025-10-08T23:59:59+01:00,PROSPECTUS,16,4,https://driveimg1.intermarche.com/pt/Content/images/boitmal/produit/zoom/284EA0283DB9A2BF80F56C4DF343C743.jpg,,,
4866,5410036145227,600.0,Vanish,"Limpa alcatifa mousse activa, 600 ml",,5.19,8.65,600,L,€/L,,,https://driveimg1.intermarche.com/pt/Content/images/boitmal/produit/zoom/6C27E2DD194F3A92D0082DB1D4838686.jpg,,,2025-10-08T23:59:59+01:00,PROSPECTUS,16,4,,,,
48712,5000159386821,200.0,M&MS,"M&ms drageias de amendoim e chocolate de leite, 200g",,3.74,18.7,0,kg,€/Kg,,,https://driveimg1.intermarche.com/pt/Content/images/boitmal/produit/zoom/FE32591FFCD809E27B474A6B5953C548.jpg,,,2025-10-08T23:59:59+01:00,PROSPECTUS,16,4,,,,
48767,5603722520433,750.0,Mimosa,"Leite uht morango sem lactose, pack 3 x 250 ml",,2.97,3.96,750,L,€/L,,,https://driveimg1.intermarche.com/pt/Content/images/boitmal/produit/zoom/131DD82E3B8B5964AC434CC4107E77EC.jpg,https://driveimg1.intermarche.com/pt/Content/images/boitmal/produit/zoom/C20EBB17C29A9F7AF802FE40FE4174C4.jpg,https://driveimg1.intermarche.com/pt/Content/images/boitmal/produit/zoom/8E7049719679131E7E9A0796D176D29B.jpg,2025-10-08T23:59:59+01:00,PROSPECTUS,16,4,https://driveimg1.intermarche.com/pt/Content/images/boitmal/produit/zoom/4D7C8BB6B0E88069DB4AB5DBD121C211.jpg,,,
48782,8410199023070,150.0,LayS,"Batatas camponesas, embalagem de 150g",,1.59,10.6,0,kg,€/Kg,,,https://driveimg1.intermarche.com/pt/Content/images/boitmal/produit/zoom/D570E7E39595628616CA3F3914A72126.jpg,,,2025-10-08T23:59:59+01:00,PROSPECTUS,16,4,,,,
48920,8006540417119,300.0,Pantene,Máscara Hidratante repara e protege,300 ml,4.89,16.3,300,L,€/L,,,https://driveimg1.intermarche.com/pt/Content/images/boitmal/produit/zoom/95D6A29803B1871F5E587094E1F38E98.jpg,,,2025-10-08T23:59:59+01:00,PROSPECTUS,16,4,,,,
48921,8006540417157,300.0,Pantene,Máscara Liso e Sedoso,300 ml,4.89,16.3,300,L,€/L,,,https://driveimg1.intermarche.com/pt/Content/images/boitmal/produit/zoom/BDE449576FC02085F7007D31FFACA52F.jpg,,,2025-10-08T23:59:59+01:00,PROSPECTUS,16,4,,,,
48922,8006540417072,300.0,Pantene,Máscara Caracóis Perfeitos,300 ml,4.94,16.47,300,L,€/L,,,https://driveimg1.intermarche.com/pt/Content/images/boitmal/produit/zoom/025366923064A3F3F548E755A8D57055.jpg,,,2025-10-08T23:59:59+01:00,PROSPECTUS,16,4,,,,
49326,5603722520594,180.0,Milhafre,Queijo açoriano com -50% gordura,Embalagem de 180g,2.19,12.17,0,kg,€/Kg,,,https://driveimg1.intermarche.com/pt/Content/images/boitmal/produit/zoom/47969256C6F61652CFCE8A9B10492F28.jpg,,,2025-10-08T23:59:59+01:00,PROSPECTUS,16,4,,,,
49346,5601008102786,174.0,Vieira,Bolachas thins de maçã vieira de castro embalagem 174 g,,1.99,11.44,0,kg,€/Kg,,,https://driveimg1.intermarche.com/pt/Content/images/boitmal/produit/zoom/2808AF6328BFFDD74A0D47EB5E2CCE7E.jpg,,,2025-10-08T23:59:59+01:00,PROSPECTUS,16,4,,,,
49401,5411188133759,400.0,Alpro,"Soja ananás maracujá sem açúcar, de 400g",,2.54,6.35,0,kg,€/Kg,,,https://driveimg1.intermarche.com/pt/Content/images/boitmal/produit/zoom/6CB78C52A4573023DA315831A2A03ACB.jpg,,,2025-10-08T23:59:59+01:00,PROSPECTUS,16,4,,,,
49542,5604260323906,1000.0,Porsi Vivabem,Bebida De Amendoa 0% Açúcares Adicionados 1L,,1.35,1.35,1000,L,€/L,,,https://driveimg1.intermarche.com/pt/Content/images/boitmal/produit/zoom/AEE9651854E78E84B75576B58758E00E.jpg,,,2025-10-08T23:59:59+01:00,PROSPECTUS,16,4,,,,
50457,5603722520891,125.0,Mimosa,"Manteiga com salsa e alho, embalagem de 125g",,1.59,12.72,0,kg,€/Kg,,,https://driveimg1.intermarche.com/pt/Content/images/boitmal/produit/zoom/AD07C14D6EFB1FFAE444B8C7DD272173.jpg,https://driveimg1.intermarche.com/pt/Content/images/boitmal/produit/zoom/E035A762B58CBA6C1ACDD8E79E8BA0FE.jpg,https://driveimg1.intermarche.com/pt/Content/images/boitmal/produit/zoom/0BD538C4D562B7FA21A6743239B7FBB5.jpg,2025-10-08T23:59:59+01:00,PROSPECTUS,16,4,,,,
50493,8414100306245,200.0,Schweppes,"Água tónica zero, 200 ml",,0.89,4.45,200,L,€/L,,,https://driveimg1.intermarche.com/pt/Content/images/boitmal/produit/zoom/3A897E1E276941B51E5504DC645247C6.jpg,,,2025-10-08T23:59:59+01:00,PROSPECTUS,16,4,,,,
50495,5601164905771,500.0,Somersby,"Sidra, lata de 500 ml",,1.29,2.58,500,L,€/L,,,https://driveimg1.intermarche.com/pt/Content/images/boitmal/produit/zoom/E89767E3F9F65845A619995358BB3B33.jpg,,,2025-10-08T23:59:59+01:00,PROSPECTUS,16,4,,,,
50500,5601217134981,500.0,Vanish,"Aditivo tira nódoas spray nódoas dia-a-dia, 500 ml",,3.99,7.98,500,L,€/L,,,https://driveimg1.intermarche.com/pt/Content/images/boitmal/produit/zoom/77F5862CE52D144666F18B51D6C135F6.jpg,,,2025-10-08T23:59:59+01:00,PROSPECTUS,16,4,,,,
50624,5603722520969,200.0,Mimosa,"Nata culinária sem lactose, 200 ml",,1.04,5.2,200,L,€/L,,,https://driveimg1.intermarche.com/pt/Content/images/boitmal/produit/zoom/17C52EE6D7D8FA0AE40E9527FFF803CC.jpg,,,2025-10-08T23:59:59+01:00,PROSPECTUS,16,4,,,,
51182,5601217137272,720.0,Quanto,"Perfumador de roupa rosa, 36 doses",,3.99,5.54,720,L,€/L,,,https://driveimg1.intermarche.com/pt/Content/images/boitmal/produit/zoom/49C27F970394771F7D0DE5ACF0C1EA92.jpg,,,2025-10-08T23:59:59+01:00,PROSPECTUS,16,4,,,,
51279,5602348103709,650.0,Izidoro,"Salsicha aves 9 unidades izidoro, embalagem de 360g",,2.89,4.45,0,kg,€/Kg,,,https://driveimg1.intermarche.com/pt/Content/images/boitmal/produit/zoom/6B9158791C3A03CA7863EA4B794B6564.jpg,,,2025-10-08T23:59:59+01:00,PROSPECTUS,16,4,,,,
51321,8720608014064,32.0,Lipton,"20 saquetas chá de framboesa e sabugueiro,",,2.09,65.31,0,kg,€/Kg,,,https://driveimg1.intermarche.com/pt/Content/images/boitmal/produit/zoom/B40F480597C04DB34DABE63D02081A65.jpg,https://driveimg1.intermarche.com/pt/Content/images/boitmal/produit/zoom/4272E24302B8C76BAAC68132A3C5A72A.jpg,,2025-10-08T23:59:59+01:00,PROSPECTUS,16,4,,,,
5135,5601077111023,750.0,Velhotes,"Vinho do porto tawny, garrafa de 0,75 l",,5.19,6.92,750,L,€/L,,,https://driveimg1.intermarche.com/pt/Content/images/boitmal/produit/zoom/C1D5B8EA9BF6276DDBD0FBBB4AE1E08B.jpg,,,2025-10-08T23:59:59+01:00,PROSPECTUS,16,4,,,,
51403,5604260325689,1000.0,PorSi,"Vinagre de limpeza, 1 litrp",,0.85,0.85,1000,L,€/L,,,https://driveimg1.intermarche.com/pt/Content/images/boitmal/produit/zoom/D97716AE40F4384225AEA397971D7BFD.jpg,,,2025-10-08T23:59:59+01:00,PROSPECTUS,16,4,,,,
5143,5601096201309,750.0,Casal Garcia,"Vinho verde branco, garrafa de 0.75 l",,3.39,4.52,750,L,€/L,,,https://driveimg1.intermarche.com/pt/Content/images/boitmal/produit/zoom/C499325EC5B55389E1608DCDF3310034.jpg,,,2025-10-08T23:59:59+01:00,PROSPECTUS,16,4,,,,
51518,8445290071996,800.0,Purina One,Ração para gato júnior frango,Embalagem de 800 g,5.59,6.99,0,kg,€/Kg,,,https://driveimg1.intermarche.com/pt/Content/images/boitmal/produit/zoom/7349519394CE1E2314E4BE439006AD7A.jpg,,,2025-10-08T23:59:59+01:00,PROSPECTUS,16,4,,,,
51628,8006540532782,45.0,Pantene,Ampolas de Reparação 1 Minuto,Pack 3 embalagem 15 ml,3.39,75.33,45,L,€/L,,,https://driveimg1.intermarche.com/pt/Content/images/boitmal/produit/zoom/458825ACBEBED8CC79056FD09322BA7D.jpg,,,2025-10-08T23:59:59+01:00,PROSPECTUS,16,4,,,,
51754,8887862421318,,Scotch Brite,"Esfregão Metálico, 3 + 1 grátis",,1.94,1.94,0,,€/Unidade,,,https://driveimg1.intermarche.com/pt/Content/images/boitmal/produit/zoom/5A3C143BCE76DAA8FB48F662422479ED.jpg,,,2025-10-08T23:59:59+01:00,PROSPECTUS,16,4,,,,
52088,7613032881313,85.0,Purina Gourmet,Comida húmida para gato gourmet gold com coelho 85g,,0.87,10.24,0,kg,€/Kg,,,https://driveimg1.intermarche.com/pt/Content/images/boitmal/produit/zoom/C00E78B2201EC475A2889804E65AE983.jpg,,,2025-10-08T23:59:59+01:00,PROSPECTUS,16,4,,,,
52167,5600363850400,133.0,Alsa,"Mousse chocolate branco, 133g",,1.99,14.96,0,kg,€/Kg,,,https://driveimg1.intermarche.com/pt/Content/images/boitmal/produit/zoom/109DE07031F6CF3DBD09E3F68769500A.jpg,,,2025-10-08T23:59:59+01:00,PROSPECTUS,16,4,,,,
5243,5601151170755,410.0,Compal,"Feijão preto, lata de 410 ml",,1.09,2.66,410,L,€/L,,,https://driveimg1.intermarche.com/pt/Content/images/boitmal/produit/zoom/DF73EAA1B2C44B1F4CECF535DE17EB7C.jpg,,,2025-10-08T23:59:59+01:00,PROSPECTUS,16,4,,,,
52602,5601217137937,1710.0,Quanto,"Amaciador roupa concentrado lirios e frutos vermelhos, 95 doses",,3.99,2.33,1710,L,€/L,,,https://driveimg1.intermarche.com/pt/Content/images/boitmal/produit/zoom/D5EC13B4D27621ECAF91289F5FDA9612.jpg,,,2025-10-08T23:59:59+01:00,PROSPECTUS,16,4,,,,
52788,5900020043832,80.0,Nestlé,"Barras de Cereais Protein Fitness 0% Cacau, 80g",,1.79,22.38,0,kg,€/Kg,,,https://driveimg1.intermarche.com/pt/Content/images/boitmal/produit/zoom/7E4A3C5552FC27CE6A83D366162140DD.jpg,,,2025-10-08T23:59:59+01:00,PROSPECTUS,16,4,,,,
52856,5411188137993,400.0,Alpro,"Yofu mirtilo, 400g",,1.99,4.98,0,kg,€/Kg,,,https://driveimg1.intermarche.com/pt/Content/images/boitmal/produit/zoom/485F657BAFD51912DFB54A5C99A1A224.jpg,https://driveimg1.intermarche.com/pt/Content/images/boitmal/produit/zoom/11533D920C6F50B230FF02F2A50E7E1F.jpg,https://driveimg1.intermarche.com/pt/Content/images/boitmal/produit/zoom/11533D920C6F50B230FF02F2A50E7E1F.jpg,2025-10-08T23:59:59+01:00,PROSPECTUS,16,4,,,,
52882,8719200267923,1000.0,Planta,"Creme vegetal de barrar com sabor a manteiga, 1 kg",,4.99,4.99,0,kg,€/Kg,,,https://driveimg1.intermarche.com/pt/Content/images/boitmal/produit/zoom/7FA2022C1B0ECE643B6D5766E124CAA0.jpg,https://driveimg1.intermarche.com/pt/Content/images/boitmal/produit/zoom/CA359583CDC4B85860A9620A14431005.jpg,https://driveimg1.intermarche.com/pt/Content/images/boitmal/produit/zoom/CA359583CDC4B85860A9620A14431005.jpg,2025-10-08T23:59:59+01:00,PROSPECTUS,16,4,https://driveimg1.intermarche.com/pt/Content/images/boitmal/produit/zoom/CA359583CDC4B85860A9620A14431005.jpg,,,
53163,8445291099418,,Buondi,"Café original nespresso, 10 cápsulas",,3.29,3.29,10,,€/Unidade,,,https://driveimg1.intermarche.com/pt/Content/images/boitmal/produit/zoom/6E46F1C9FB77DF7B2C9479B336DCC810.jpg,,,2025-10-08T23:59:59+01:00,PROSPECTUS,16,4,,,,
