identifier,produitEan13,capacite,marque,libelle,conditionnement,prix,unitPrice,volume,typeProduit_uniteByCode,unit_value,pictogrammes_0,pictogrammes_libelleCategorie,images_0,images_1,images_2,images_3,images_4,images_5,images_6,avantages_dateFin,avantages_categorie,nro_paginas,page
13914,2891225000000,350.0,Frango,Perna com Costa,1 un. = 300 g (aprox.),0.8,2.29,0,,€/Kg,,,https://driveimg1.intermarche.com/pt/Content/images/boitmal/produit/zoom/D1297D1CD095629263E582A65B4C3857.jpg,,,,,,,2025-05-28T23:59:59.999999999+01:00,PROSPECTUS,19,1
1293,5601151398104,630.0,Compal,"Pack de 3 embalagens de polpa de tomate, embalagem de 630g",,1.49,2.37,0,kg,€/Kg,,,https://driveimg1.intermarche.com/pt/Content/images/boitmal/produit/zoom/BC7D38B0892D2B72B99AEECF05E81523.jpg,,,,,,,2025-05-28T23:59:59.999999999+01:00,PROSPECTUS,19,1
30958,5449000957955,3500.0,Coca-Cola,"Refrigerante zero, pack 2 x 1.75 l",,3.32,0.95,3500,L,€/L,,,https://driveimg1.intermarche.com/pt/Content/images/boitmal/produit/zoom/F2EAD17F7ACB8ABDBC63DEE76B961767.jpg,,,,,,,2025-05-28T23:59:59.999999999+01:00,PROSPECTUS,19,1
9989,8000430133035,125.0,Galbani,"Queijo mozzarella fresca, embalagem de 125 g",,1.75,14.0,0,kg,€/Kg,,,https://driveimg1.intermarche.com/pt/Content/images/boitmal/produit/zoom/2D2F42EC9092F570E0A5C16679F885D7.jpg,,,,,,,2025-05-28T23:59:59.999999999+01:00,PROSPECTUS,19,1
13947,2891125000000,150.0,Peru,Espetadas de Peru,1 un = 150 gr (aprox.),1.02,6.79,0,,€/Kg,,,https://driveimg1.intermarche.com/pt/Content/images/boitmal/produit/zoom/7051DD49B64096A6B46E7815DD618A85.jpg,,,,,,,2025-05-28T23:59:59.999999999+01:00,PROSPECTUS,19,1
5008,5601028000383,,Renova,"Lenços de bolso sensi, brancos, 10 unidades",Uma embalagem de 6x10,0.89,0.89,0,,€/Unidade,,,https://driveimg1.intermarche.com/pt/Content/images/boitmal/produit/zoom/A7E56C5340E5213CBF3A606D0311258B.jpg,,,,,,,2025-05-28T23:59:59.999999999+01:00,PROSPECTUS,19,1
13599,2893594000000,500.0,Peixaria,Red Fish Grande Congelado,1 un = 500 gr (aprox.),2.0,3.99,0,,€/Kg,,Avantages !,https://driveimg1.intermarche.com/pt/Content/images/boitmal/produit/zoom/A3E98972B338DCF46BAA412A17BB9B0C.jpg,,,,,,,2025-05-28T23:59:59.999999999+01:00,PROSPECTUS,19,1
17402,8412600027233,700.0,Bimbo,Pão forma familiar normal,embalagem de 700 g,1.99,2.84,0,kg,€/Kg,,,https://driveimg1.intermarche.com/pt/Content/images/boitmal/produit/zoom/BD26753EF23D0DF0FDC14FCDC181B902.jpg,,,,,,,2025-05-28T23:59:59.999999999+01:00,PROSPECTUS,19,1
24415,8410436299961,1300.0,Sonasol,"Lava tudo lavanda, 1,3l",,2.09,1.61,1300,L,€/L,,,https://driveimg1.intermarche.com/pt/Content/images/boitmal/produit/zoom/7357FEB6EC6D53B795AF0EA5889F5ADF.jpg,,,,,,,2025-05-28T23:59:59.999999999+01:00,PROSPECTUS,19,1
13833,2892579000000,300.0,Legumes,Pepino,1 un = 300 gr  (aprox.),0.42,1.39,0,,€/Kg,,,https://driveimg1.intermarche.com/pt/Content/images/boitmal/produit/zoom/BD2734BFC4704D52A466FC85B929304E.jpg,,,,,,,2025-05-28T23:59:59.999999999+01:00,PROSPECTUS,19,1
8907,5601356013062,750.0,Porta da Ravessa,"Vinho doc alentejo tinto, garrafa de 750 ml",,2.24,2.99,750,L,€/L,,,https://driveimg1.intermarche.com/pt/Content/images/boitmal/produit/zoom/30CD7B81F8725B208C8117FAC2D69297.jpg,,,,,,,2025-05-28T23:59:59.999999999+01:00,PROSPECTUS,19,1
2474,7613032408602,85.0,Purina Gourmet,"Comida húmida para gato vaca e frango, embalagem de 90g",,0.87,10.24,0,kg,€/Kg,,,https://driveimg1.intermarche.com/pt/Content/images/boitmal/produit/zoom/571C1A9D6D5EE4C101463565EC0CDDDE.jpg,,,,,,,2025-05-28T23:59:59.999999999+01:00,PROSPECTUS,19,1
2466,7613032142599,500.0,Cerelac,Farinha láctea 12 meses,Embalagem de 500g,3.49,6.98,0,kg,€/Kg,,,https://driveimg1.intermarche.com/pt/Content/images/boitmal/produit/zoom/4E708CAF1A60A052407E76B7A92102F7.jpg,,,,,,,2025-05-28T23:59:59.999999999+01:00,PROSPECTUS,19,1
22953,8411660670236,750.0,Sanytol,Desinfetante Multiusos,Embalagem de 750 ml,2.49,3.32,750,L,€/L,,,https://driveimg1.intermarche.com/pt/Content/images/boitmal/produit/zoom/1EEAA97664C33C6BEBEA4FA4B7290F03.jpg,,,,,,,2025-05-28T23:59:59.999999999+01:00,PROSPECTUS,19,1
26772,5449000106186,3500.0,Coca-Cola,"Refrigerante com gás, pack 2 x 1.75 l",,3.77,1.08,3500,L,€/L,,,https://driveimg1.intermarche.com/pt/Content/images/boitmal/produit/zoom/A789E276311FA9DA8F07BCEEEA6CB731.jpg,,,,,,,2025-05-28T23:59:59.999999999+01:00,PROSPECTUS,19,1
25054,5603722516597,480.0,Mimosa,"Iogurte magro + gelatina morango, embalagem de 4 x 120g",,1.69,3.52,0,kg,€/Kg,,,https://driveimg1.intermarche.com/pt/Content/images/boitmal/produit/zoom/DAE62B86085E7357EAC285F9FA275047.jpg,,,,,,,2025-05-28T23:59:59.999999999+01:00,PROSPECTUS,19,1
54578,5604260332847,200.0,Labell Men,"Desodorizante Antitranspirante Invisible, 200ml",,1.39,6.95,200,L,€/L,,,https://driveimg1.intermarche.com/pt/Content/images/boitmal/produit/zoom/6089B570557FEDB49C72B5ECFB5CAF3F.jpg,,,,,,,2025-06-11T23:59:59.999999999+01:00,PROSPECTUS,19,1
14458,7613034678607,90.0,Nestlé,"Fruta para bebé banana maçã +4 meses, embalagem de 90g",,0.65,7.22,0,kg,€/Kg,,,https://driveimg1.intermarche.com/pt/Content/images/boitmal/produit/zoom/0F3547F16577E97D821E3E9FDD9F17B9.jpg,,,,,,,2025-05-28T23:59:59.999999999+01:00,PROSPECTUS,19,1
22335,5000116110940,420.0,Capitão Iglo,"15 douradinhos, embalagem de 420g",,4.99,11.88,0,kg,€/Kg,,Tipo de stockagem,https://driveimg1.intermarche.com/pt/Content/images/boitmal/produit/zoom/3973A8C90F686ECB72E76C3B0A0492D4.jpg,,,,,,,2025-05-28T23:59:59.999999999+01:00,PROSPECTUS,19,1
5096,5601050026429,300.0,Danonino Danone,"Queijinho danonino petitdino de morango/banana, embalagem de 6 x 50g",,1.99,6.63,0,kg,€/Kg,,,https://driveimg1.intermarche.com/pt/Content/images/boitmal/produit/zoom/FA8D1A9125B498992C62B9745CC5DD3D.jpg,,,,,,,2025-05-28T23:59:59.999999999+01:00,PROSPECTUS,19,1
282,0000080361497,85.0,Purina Gourmet,"Comida húmida para gato pedacinhos em molho com salmão, embalagem de 90g",,0.87,10.24,0,kg,€/Kg,,,https://driveimg1.intermarche.com/pt/Content/images/boitmal/produit/zoom/F3269BDBEA9617D986C45DC8EC354AB3.jpg,,,,,,,2025-05-28T23:59:59.999999999+01:00,PROSPECTUS,19,1
44956,2696878000000,,Padaria,Bola de mistura centeio Baviera,90 g,0.2,0.2,0,,€/Unidade,,,https://driveimg1.intermarche.com/pt/Content/images/boitmal/produit/zoom/09DB4B39AC0AAE5D11E868A906EFB364.jpg,,,,,,,2025-05-28T23:59:59.999999999+01:00,PROSPECTUS,19,1
12978,2892462000000,400.0,Legumes,Alface Frisada,1 un= 400 g (aprox.),0.6,1.49,0,,€/Kg,,,https://driveimg1.intermarche.com/pt/Content/images/boitmal/produit/zoom/11753DE36CD8D1B450ED5A40B08A088C.jpg,,,,,,,2025-05-28T23:59:59.999999999+01:00,PROSPECTUS,19,1
20587,5601174272009,750.0,JMF,"Vinho regional península de setúbal tinto, garrafa de 750 ml",,2.19,2.92,750,L,€/L,,,https://driveimg1.intermarche.com/pt/Content/images/boitmal/produit/zoom/6FB85D2D1F62FB6BD903CE0263E5474B.jpg,,,,,,,2025-05-28T23:59:59.999999999+01:00,PROSPECTUS,19,1
42776,5604260304714,200.0,PorSi,Fiambre da pá fatiado,200 g,1.59,7.95,0,kg,€/Kg,,,https://driveimg1.intermarche.com/pt/Content/images/boitmal/produit/zoom/8A131F94BE57C970A8C2BBD2F93B5A56.jpg,https://driveimg1.intermarche.com/pt/Content/images/boitmal/produit/zoom/4BF6C4B7F27D2FA729AB427C5AFC4D32.jpg,https://driveimg1.intermarche.com/pt/Content/images/boitmal/produit/zoom/4BF6C4B7F27D2FA729AB427C5AFC4D32.jpg,https://driveimg1.intermarche.com/pt/Content/images/boitmal/produit/zoom/4BF6C4B7F27D2FA729AB427C5AFC4D32.jpg,https://driveimg1.intermarche.com/pt/Content/images/boitmal/produit/zoom/4BF6C4B7F27D2FA729AB427C5AFC4D32.jpg,https://driveimg1.intermarche.com/pt/Content/images/boitmal/produit/zoom/4BF6C4B7F27D2FA729AB427C5AFC4D32.jpg,https://driveimg1.intermarche.com/pt/Content/images/boitmal/produit/zoom/4BF6C4B7F27D2FA729AB427C5AFC4D32.jpg,2025-05-28T23:59:59.999999999+01:00,PROSPECTUS,19,1
12887,2892089000000,500.0,Fruta,Manga Barco,1 un = 500 gr (aprox.),1.25,2.49,0,,€/Kg,,,https://driveimg1.intermarche.com/pt/Content/images/boitmal/produit/zoom/7DE73DFAB226CDE947BB89C61333D3FE.jpg,,,,,,,2025-05-28T23:59:59.999999999+01:00,PROSPECTUS,19,1
34876,5604260285488,1500.0,PorSi,Maçã starking categoria II Programa Origens,Embalagem de 1.5 kg,1.79,1.19,0,kg,€/Kg,,,https://driveimg1.intermarche.com/pt/Content/images/boitmal/produit/zoom/AA6B73374DD1E7B1436CB2F99D3B721B.jpg,,,,,,,2025-05-28T23:59:59.999999999+01:00,PROSPECTUS,19,1
13954,2891192000000,500.0,Porco,Tiras da Costela/Piano,1 un = 500 gr (aprox.),3.25,6.49,0,,€/Kg,,,https://driveimg1.intermarche.com/pt/Content/images/boitmal/produit/zoom/7D0B09E93398DFB0B31D06D5AFBD6B99.jpg,,,,,,,2025-05-28T23:59:59.999999999+01:00,PROSPECTUS,19,1
35489,5604260285266,1000.0,PorSi Viva Bem,Leite uht sem lactose meio gordo,1 litro,1.05,1.05,1000,L,€/L,,,https://driveimg1.intermarche.com/pt/Content/images/boitmal/produit/zoom/C75C157CAE99A5A835DA383E6173404B.jpg,,,,,,,2025-05-28T23:59:59.999999999+01:00,PROSPECTUS,19,1
35490,5604260285273,1000.0,PorSi Viva Bem,Leite uht sem lactose magro,1 litro,1.05,1.05,1000,L,€/L,,,https://driveimg1.intermarche.com/pt/Content/images/boitmal/produit/zoom/C0D8FEA6733802713556DC723A8C1BA7.jpg,,,,,,,2025-05-28T23:59:59.999999999+01:00,PROSPECTUS,19,1
12994,2892524000000,100.0,Legumes,Cenoura Granel,1 un = 100 gr (aprox.),0.09,0.89,0,,€/Kg,,,https://driveimg1.intermarche.com/pt/Content/images/boitmal/produit/zoom/5AEDEF3ED6ABEF24EACEE9C46AA7916F.jpg,,,,,,,2025-05-28T23:59:59.999999999+01:00,PROSPECTUS,19,1
19111,5604649918204,500.0,Fruta,Uva Branca sem grainha,Embalagem de 500 g,2.49,4.98,0,kg,€/Kg,,,https://driveimg1.intermarche.com/pt/Content/images/boitmal/produit/zoom/67F8986763A7150348D1ACB12C17814C.jpg,,,,,,,2025-05-28T23:59:59.999999999+01:00,PROSPECTUS,19,1
21292,5604260263837,250.0,PorSi,Alho Seco,Embalagem: 250 g  ,1.49,5.96,0,kg,€/Kg,,,https://driveimg1.intermarche.com/pt/Content/images/boitmal/produit/zoom/9CACD04AEB53BB065A4A6DA5A64A1473.jpg,,,,,,,2025-05-28T23:59:59.999999999+01:00,PROSPECTUS,19,1
2312,5604260271832,355.0,PorSi,Cogumelos laminados 1/2,Embalagem de 355 g,1.19,3.35,0,kg,€/Kg,,,https://driveimg1.intermarche.com/pt/Content/images/boitmal/produit/zoom/60708037644026A27C2FB6731A0DAB33.jpg,,,,,,,2025-05-28T23:59:59.999999999+01:00,PROSPECTUS,19,1
34875,5604260285457,1500.0,PorSi,Maçã golden categoria II Programa Origens,Embalagem de 1.5 kg,1.79,1.19,0,kg,€/Kg,,,https://driveimg1.intermarche.com/pt/Content/images/boitmal/produit/zoom/56695A5FACFB945E46B511CB21214202.jpg,,,,,,,2025-05-28T23:59:59.999999999+01:00,PROSPECTUS,19,1
36253,5604260290246,200.0,PorSi,Nata uht light para culinária,embalagem de 200 ml,0.75,3.75,200,L,€/L,,,https://driveimg1.intermarche.com/pt/Content/images/boitmal/produit/zoom/74793DCDE44A2C870A0969856DFE2B90.jpg,,,,,,,2025-05-28T23:59:59.999999999+01:00,PROSPECTUS,19,1
13262,2893247000000,200.0,Peixaria,Sardinha Fresca,1 un = 200 gr (aprox.),1.0,4.99,0,,€/Kg,,,https://driveimg1.intermarche.com/pt/Content/images/boitmal/produit/zoom/66B3AFDFB78EAEB8A16C084E7A27E749.jpg,,,,,,,2025-05-28T23:59:59.999999999+01:00,PROSPECTUS,19,1
13625,2893620000000,300.0,Peixaria,Salmão de viveiro à posta,1 un. = 300 g (aprox.),3.6,11.99,0,,€/Kg,,,https://driveimg1.intermarche.com/pt/Content/images/boitmal/produit/zoom/A170DAF9DE78983CFA7E8DD1EFE6A371.jpg,,,,,,,2025-05-28T23:59:59.999999999+01:00,PROSPECTUS,19,1
2785,5601363013222,150.0,Ruffles,"Batata frita presunto, embalagem de 150 g",,1.59,10.6,0,kg,€/Kg,,,https://driveimg1.intermarche.com/pt/Content/images/boitmal/produit/zoom/7C1F8A2720963F6F12F5A2EE9BFB27BF.jpg,,,,,,,2025-05-28T23:59:59.999999999+01:00,PROSPECTUS,19,1
37421,5604260290222,200.0,PorSi,Nata uht,Embalagem de 200 ml,0.79,3.95,200,L,€/L,,,https://driveimg1.intermarche.com/pt/Content/images/boitmal/produit/zoom/CA639A4F29FBE6D71D02CD3BC30863EF.jpg,,,,,,,2025-05-28T23:59:59.999999999+01:00,PROSPECTUS,19,1
52771,5604260331437,410.0,PorSi,Pizza Romana em Forno de Pedra,Embalagem de 410g,2.45,5.98,0,kg,€/Kg,,,https://driveimg1.intermarche.com/pt/Content/images/boitmal/produit/zoom/5600D90A72040F0B3DF39AA1F8D17DB0.jpg,,,,,,,2025-05-28T23:59:59.999999999+01:00,PROSPECTUS,19,1
1114,5601066300780,500.0,Nacional,"Massa de maçarrão riscado, embalagem de 500g",,0.89,1.78,0,kg,€/Kg,,,https://driveimg1.intermarche.com/pt/Content/images/boitmal/produit/zoom/6E823110DFCFAB922E5CE2EEC9376131.jpg,,,,,,,2025-05-28T23:59:59.999999999+01:00,PROSPECTUS,19,1
1120,5601066301718,500.0,Nacional,"Massa de espirais, embalagem de 500g",,0.89,1.78,0,kg,€/Kg,,,https://driveimg1.intermarche.com/pt/Content/images/boitmal/produit/zoom/B50E4B0B2C4856A819A2FF672D887104.jpg,,,,,,,2025-05-28T23:59:59.999999999+01:00,PROSPECTUS,19,1
23605,5601024335182,1000.0,Fula,Óleo especial fritura,Garrafa de 1 l,1.89,1.89,1000,L,€/L,,,https://driveimg1.intermarche.com/pt/Content/images/boitmal/produit/zoom/69E445CB49A81927EAD36F899A4FF4A1.jpg,,,,,,,2025-05-28T23:59:59.999999999+01:00,PROSPECTUS,19,1
36728,5604260294343,1000.0,PorSi,Arroz carolino,Embalagem de 1 kg,1.25,1.25,0,kg,€/Kg,,,https://driveimg1.intermarche.com/pt/Content/images/boitmal/produit/zoom/E73547DEDC8C241F694472535154DB1E.jpg,,,,,,,2025-05-28T23:59:59.999999999+01:00,PROSPECTUS,19,1
41065,5604649919805,300.0,Fruta,Abacate categoria II,Embalagem de 300 g,2.19,7.3,0,kg,€/Kg,,,https://driveimg1.intermarche.com/pt/Content/images/boitmal/produit/zoom/93A72763F7A087227DE3798E6EF50F82.jpg,,,,,,,2025-05-28T23:59:59.999999999+01:00,PROSPECTUS,19,1
42236,5604260304288,250.0,PorSi,Café lote normal moagem grossa,Embalagem de 250 g,2.75,11.0,0,kg,€/Kg,,,https://driveimg1.intermarche.com/pt/Content/images/boitmal/produit/zoom/79F8C0CA1CFA8A131860F3D080D78D92.jpg,,,,,,,2025-05-28T23:59:59.999999999+01:00,PROSPECTUS,19,1
42237,5604260304295,250.0,PorSi,Café lote normal moagem fina,Embalagem de 250 g,2.75,11.0,0,kg,€/Kg,,,https://driveimg1.intermarche.com/pt/Content/images/boitmal/produit/zoom/D6296EE67B288156ADA4780004CB9CE3.jpg,https://driveimg1.intermarche.com/pt/Content/images/boitmal/produit/zoom/3020ABB88CFD30C23CBE2A199CA691C4.jpg,https://driveimg1.intermarche.com/pt/Content/images/boitmal/produit/zoom/3020ABB88CFD30C23CBE2A199CA691C4.jpg,https://driveimg1.intermarche.com/pt/Content/images/boitmal/produit/zoom/3020ABB88CFD30C23CBE2A199CA691C4.jpg,https://driveimg1.intermarche.com/pt/Content/images/boitmal/produit/zoom/3020ABB88CFD30C23CBE2A199CA691C4.jpg,https://driveimg1.intermarche.com/pt/Content/images/boitmal/produit/zoom/3020ABB88CFD30C23CBE2A199CA691C4.jpg,https://driveimg1.intermarche.com/pt/Content/images/boitmal/produit/zoom/3020ABB88CFD30C23CBE2A199CA691C4.jpg,2025-05-28T23:59:59.999999999+01:00,PROSPECTUS,19,1
51066,5604260324316,250.0,PorSi Viva Bem,"Queijo fundido light, 250g",,1.99,7.96,0,kg,€/Kg,,,https://driveimg1.intermarche.com/pt/Content/images/boitmal/produit/zoom/88F63BC05D9FDBD7CBBF37390F91DC98.jpg,,,,,,,2025-05-28T23:59:59.999999999+01:00,PROSPECTUS,19,1
52566,5604260329502,555.0,PorSi,Cogumelos Laminados,Pack de 3 x 185 g,2.25,4.05,0,kg,€/Kg,,,https://driveimg1.intermarche.com/pt/Content/images/boitmal/produit/zoom/CAE31729F1814975AABE2147FB00CFB2.jpg,,,,,,,2025-05-28T23:59:59.999999999+01:00,PROSPECTUS,19,1
9292,5603722493812,250.0,Matinal,"Manteiga magra, embalagem de 250g",,2.49,9.96,0,kg,€/Kg,,,https://driveimg1.intermarche.com/pt/Content/images/boitmal/produit/zoom/AA91DFCE88DA98DA1BB05E606B3C1FF9.jpg,,,,,,,2025-05-28T23:59:59.999999999+01:00,PROSPECTUS,19,1
9293,5603722493942,250.0,Primor,Manteiga pasteurizada com sal cuvet,Embalagem de 250g,2.19,8.76,0,kg,€/Kg,,,https://driveimg1.intermarche.com/pt/Content/images/boitmal/produit/zoom/F3F4D9FDF2A69DC31DE35D801759C2EE.jpg,,,,,,,2025-05-28T23:59:59.999999999+01:00,PROSPECTUS,19,1
10900,3228021920191,250.0,President,"Manteiga fácil de barrar, embalagem de 250g",,3.56,14.24,0,kg,€/Kg,,,https://driveimg1.intermarche.com/pt/Content/images/boitmal/produit/zoom/AD6F66474E604C53FDAA16EA65E09D09.jpg,,,,,,,2025-05-28T23:59:59.999999999+01:00,PROSPECTUS,19,1
12107,5604260266609,320.0,PorSi,Napolitanas creme cacau,Embalagem de 320g,1.77,5.53,0,kg,€/Kg,,,https://driveimg1.intermarche.com/pt/Content/images/boitmal/produit/zoom/7E715318E7923DFB0EA8242531AE3823.jpg,,,,,,,2025-05-28T23:59:59.999999999+01:00,PROSPECTUS,19,1
12543,8715035110106,150.0,Kikkoman,"Molho de soja com dispenser, de 150 ml",,2.75,18.33,150,L,€/L,,,https://driveimg1.intermarche.com/pt/Content/images/boitmal/produit/zoom/3D3E630DEE5977CF2FC3BF40796FA65E.jpg,,,,,,,2025-05-28T23:59:59.999999999+01:00,PROSPECTUS,19,1
1310,5601151979969,140.0,Compal,"Compal da horta concentrado tomate, embalagem de 140g",,0.99,7.07,0,kg,€/Kg,,,https://driveimg1.intermarche.com/pt/Content/images/boitmal/produit/zoom/AFB213C2AE47899B42B45E2988A779B7.jpg,,,,,,,2025-05-28T23:59:59.999999999+01:00,PROSPECTUS,19,1
14196,5604260272105,540.0,PorSi,Salsichas frasco hot dog,Embalagem 540G,3.49,6.46,0,kg,€/Kg,,,https://driveimg1.intermarche.com/pt/Content/images/boitmal/produit/zoom/7586CC34D5F9746AF703E2FDCAFEE2C7.jpg,,,,,,,2025-05-28T23:59:59.999999999+01:00,PROSPECTUS,19,1
14897,2892245000000,4000.0,Fruta,Melancia Riscada,Vendido ao peso | 1 un = 4kg (aprox.),5.96,1.49,0,,€/Kg,,,https://driveimg1.intermarche.com/pt/Content/images/boitmal/produit/zoom/499A6B9B1699D69723890E8129338912.jpg,,,,,,,2025-05-28T23:59:59.999999999+01:00,PROSPECTUS,19,1
15010,2892545000000,1000.0,Programa Origens,Couve Flor,1 un = 1 kg (aprox.),1.89,1.89,0,,€/Kg,,,https://driveimg1.intermarche.com/pt/Content/images/boitmal/produit/zoom/93AF9BD404AC9C131A6A0C88150C31D1.jpg,,,,,,,2025-05-28T23:59:59.999999999+01:00,PROSPECTUS,19,1
18619,5014328054756,32.0,Tetley,Chá de frutos vermelhos,Embalagem de 30g,1.84,57.5,0,kg,€/Kg,,,https://driveimg1.intermarche.com/pt/Content/images/boitmal/produit/zoom/03305900AD56E77C8397A8E7D50DBFBD.jpg,,,,,,,2025-05-28T23:59:59.999999999+01:00,PROSPECTUS,19,1
19841,0000040052526,125.0,Kit Kat,Chocolate kit kat,Embalagem de 130g,2.59,20.72,0,kg,€/Kg,,,https://driveimg1.intermarche.com/pt/Content/images/boitmal/produit/zoom/4FD77579F2F8AE789008E9434097CC74.jpg,,,,,,,2025-05-28T23:59:59.999999999+01:00,PROSPECTUS,19,1
2405,5608543000096,15.0,Tetley,"Chá preto, embalagem de 20g",,0.74,49.33,0,kg,€/Kg,,,https://driveimg1.intermarche.com/pt/Content/images/boitmal/produit/zoom/60725F7743D3C0E53432295C1F3FD6AE.jpg,,,,,,,2025-05-28T23:59:59.999999999+01:00,PROSPECTUS,19,1
2407,5608543000133,18.0,Tetley,Chá verde,Embalagem de 20g,0.94,52.22,0,kg,€/Kg,,,https://driveimg1.intermarche.com/pt/Content/images/boitmal/produit/zoom/41193B0BE32FD225777DDB9DE2467E1D.jpg,,,,,,,2025-05-28T23:59:59.999999999+01:00,PROSPECTUS,19,1
26091,7613036115575,550.0,Nestlé,Cereais estrelitas,Embalagem de 550g,2.49,4.53,0,kg,€/Kg,,,https://driveimg1.intermarche.com/pt/Content/images/boitmal/produit/zoom/90505B63FB20AF187537F3B46DDB9B86.jpg,,,,,,,2025-05-28T23:59:59.999999999+01:00,PROSPECTUS,19,1
2675,8410000802771,160.0,Chips Ahoy!,Bolachas mini chips ahoy,Embalagem de 160g,1.84,11.5,0,kg,€/Kg,,,https://driveimg1.intermarche.com/pt/Content/images/boitmal/produit/zoom/3707DD444CDD44D20F774875B91B068B.jpg,,,,,,,2025-05-28T23:59:59.999999999+01:00,PROSPECTUS,19,1
405,8712566410910,275.0,Calvé,"Ketchup, embalagem de 275g",,1.48,5.38,0,kg,€/Kg,,,https://driveimg1.intermarche.com/pt/Content/images/boitmal/produit/zoom/9E63EED4B27A252289B8979C188F5B40.jpg,https://driveimg1.intermarche.com/pt/Content/images/boitmal/produit/zoom/0D7B165FF00CA45BD8F6AC077E3CA1EC.jpg,https://driveimg1.intermarche.com/pt/Content/images/boitmal/produit/zoom/0D7B165FF00CA45BD8F6AC077E3CA1EC.jpg,https://driveimg1.intermarche.com/pt/Content/images/boitmal/produit/zoom/0D7B165FF00CA45BD8F6AC077E3CA1EC.jpg,,,,2025-05-28T23:59:59.999999999+01:00,PROSPECTUS,19,1
52880,8719200267794,450.0,Becel,"Creme vegetal de barrar com sabor a manteiga, 450g",,3.56,7.91,0,kg,€/Kg,,,https://driveimg1.intermarche.com/pt/Content/images/boitmal/produit/zoom/E2EFE8BE5E96AF9FCA9D840059BF696C.jpg,https://driveimg1.intermarche.com/pt/Content/images/boitmal/produit/zoom/287D301C66C180312FAA8A3BAE7EA710.jpg,https://driveimg1.intermarche.com/pt/Content/images/boitmal/produit/zoom/287D301C66C180312FAA8A3BAE7EA710.jpg,https://driveimg1.intermarche.com/pt/Content/images/boitmal/produit/zoom/287D301C66C180312FAA8A3BAE7EA710.jpg,,,,2025-05-28T23:59:59.999999999+01:00,PROSPECTUS,19,1
53295,8414100301240,1000.0,Schweppes,"Água Tónica Regular Zero, garrafa de 1l",,1.65,1.65,1000,L,€/L,,,https://driveimg1.intermarche.com/pt/Content/images/boitmal/produit/zoom/25F21BC2F18171F01E270025DBAA2EDD.jpg,https://driveimg1.intermarche.com/pt/Content/images/boitmal/produit/zoom/AEC285B8796F6030DCD987BA7BB072F4.jpg,https://driveimg1.intermarche.com/pt/Content/images/boitmal/produit/zoom/AEC285B8796F6030DCD987BA7BB072F4.jpg,,,,,2025-05-28T23:59:59.999999999+01:00,PROSPECTUS,19,1
54864,8700216155489,625.0,H&S,"Champô Anticaspa Classic 2 Em 1, 625ml",,7.94,12.7,625,L,€/L,,,https://driveimg1.intermarche.com/pt/Content/images/boitmal/produit/zoom/78E4F25A4CD7C72808C0FCD1DF120657.jpg,,,,,,,2025-06-11T23:59:59.999999999+01:00,PROSPECTUS,19,1
10639,8712566395514,61.0,Knorr,"Sopa gourmet, cogumelos, embalagem de 60g",,1.99,32.62,0,kg,€/Kg,,,https://driveimg1.intermarche.com/pt/Content/images/boitmal/produit/zoom/37AB5E4154A122936DBF40F8E46CCD3D.jpg,,,,,,,2025-05-28T23:59:59.999999999+01:00,PROSPECTUS,19,1
10901,3228022000298,250.0,President,"Manteiga magra baixo teor sal, embalagem de 250g",,2.59,10.36,0,kg,€/Kg,,,https://driveimg1.intermarche.com/pt/Content/images/boitmal/produit/zoom/DCFDE09AD10D5DD4255ED225FA75C5F7.jpg,,,,,,,2025-05-28T23:59:59.999999999+01:00,PROSPECTUS,19,1
1102,5601066200080,1000.0,Nacional,"Farinha rainha com fermento, embalagem de 1000g",,1.15,1.15,0,kg,€/Kg,,,https://driveimg1.intermarche.com/pt/Content/images/boitmal/produit/zoom/1F46A8407AE2757268DF4DF863DF2CF4.jpg,,,,,,,2025-05-28T23:59:59.999999999+01:00,PROSPECTUS,19,1
11464,5601018003400,1000.0,Matinal,"Leite seleccionado meio gordo, de 1l",,1.0,1.0,1000,L,€/L,,,https://driveimg1.intermarche.com/pt/Content/images/boitmal/produit/zoom/5F34056BF2D07C9D39E218B31081D1FC.jpg,,,,,,,2025-05-28T23:59:59.999999999+01:00,PROSPECTUS,19,1
1188,5601119007970,200.0,Nobre,"Salsichas de porco, lata de 200g",,1.39,6.95,0,kg,€/Kg,,,https://driveimg1.intermarche.com/pt/Content/images/boitmal/produit/zoom/F480FC52D56464F3C1B867155F4A37B9.jpg,,,,,,,2025-05-28T23:59:59.999999999+01:00,PROSPECTUS,19,1
1305,5601151862155,500.0,Compal,Polpa de tomate 500g,,1.19,2.38,0,kg,€/Kg,,,https://driveimg1.intermarche.com/pt/Content/images/boitmal/produit/zoom/D9FD9B4F4905971874C5E4127C57C62E.jpg,,,,,,,2025-05-28T23:59:59.999999999+01:00,PROSPECTUS,19,1
13630,2893625000000,800.0,Nossa Seleção,Maruca,Congelada,7.19,8.99,0,,€/Kg,,Avantages !,https://driveimg1.intermarche.com/pt/Content/images/boitmal/produit/zoom/D10F1B147D38A26647832B3B877B06EF.jpg,,,,,,,2025-05-28T23:59:59.999999999+01:00,PROSPECTUS,19,1
13981,2696138000000,60.0,Pastelaria,Pastel de Nata,60 g,0.39,6.5,0,kg,€/Kg,,,https://driveimg1.intermarche.com/pt/Content/images/boitmal/produit/zoom/EA9B10BF07D95E268418206A452F7022.jpg,,,,,,,2025-05-28T23:59:59.999999999+01:00,PROSPECTUS,19,1
14038,2696013000000,80.0,Padaria,Bola mistura,1 unidade= 80 g,0.19,2.38,0,kg,€/Kg,,,https://driveimg1.intermarche.com/pt/Content/images/boitmal/produit/zoom/509539D5119FE663643D444B9A3F9D6A.jpg,,,,,,,2025-05-28T23:59:59.999999999+01:00,PROSPECTUS,19,1
14230,5601089080829,113.0,Royal,"Fermento em pó, lata 110g",,1.59,14.07,0,kg,€/Kg,,,https://driveimg1.intermarche.com/pt/Content/images/boitmal/produit/zoom/24CF6B830E9333635B517F9E014F6916.jpg,,,,,,,2025-05-28T23:59:59.999999999+01:00,PROSPECTUS,19,1
14437,5411188110835,1000.0,Alpro,"Bebida de soja de amêndoa, embalagem de 1 litro",,1.99,1.99,1000,L,€/L,,,https://driveimg1.intermarche.com/pt/Content/images/boitmal/produit/zoom/7737749B389B841C77AB65B76665C756.jpg,,,,,,,2025-05-28T23:59:59.999999999+01:00,PROSPECTUS,19,1
2157,5604260327119,1500.0,PorSi,Ice tea de limão tetra,"Embalagem de 1,5 l",1.09,0.73,1500,L,€/L,,,https://driveimg1.intermarche.com/pt/Content/images/boitmal/produit/zoom/D2F53574823EB7C50818D696DC82BDDE.jpg,,,,,,,2025-05-28T23:59:59.999999999+01:00,PROSPECTUS,19,1
2158,5604260327102,1500.0,PorSi,Ice tea pessego,"Embalagem de 1,5 l",1.09,0.73,1500,L,€/L,,,https://driveimg1.intermarche.com/pt/Content/images/boitmal/produit/zoom/7902D3E6072B539F34B796662F48BB69.jpg,,,,,,,2025-05-28T23:59:59.999999999+01:00,PROSPECTUS,19,1
21767,7613035487871,90.0,Nestlé,"Fruta para bebé multifrutas +4 meses, embalagem de 90g",,0.65,7.22,0,kg,€/Kg,,,https://driveimg1.intermarche.com/pt/Content/images/boitmal/produit/zoom/1B1A7DCEC52C23E2760C4FE3A24A75EE.jpg,,,,,,,2025-05-28T23:59:59.999999999+01:00,PROSPECTUS,19,1
23524,5000204922851,750.0,Pato,"Líquido sanitário extra power, marinho, 750 ml",,1.69,2.25,750,L,€/L,,,https://driveimg1.intermarche.com/pt/Content/images/boitmal/produit/zoom/60268FF4016AF8FBA52DB6A9A88D181B.jpg,,,,,,,2025-05-28T23:59:59.999999999+01:00,PROSPECTUS,19,1
24583,3600541946262,400.0,Fructis,Champô hidra caracóis,Embalagem de 400 ml,3.89,9.73,400,L,€/L,,,https://driveimg1.intermarche.com/pt/Content/images/boitmal/produit/zoom/F45C286B6B8330CEB5E45C88E611688B.jpg,,,,,,,2025-06-11T23:59:59.999999999+01:00,PROSPECTUS,19,1
26047,8412600070994,650.0,Bimbo,Pão de forma s/ côdea,Embalagem de 650 g,2.14,3.29,0,kg,€/Kg,,,https://driveimg1.intermarche.com/pt/Content/images/boitmal/produit/zoom/29A6957961BACB180F45AAA47CD1FB78.jpg,,,,,,,2025-05-28T23:59:59.999999999+01:00,PROSPECTUS,19,1
26471,5603722510946,800.0,Gresso,"Leite com chocolate, pack 4x200ml",,1.36,1.7,800,L,€/L,,,https://driveimg1.intermarche.com/pt/Content/images/boitmal/produit/zoom/A69F0144F1F806C3F50ABC4BA4C4DDC8.jpg,,,,,,,2025-05-28T23:59:59.999999999+01:00,PROSPECTUS,19,1
29356,8718951202856,500.0,Palmolive,"Gel de banho natural leite e mel, 500 ml",,2.69,5.38,500,L,€/L,,,https://driveimg1.intermarche.com/pt/Content/images/boitmal/produit/zoom/6CB5E843C7A08E2ECE1293E08A53478D.jpg,,,,,,,2025-06-11T23:59:59.999999999+01:00,PROSPECTUS,19,1
29366,8710447376133,435.0,Cif,"Spray fornos e grelhadores, 435 ml",,2.49,5.72,435,L,€/L,,,https://driveimg1.intermarche.com/pt/Content/images/boitmal/produit/zoom/0983FC0F3C1B5D9C271D56B3C7E3A30E.jpg,,,,,,,2025-05-28T23:59:59.999999999+01:00,PROSPECTUS,19,1
32302,4005900388636,50.0,Nivea,"Desodorizante roll on black & white, 50 ml",,2.54,50.8,50,L,€/L,,,https://driveimg1.intermarche.com/pt/Content/images/boitmal/produit/zoom/A7033FA7EF521736C8A4EC3A7B6E46A0.jpg,,,,,,,2025-06-11T23:59:59.999999999+01:00,PROSPECTUS,19,1
35542,7613036867405,,Nescafé,"Café em cápsulas dolce gusto ristreto intenso, embalagem de 210g",,9.99,9.99,30,,€/Unidade,,,https://driveimg1.intermarche.com/pt/Content/images/boitmal/produit/zoom/FC99456EA03268527FE0EC549A21D081.jpg,,,,,,,2025-05-28T23:59:59.999999999+01:00,PROSPECTUS,19,1
35753,8001841240640,270.0,Pantene,Creme para pentear caracóis,270 ml,5.99,22.19,270,L,€/L,,,https://driveimg1.intermarche.com/pt/Content/images/boitmal/produit/zoom/574B3E314AF635DCDB9A6448E3C017C1.jpg,,,,,,,2025-06-11T23:59:59.999999999+01:00,PROSPECTUS,19,1
36523,5604260295661,2500.0,PorSi,Batata pré-frita palito,"Embalagem de 2,5 kg",4.45,1.78,0,kg,€/Kg,,Tipo de stockagem,https://driveimg1.intermarche.com/pt/Content/images/boitmal/produit/zoom/5CD0ECED2F64941F1ED73448F895103A.jpg,,,,,,,2025-05-28T23:59:59.999999999+01:00,PROSPECTUS,19,1
38560,5601027006447,280.0,Bimbo,Pão de leite 8 un.,Embalagem de 280g,2.29,8.18,0,kg,€/Kg,,,https://driveimg1.intermarche.com/pt/Content/images/boitmal/produit/zoom/6B2CD6A0B581F7726EA51AA0698C6FB6.jpg,https://driveimg1.intermarche.com/pt/Content/images/boitmal/produit/zoom/03428EFF3EBBF0386E77776667460845.jpg,,,,,,2025-05-28T23:59:59.999999999+01:00,PROSPECTUS,19,1
388,8712566156115,71.0,Knorr,"Sopa de rabo de boi, 70g",,1.6,22.54,0,kg,€/Kg,,,https://driveimg1.intermarche.com/pt/Content/images/boitmal/produit/zoom/3A7D2F019E799AC69E8329E3FE5B92BA.jpg,,,,,,,2025-05-28T23:59:59.999999999+01:00,PROSPECTUS,19,1
44593,3600541946286,400.0,Garnier,Condicionador Ultra Suave Camomila,Embalagem de 400 ml,3.79,9.48,400,L,€/L,,,https://driveimg1.intermarche.com/pt/Content/images/boitmal/produit/zoom/E6E942226F14D859EE6A2B897DCE52DE.jpg,,,,,,,2025-06-11T23:59:59.999999999+01:00,PROSPECTUS,19,1
49831,8445290157348,390.0,Nesquik,"Achocolatado em pó, embalagem de 390g",,3.49,8.95,0,kg,€/Kg,,,https://driveimg1.intermarche.com/pt/Content/images/boitmal/produit/zoom/1C8D0ADDD419DD646B2CF36E18D3378F.jpg,,,,,,,2025-05-28T23:59:59.999999999+01:00,PROSPECTUS,19,1
5029,5601028006392,,Renova,"Papel higiénico super, folha dupla, 24 rolos",Uma embalagem,6.19,6.19,0,,€/Unidade,,,https://driveimg1.intermarche.com/pt/Content/images/boitmal/produit/zoom/19A1AFB828A16277843B91C4354C4318.jpg,,,,,,,2025-05-28T23:59:59.999999999+01:00,PROSPECTUS,19,1
52767,5604260331413,410.0,PorSi,Pizza Atum e Bacon em Forno de Pedra,Embalagem de 410g,2.52,6.15,0,kg,€/Kg,,,https://driveimg1.intermarche.com/pt/Content/images/boitmal/produit/zoom/9E9D5B2F0315729FE8E3D46FFAEC5366.jpg,,,,,,,2025-05-28T23:59:59.999999999+01:00,PROSPECTUS,19,1
52770,5604260331420,410.0,PorSi,Pizza Fiambre e Queijo em Forno de Pedra,Embalagem de 410g,2.49,6.07,0,kg,€/Kg,,,https://driveimg1.intermarche.com/pt/Content/images/boitmal/produit/zoom/016F4D84B46374F84F0E6B94E3EE8A67.jpg,,,,,,,2025-05-28T23:59:59.999999999+01:00,PROSPECTUS,19,1
52831,5411188139386,750.0,Alpro,"Bebida soja alto teor proteína, 750 ml",,1.59,2.12,750,L,€/L,,,https://driveimg1.intermarche.com/pt/Content/images/boitmal/produit/zoom/49ADB141EE7D3ED699ADC3A17F20F163.jpg,,,,,,,2025-05-28T23:59:59.999999999+01:00,PROSPECTUS,19,2
52890,8720181387395,2600.0,Skip,"Detergente em pó máquina de roupa lavanda, 52 doses",,9.99,3.84,0,kg,€/Kg,,,https://driveimg1.intermarche.com/pt/Content/images/boitmal/produit/zoom/8B9191CB2F5AF708DBCEF366A5EAA9EF.jpg,https://driveimg1.intermarche.com/pt/Content/images/boitmal/produit/zoom/0A65B162D21D47988E6DF425FEB9E8A0.jpg,https://driveimg1.intermarche.com/pt/Content/images/boitmal/produit/zoom/0A65B162D21D47988E6DF425FEB9E8A0.jpg,https://driveimg1.intermarche.com/pt/Content/images/boitmal/produit/zoom/0A65B162D21D47988E6DF425FEB9E8A0.jpg,https://driveimg1.intermarche.com/pt/Content/images/boitmal/produit/zoom/0A65B162D21D47988E6DF425FEB9E8A0.jpg,,,2025-05-28T23:59:59.999999999+01:00,PROSPECTUS,19,2
54606,8720181466359,720.0,Dove,"Gel de banho hydrate, 720ml",,4.79,6.65,720,L,€/L,,,https://driveimg1.intermarche.com/pt/Content/images/boitmal/produit/zoom/73576AE98695DDB42CEBA03FBEBB469E.jpg,,,,,,,2025-06-11T23:59:59.999999999+01:00,PROSPECTUS,19,2
54794,5603722521546,604.0,Mimosa,"Iogurte liquido banana, 4 x 151 ml",,1.44,2.38,604,L,€/L,,,https://driveimg1.intermarche.com/pt/Content/images/boitmal/produit/zoom/23212EB7A3AC6B5E99AFE5AEC8D0F7DF.jpg,,,,,,,2025-05-28T23:59:59.999999999+01:00,PROSPECTUS,19,2
54802,5603722521539,604.0,Mimosa,"Iogurte liquido morango, 4 x 151 ml",,1.44,2.38,604,L,€/L,,,https://driveimg1.intermarche.com/pt/Content/images/boitmal/produit/zoom/FB51425211E1948B683D88C51AE1A4C5.jpg,,,,,,,2025-05-28T23:59:59.999999999+01:00,PROSPECTUS,19,2
55183,5601066401159,200.0,Nacional,"Bolachas Marinheiras com Chia, 200g",,1.84,9.2,0,kg,€/Kg,,,https://driveimg1.intermarche.com/pt/Content/images/boitmal/produit/zoom/07849CE9892F8069AF5F27B8BBF09045.jpg,,,,,,,2025-05-28T23:59:59.999999999+01:00,PROSPECTUS,19,2
8400,5601050033779,620.0,Danone,"Iogurte activia líquido cereais, embalagem de 4 x 155 g",,1.99,3.21,0,kg,€/Kg,,,https://driveimg1.intermarche.com/pt/Content/images/boitmal/produit/zoom/3AC3707CF655B8CC61D2C80E4828D7C8.jpg,,,,,,,2025-05-28T23:59:59.999999999+01:00,PROSPECTUS,19,2
8413,8410500008932,600.0,Danone,"Actimel iogurte líquido de morango, de 6 x 100g",,2.99,4.98,0,kg,€/Kg,,,https://driveimg1.intermarche.com/pt/Content/images/boitmal/produit/zoom/F5F985DE2C1FEBCCE4ED6002098F416C.jpg,,,,,,,2025-05-28T23:59:59.999999999+01:00,PROSPECTUS,19,2
8996,5601511000357,200.0,Limiano,"Queijo em fatias -50% gordura, 200g",,2.39,11.95,0,kg,€/Kg,,,https://driveimg1.intermarche.com/pt/Content/images/boitmal/produit/zoom/A591F05910C9B1AB237E85F7BB193BB0.jpg,,,,,,,2025-05-28T23:59:59.999999999+01:00,PROSPECTUS,19,2
977,5601024124052,750.0,Oliveira da Serra,"Azeite virgem extra seleção ouro, garrafa de 750 ml",,6.19,8.25,750,L,€/L,,,https://driveimg1.intermarche.com/pt/Content/images/boitmal/produit/zoom/C1949CA33BBB7B540392F14948B1D8BF.jpg,,,,,,,2025-05-28T23:59:59.999999999+01:00,PROSPECTUS,19,2
10702,8714789925349,75.0,Colgate,"Pasta dentífrica máxima proteção, fresca, embalagem de 75 ml",,1.99,26.53,75,L,€/L,,,https://driveimg1.intermarche.com/pt/Content/images/boitmal/produit/zoom/25ADA59A95A3FDAF86D88BFBC2F69BCB.jpg,,,,,,,2025-06-11T23:59:59.999999999+01:00,PROSPECTUS,19,2
1108,5601066300087,500.0,Nacional,"Massa de cotovelinhos, embalagem de 500g",,0.89,1.78,0,kg,€/Kg,,,https://driveimg1.intermarche.com/pt/Content/images/boitmal/produit/zoom/85D4AC87404986F6E33A67AEEDC0D0E8.jpg,,,,,,,2025-05-28T23:59:59.999999999+01:00,PROSPECTUS,19,2
1117,5601066301404,500.0,Nacional,"Linguini, embalagem de 500g",,0.99,1.98,0,kg,€/Kg,,,https://driveimg1.intermarche.com/pt/Content/images/boitmal/produit/zoom/DF7C372AE0C2092F08F85EAC22BBC6EF.jpg,,,,,,,2025-05-28T23:59:59.999999999+01:00,PROSPECTUS,19,2
1118,5601066301428,500.0,Nacional,"Esparguete fino, embalagem de 500g",,0.99,1.98,0,kg,€/Kg,,,https://driveimg1.intermarche.com/pt/Content/images/boitmal/produit/zoom/67F0D19883C839DBA45E58C8EE2EE72B.jpg,,,,,,,2025-05-28T23:59:59.999999999+01:00,PROSPECTUS,19,2
11463,5601018001642,250.0,Gresso,"Manteiga com sal, embalagem de 250g",,2.14,8.56,0,kg,€/Kg,,,https://driveimg1.intermarche.com/pt/Content/images/boitmal/produit/zoom/3A5F1036925C0C6B8D6C067104A96CDE.jpg,https://driveimg1.intermarche.com/pt/Content/images/boitmal/produit/zoom/7AC5179CFF33BEA38B382077FB05A477.jpg,,,,,,2025-05-28T23:59:59.999999999+01:00,PROSPECTUS,19,2
11465,5601018003608,1000.0,Matinal,"Leite seleccionado magro, de 1l",,1.0,1.0,1000,L,€/L,,,https://driveimg1.intermarche.com/pt/Content/images/boitmal/produit/zoom/F46A1F399BBA63407EB01F30929F5649.jpg,,,,,,,2025-05-28T23:59:59.999999999+01:00,PROSPECTUS,19,2
11523,5601051410029,250.0,Primor,"Manteiga com sal, 250g",,2.14,8.56,0,kg,€/Kg,,,https://driveimg1.intermarche.com/pt/Content/images/boitmal/produit/zoom/6515E45A6FB2F6024F4DECB68FB265B3.jpg,,,,,,,2025-05-28T23:59:59.999999999+01:00,PROSPECTUS,19,2
11524,5601051420028,250.0,Primor,Manteiga sem sal,Embalagem de 250g,2.14,8.56,0,kg,€/Kg,,,https://driveimg1.intermarche.com/pt/Content/images/boitmal/produit/zoom/0C41B270FBA7B622E759FBA7E3B6B1CD.jpg,,,,,,,2025-05-28T23:59:59.999999999+01:00,PROSPECTUS,19,2
1187,5601119007963,120.0,Nobre,"6 salsichas de porco, lata de 120g",,1.04,8.67,0,kg,€/Kg,,,https://driveimg1.intermarche.com/pt/Content/images/boitmal/produit/zoom/024D21F90F760BFDC12CBD7EB02BECC6.jpg,,,,,,,2025-05-28T23:59:59.999999999+01:00,PROSPECTUS,19,2
12106,5604260266593,320.0,PorSi,Napolitas creme baunilha,Embalagem de 320g,1.77,5.53,0,kg,€/Kg,,,https://driveimg1.intermarche.com/pt/Content/images/boitmal/produit/zoom/DD74E124716DAC476D4D2CC49FD2F04F.jpg,,,,,,,2025-05-28T23:59:59.999999999+01:00,PROSPECTUS,19,2
1269,5601151021750,845.0,Compal,"Feijão preto, lata de 850g",,2.09,2.47,845,L,€/L,,,https://driveimg1.intermarche.com/pt/Content/images/boitmal/produit/zoom/9B352604A3E93D2F850CFCA0A305498A.jpg,,,,,,,2025-05-28T23:59:59.999999999+01:00,PROSPECTUS,19,2
1272,5601151060254,500.0,Compal,"Tomate triturado, embalagem de 500g",,1.39,2.78,0,kg,€/Kg,,,https://driveimg1.intermarche.com/pt/Content/images/boitmal/produit/zoom/F73D2E34D160FB2C4040DA3AD1BBEF87.jpg,,,,,,,2025-05-28T23:59:59.999999999+01:00,PROSPECTUS,19,2
1294,5601151450758,845.0,Compal,"Feijão manteiga, lata de 850g",,2.09,2.47,0,kg,€/Kg,,,https://driveimg1.intermarche.com/pt/Content/images/boitmal/produit/zoom/C80A38D3334A10E9F1DDCDBE8105CD22.jpg,,,,,,,2025-05-28T23:59:59.999999999+01:00,PROSPECTUS,19,2
1302,5601151700754,845.0,Compal,"Grão de bico, lata de 850g",,2.09,2.47,0,kg,€/Kg,,,https://driveimg1.intermarche.com/pt/Content/images/boitmal/produit/zoom/DA244D258ED9A9EF750825CAFFB70E24.jpg,,,,,,,2025-05-28T23:59:59.999999999+01:00,PROSPECTUS,19,2
13048,2893561000000,250.0,Marisco,Ameijoa Branca Vietnamita Congelada,Vendido a partir de 250 gr  (aprox.),0.5,1.99,0,,€/Kg,,Avantages !,https://driveimg1.intermarche.com/pt/Content/images/boitmal/produit/zoom/EB1BC296FF41180E6F3E1626AD4F78AA.jpg,,,,,,,2025-05-28T23:59:59.999999999+01:00,PROSPECTUS,19,2
1326,5601164113701,500.0,Super Bock,"Cerveja com álcool, lata, garrafa de 500 ml",,0.85,1.7,500,L,€/L,,,https://driveimg1.intermarche.com/pt/Content/images/boitmal/produit/zoom/0AB2770B97F8A4B3E443129A7F4E33FA.jpg,,,,,,,2025-05-28T23:59:59.999999999+01:00,PROSPECTUS,19,2
1331,5601165006255,259.0,Calvé,"Molho de alho, embalagem de 260g",,1.94,7.49,0,kg,€/Kg,,,https://driveimg1.intermarche.com/pt/Content/images/boitmal/produit/zoom/250292652676F63A9916D46B501BCEC4.jpg,https://driveimg1.intermarche.com/pt/Content/images/boitmal/produit/zoom/5F13F0DF96776682A865C5AC21E8DB42.jpg,https://driveimg1.intermarche.com/pt/Content/images/boitmal/produit/zoom/5F13F0DF96776682A865C5AC21E8DB42.jpg,https://driveimg1.intermarche.com/pt/Content/images/boitmal/produit/zoom/5F13F0DF96776682A865C5AC21E8DB42.jpg,https://driveimg1.intermarche.com/pt/Content/images/boitmal/produit/zoom/5F13F0DF96776682A865C5AC21E8DB42.jpg,,,2025-05-28T23:59:59.999999999+01:00,PROSPECTUS,19,2
13529,2893521000000,1000.0,Peixaria,Pescada do Chile Congelada Nº3,1 un= 1 kg (aprox.),8.99,8.99,0,,€/Kg,,Avantages !,https://driveimg1.intermarche.com/pt/Content/images/boitmal/produit/zoom/40D57D35BBDBDF72027C959F41A6E90C.jpg,,,,,,,2025-05-28T23:59:59.999999999+01:00,PROSPECTUS,19,2
13861,2691127000000,,Aves,Codornizes,1 un. = 150 g (aprox.),1.09,1.09,0,,€/Unidade,,,https://driveimg1.intermarche.com/pt/Content/images/boitmal/produit/zoom/49A0BEA3AB28A38ED8B2B84EBCB7B813.jpg,,,,,,,2025-05-28T23:59:59.999999999+01:00,PROSPECTUS,19,2
1406,5601228228013,1000.0,Oriente,"Arroz extra longo branco, embalagem de 1kg",,1.34,1.34,0,kg,€/Kg,,,https://driveimg1.intermarche.com/pt/Content/images/boitmal/produit/zoom/4F3085F0F40D276258CC5CECAC69E32C.jpg,,,,,,,2025-05-28T23:59:59.999999999+01:00,PROSPECTUS,19,2
14170,5601151978245,600.0,Bongo,"Néctar de sumo, sabor tum tum manga, pack 3 x 200 ml",,1.35,2.25,600,L,€/L,,,https://driveimg1.intermarche.com/pt/Content/images/boitmal/produit/zoom/5788FD85FF3C563D65F468A6E8E10E4D.jpg,,,,,,,2025-05-28T23:59:59.999999999+01:00,PROSPECTUS,19,2
14302,5000116109104,500.0,Iglo,"Ervilhas primavera, embalagem de 500g",,2.98,5.96,0,kg,€/Kg,,Tipo de stockagem,https://driveimg1.intermarche.com/pt/Content/images/boitmal/produit/zoom/331AE4FF3620F211D8048BD43B1F93FF.jpg,,,,,,,2025-05-28T23:59:59.999999999+01:00,PROSPECTUS,19,2
14372,8712100599392,550.0,Calvé,"Ketchup top down, embalagem de 550g",,2.59,4.71,0,kg,€/Kg,,,https://driveimg1.intermarche.com/pt/Content/images/boitmal/produit/zoom/6D3218F33B22BC3205033BC41E176600.jpg,https://driveimg1.intermarche.com/pt/Content/images/boitmal/produit/zoom/FE7F103C359D2D1FD7BF3FDC8DD381BA.jpg,https://driveimg1.intermarche.com/pt/Content/images/boitmal/produit/zoom/FE7F103C359D2D1FD7BF3FDC8DD381BA.jpg,https://driveimg1.intermarche.com/pt/Content/images/boitmal/produit/zoom/FE7F103C359D2D1FD7BF3FDC8DD381BA.jpg,,,,2025-05-28T23:59:59.999999999+01:00,PROSPECTUS,19,2
14566,8414516040122,125.0,Florette,"Agrião, embalagem de 125 g",,1.49,11.92,0,kg,€/Kg,,,https://driveimg1.intermarche.com/pt/Content/images/boitmal/produit/zoom/C8FA1EB83331FF196335DAF57F336C1E.jpg,,,,,,,2025-05-28T23:59:59.999999999+01:00,PROSPECTUS,19,2
14573,8414516001031,250.0,Florette,"Salada 4 estações, embalagem de 250 g",,1.49,5.96,0,kg,€/Kg,,,https://driveimg1.intermarche.com/pt/Content/images/boitmal/produit/zoom/544687527BD5EA27DA44855884673ABD.jpg,,,,,,,2025-05-28T23:59:59.999999999+01:00,PROSPECTUS,19,2
14698,7613034570512,90.0,Nestlé,"Fruta para bebé 4 frutas +4 meses, embalagem de 90g",,0.65,7.22,0,kg,€/Kg,,,https://driveimg1.intermarche.com/pt/Content/images/boitmal/produit/zoom/3717C2AF583A80AD83A765BB8032F767.jpg,,,,,,,2025-05-28T23:59:59.999999999+01:00,PROSPECTUS,19,2
15921,2696132000000,650.0,Pastelaria,Tarte de Flan,embalagem com 650g,3.99,6.14,0,kg,€/Kg,,,https://driveimg1.intermarche.com/pt/Content/images/boitmal/produit/zoom/27A5BDE3187D3D3C51C647BB82D32136.jpg,,,,,,,2025-05-28T23:59:59.999999999+01:00,PROSPECTUS,19,2
16693,5601066400916,120.0,Nacional,"Bolacha chocomax mini, embalagem de 120g",,1.24,10.33,0,kg,€/Kg,,,https://driveimg1.intermarche.com/pt/Content/images/boitmal/produit/zoom/3DB56A546076CEE7A0263616FFAC5173.jpg,,,,,,,2025-05-28T23:59:59.999999999+01:00,PROSPECTUS,19,2
17269,4084500617421,820.0,Fairy,"Detergente Líquido Lavar Loiça Original, 820 ml",,3.39,4.13,820,L,€/L,,,https://driveimg1.intermarche.com/pt/Content/images/boitmal/produit/zoom/AAC34482F7A307A6F6D7CF7355F8BFDC.jpg,,,,,,,2025-05-28T23:59:59.999999999+01:00,PROSPECTUS,19,2
17595,5411188115366,1000.0,Alpro,"Bebida aveia, embalagem de 1 litro",,1.99,1.99,1000,L,€/L,,,https://driveimg1.intermarche.com/pt/Content/images/boitmal/produit/zoom/F5E08DFF719942D46F9D4BF500500435.jpg,,,,,,,2025-05-28T23:59:59.999999999+01:00,PROSPECTUS,19,2
18157,3014260014278,,Oral B,Escova de Dentes 1-2-3 Shiny Clean,4 unidades,3.74,3.74,0,,€/Unidade,,,https://driveimg1.intermarche.com/pt/Content/images/boitmal/produit/zoom/E6FFAE21C5D38ABDA8B0CC3AEA23ACB2.jpg,,,,,,,2025-06-11T23:59:59.999999999+01:00,PROSPECTUS,19,2
1825,5604260032181,240.0,PorSi Viva Bem,Bolachas de aveia e trigo integral,Embalagem de 240g,1.23,5.13,0,kg,€/Kg,,,https://driveimg1.intermarche.com/pt/Content/images/boitmal/produit/zoom/0C6EAA13B16862AB0F0D51E429A7426C.jpg,,,,,,,2025-05-28T23:59:59.999999999+01:00,PROSPECTUS,19,2
18426,3600541887817,400.0,Garnier,Champô Ultra Suave Delicias de Aveia,Embalagem de 400 ml,3.79,9.48,400,L,€/L,,,https://driveimg1.intermarche.com/pt/Content/images/boitmal/produit/zoom/FB3520AB0507187656A408B0D650CF4F.jpg,,,,,,,2025-06-11T23:59:59.999999999+01:00,PROSPECTUS,19,2
1849,5604260036660,500.0,PorSi,Corn flakes saco,Embalagem de 500g,1.75,3.5,0,kg,€/Kg,,,https://driveimg1.intermarche.com/pt/Content/images/boitmal/produit/zoom/ECC3F2C638AF83363C7CF198CF9FC836.jpg,,,,,,,2025-05-28T23:59:59.999999999+01:00,PROSPECTUS,19,2
18535,5601066400947,180.0,Nacional,"Bolacha shortcake chocolate, embalagem de 180g",,1.24,6.89,0,kg,€/Kg,,,https://driveimg1.intermarche.com/pt/Content/images/boitmal/produit/zoom/CBFE7AF5F924BE5497638A69DF62503A.jpg,,,,,,,2025-05-28T23:59:59.999999999+01:00,PROSPECTUS,19,2
18596,8410500016029,400.0,Danone,"Iogurte líquido danonino morango/banana, embalagem de 4 x 100 g",,1.99,4.98,0,kg,€/Kg,,,https://driveimg1.intermarche.com/pt/Content/images/boitmal/produit/zoom/79AABB1D751FE6F57112090F819DD6BE.jpg,,,,,,,2025-05-28T23:59:59.999999999+01:00,PROSPECTUS,19,2
20918,5000116110964,840.0,Capitão Iglo,"30 douradinhos, embalagem de 840g",,8.99,10.7,0,kg,€/Kg,,Tipo de stockagem,https://driveimg1.intermarche.com/pt/Content/images/boitmal/produit/zoom/3C52B0905F2F1ACE3D67359B13FE0331.jpg,,,,,,,2025-05-28T23:59:59.999999999+01:00,PROSPECTUS,19,2
20939,5602125000344,300.0,Legumes,Cogumelo Portobello Pequeno,embalagem de 300 g,1.69,5.63,0,kg,€/Kg,,,https://driveimg1.intermarche.com/pt/Content/images/boitmal/produit/zoom/498EFA86C0C334205FFF2827730CD254.jpg,,,,,,,2025-05-28T23:59:59.999999999+01:00,PROSPECTUS,19,2
21313,5601356013086,750.0,Porta da Ravessa,"Vinho rosé alentejo, garrafa de 750 ml",,2.24,2.99,750,L,€/L,,,https://driveimg1.intermarche.com/pt/Content/images/boitmal/produit/zoom/1276D9ACC32E43ECA2884FC8EF4E0E97.jpg,,,,,,,2025-05-28T23:59:59.999999999+01:00,PROSPECTUS,19,2
21489,7622210635105,154.0,Oreo,"Bolachas recheadas com morango e cheesecake, embalagem de 150g",,1.49,9.68,0,kg,€/Kg,,,https://driveimg1.intermarche.com/pt/Content/images/boitmal/produit/zoom/E787EAAA76B1FC85CB31F835787DBD7F.jpg,,,,,,,2025-05-28T23:59:59.999999999+01:00,PROSPECTUS,19,2
22154,5603722514432,480.0,Mimosa,"Iogurte magro + gelatina framboesa, 4 x 120 g",,1.69,3.52,0,kg,€/Kg,,,https://driveimg1.intermarche.com/pt/Content/images/boitmal/produit/zoom/4B8FFB70093D642C712341C27C8C2BEC.jpg,,,,,,,2025-05-28T23:59:59.999999999+01:00,PROSPECTUS,19,2
22941,5604260280940,130.0,PorSi Viva Bem,Tortitas de arroz sem sal,Embalagem de 130g,0.79,6.08,0,kg,€/Kg,,,https://driveimg1.intermarche.com/pt/Content/images/boitmal/produit/zoom/4EC68B3BD9D632DE980E2617EFE6C9E8.jpg,,,,,,,2025-05-28T23:59:59.999999999+01:00,PROSPECTUS,19,2
22955,3045200760009,500.0,Sanytol,"Desinfetante para Roupa, 500ml",,2.64,5.28,500,L,€/L,,,https://driveimg1.intermarche.com/pt/Content/images/boitmal/produit/zoom/932FDF72A4293CF6B46E5DCF125CBB20.jpg,,,,,,,2025-05-28T23:59:59.999999999+01:00,PROSPECTUS,19,2
2314,5604260271856,355.0,PorSi,Cogumelos inteiros,Embalagem de 355 g,1.29,3.63,0,kg,€/Kg,,,https://driveimg1.intermarche.com/pt/Content/images/boitmal/produit/zoom/01F5BA204144BDCBC76F253B25332909.jpg,,,,,,,2025-05-28T23:59:59.999999999+01:00,PROSPECTUS,19,2
23567,3600523299850,50.0,L'oreal Men Expert,Desodorizante Roll' On Shirt Protect,Embalagem de 50 ml,2.69,53.8,50,L,€/L,,,https://driveimg1.intermarche.com/pt/Content/images/boitmal/produit/zoom/59B0AFB6C9A9DA1678B385D33DB97EFE.jpg,,,,,,,2025-06-11T23:59:59.999999999+01:00,PROSPECTUS,19,2
2403,5608543000072,20.0,Tetley,"Chá de mel, limão e ginseng",Embalagem de 20g,0.94,47.0,0,kg,€/Kg,,,https://driveimg1.intermarche.com/pt/Content/images/boitmal/produit/zoom/9B1217457C8CB66C8447C64453800613.jpg,,,,,,,2025-05-28T23:59:59.999999999+01:00,PROSPECTUS,19,2
2406,5608543000102,30.0,Tetley,Chá preto,Embalagem de 30g,1.29,43.0,0,kg,€/Kg,,,https://driveimg1.intermarche.com/pt/Content/images/boitmal/produit/zoom/D3C0F9FE6B1C09C70D614E0CDECAD3A6.jpg,,,,,,,2025-05-28T23:59:59.999999999+01:00,PROSPECTUS,19,2
24371,5601050033014,620.0,Danone,"Iogurte líquido pinacolada corpos danone, embalagem de 4 x 155g",,1.89,3.05,0,kg,€/Kg,,,https://driveimg1.intermarche.com/pt/Content/images/boitmal/produit/zoom/6B78DED571E8DAF3CF098A27E97064BA.jpg,,,,,,,2025-05-28T23:59:59.999999999+01:00,PROSPECTUS,19,2
24393,5601028000352,,Renova,Guardanapos Red Label 1 folha |Branco,Dim: 30x32cm |70 unidades,0.63,0.63,0,,€/Unidade,,,https://driveimg1.intermarche.com/pt/Content/images/boitmal/produit/zoom/8EB475C9EAB7F71BAD24D03BE60490C5.jpg,,,,,,,2025-05-28T23:59:59.999999999+01:00,PROSPECTUS,19,2
24413,8410436297783,1300.0,Sonasol,"Lava tudo PH neutro, embalagem de 1,3l",,2.09,1.61,1300,L,€/L,,,https://driveimg1.intermarche.com/pt/Content/images/boitmal/produit/zoom/40B27BFEEAC61B53B8E103581B41FECE.jpg,,,,,,,2025-05-28T23:59:59.999999999+01:00,PROSPECTUS,19,2
24594,3600550835809,50.0,Narta,"Desodorizante roll-on impecável, 50 ml",,2.39,47.8,50,L,€/L,,,https://driveimg1.intermarche.com/pt/Content/images/boitmal/produit/zoom/EED4B2BAC954892F98C714A7E44BD790.jpg,,,,,,,2025-06-11T23:59:59.999999999+01:00,PROSPECTUS,19,2
24810,8714100289983,440.0,Magnum,"Gelado pint amêndoas, embalagem de 440 ml",,3.99,9.07,440,L,€/L,,Tipo de stockagem,https://driveimg1.intermarche.com/pt/Content/images/boitmal/produit/zoom/3A13A62312A4E6B689883F50A6265AFD.jpg,https://driveimg1.intermarche.com/pt/Content/images/boitmal/produit/zoom/CAF47DA081A9FA3D88EC863A18BD3DDE.jpg,https://driveimg1.intermarche.com/pt/Content/images/boitmal/produit/zoom/CAF47DA081A9FA3D88EC863A18BD3DDE.jpg,,,,,2025-05-28T23:59:59.999999999+01:00,PROSPECTUS,19,2
24811,5604260276363,600.0,PorSi,Gelado sandwich nata/chocolate,Embalagem de 6x100 ml,2.99,4.98,600,L,€/L,,Tipo de stockagem,https://driveimg1.intermarche.com/pt/Content/images/boitmal/produit/zoom/E32BF05E787615CAC3DCF287D228BF70.jpg,,,,,,,2025-05-28T23:59:59.999999999+01:00,PROSPECTUS,19,2
25107,5601027001213,450.0,Panrico,Pão de forma s/ côdea,Embalagem de 450g,1.99,4.42,0,kg,€/Kg,,,https://driveimg1.intermarche.com/pt/Content/images/boitmal/produit/zoom/4415BD3C2611094550251BDA0956C144.jpg,,,,,,,2025-05-28T23:59:59.999999999+01:00,PROSPECTUS,19,2
26300,4000388177000,250.0,Dove,"Sabonete líquido original, 250 ml",,2.39,9.56,250,L,€/L,,,https://driveimg1.intermarche.com/pt/Content/images/boitmal/produit/zoom/E48FE147EDAF5E4C408B9B5A3DC58EA7.jpg,,,,,,,2025-06-11T23:59:59.999999999+01:00,PROSPECTUS,19,2
27893,3600542117937,400.0,Fructis,Champô Hidra Bomb Aloe Vera,Embalagem de 400 ml,3.89,9.73,400,L,€/L,,,https://driveimg1.intermarche.com/pt/Content/images/boitmal/produit/zoom/0B39F24315B17E1C33DCF22900D87031.jpg,,,,,,,2025-06-11T23:59:59.999999999+01:00,PROSPECTUS,19,2
28566,5608394421668,500.0,Origens Bio,"Sal himalaias fino, embalagem 500g",,1.49,2.98,0,kg,€/Kg,,,https://driveimg1.intermarche.com/pt/Content/images/boitmal/produit/zoom/A3E2018A03F5EBD66224DE8507AE186C.jpg,,,,,,,2025-05-28T23:59:59.999999999+01:00,PROSPECTUS,19,2
29738,8410436324533,1300.0,Sonasol,"Lava Tudo Flores Montanha, 1.3 l",,2.09,1.61,1300,L,€/L,,,https://driveimg1.intermarche.com/pt/Content/images/boitmal/produit/zoom/13FBFB2C777E7C44B0340328520A2D41.jpg,,,,,,,2025-05-28T23:59:59.999999999+01:00,PROSPECTUS,19,2
32299,4005900388650,150.0,Nivea Men,"Desodorizante spray black & white men, 150 ml",,2.79,18.6,150,L,€/L,,,https://driveimg1.intermarche.com/pt/Content/images/boitmal/produit/zoom/1CFD17D9EFCFB764EEEE2BAAB79429B4.jpg,,,,,,,2025-06-11T23:59:59.999999999+01:00,PROSPECTUS,19,2
32306,8718951202979,500.0,Palmolive,"Gel de banho naturals amêndoa e leite, 500 ml",,2.69,5.38,500,L,€/L,,,https://driveimg1.intermarche.com/pt/Content/images/boitmal/produit/zoom/F33F92F4F53A6A0ED534C67B846C0ABA.jpg,,,,,,,2025-06-11T23:59:59.999999999+01:00,PROSPECTUS,19,2
32402,4005900542557,50.0,Nivea,"Desodorizante roll on black & white invisible silky smooth, 50 ml",,3.14,62.8,50,L,€/L,,,https://driveimg1.intermarche.com/pt/Content/images/boitmal/produit/zoom/38BC337DF80EFF7BB0EAAC1C90FD7BD0.jpg,,,,,,,2025-06-11T23:59:59.999999999+01:00,PROSPECTUS,19,2
35283,2892396000000,300.0,Fruta,Pera forelle categoria II,Vendido ao peso,0.6,1.99,0,,€/Kg,,,https://driveimg1.intermarche.com/pt/Content/images/boitmal/produit/zoom/0956C2DB9CF6969BCCF587A350B404B2.jpg,,,,,,,2025-05-28T23:59:59.999999999+01:00,PROSPECTUS,19,2
35544,7622210420244,160.0,Prince,"Bolachas mini prince recheadas com chocolate, embalagem de 160g",,1.84,11.5,0,kg,€/Kg,,,https://driveimg1.intermarche.com/pt/Content/images/boitmal/produit/zoom/61F2634B3866278C0DEB463B7CD623C7.jpg,,,,,,,2025-05-28T23:59:59.999999999+01:00,PROSPECTUS,19,2
35626,5600258596888,50.0,Feno,"Desodorizante roll on dermo protectivo de gardénia, 50 ml",,2.69,53.8,50,L,€/L,,,https://driveimg1.intermarche.com/pt/Content/images/boitmal/produit/zoom/673A128A9F08DB22560026A8F2E05564.jpg,,,,,,,2025-06-11T23:59:59.999999999+01:00,PROSPECTUS,19,2
36603,2735750000000,700.0,PorSi,"Canjinha de Frango, embalagem de 700g (aprox.)",,2.65,3.79,0,,€/Kg,,,https://driveimg1.intermarche.com/pt/Content/images/boitmal/produit/zoom/8FA9AFA7A91E13720632B3DA061576A7.jpg,,,,,,,2025-05-28T23:59:59.999999999+01:00,PROSPECTUS,19,2
36657,5601217132673,500.0,Cillitbang,"Spray lixívia e higiene, de 500 ml",,2.49,4.98,500,L,€/L,,,https://driveimg1.intermarche.com/pt/Content/images/boitmal/produit/zoom/D9B27A41A222F2F218026715A414F2D0.jpg,,,,,,,2025-05-28T23:59:59.999999999+01:00,PROSPECTUS,19,2
37510,7613036841498,90.0,Nestlé,"Pacote maçã e pêssego, embalagem de 90g",,0.65,7.22,0,kg,€/Kg,,,https://driveimg1.intermarche.com/pt/Content/images/boitmal/produit/zoom/E9135C730A89C3C259880AD7C684D6EF.jpg,,,,,,,2025-05-28T23:59:59.999999999+01:00,PROSPECTUS,19,2
391,8712566173648,69.0,Knorr,"Sopa de cozido, 70g",,1.6,23.19,0,kg,€/Kg,,,https://driveimg1.intermarche.com/pt/Content/images/boitmal/produit/zoom/0C584B5CFBC96172D2290B0DB00EB0B4.jpg,,,,,,,2025-05-28T23:59:59.999999999+01:00,PROSPECTUS,19,2
392,8712566173860,68.0,Knorr,"Canja com aletria, embalagem de 70g",,1.6,23.53,0,kg,€/Kg,,,https://driveimg1.intermarche.com/pt/Content/images/boitmal/produit/zoom/0FDE190C3180267DE92D355FE905E718.jpg,,,,,,,2025-05-28T23:59:59.999999999+01:00,PROSPECTUS,19,2
393,8712566173945,72.0,Knorr,"Creme marisco, embalagem de 70g",,1.6,22.22,0,kg,€/Kg,,,https://driveimg1.intermarche.com/pt/Content/images/boitmal/produit/zoom/42380F997942E9C34D4500FD929708AF.jpg,,,,,,,2025-05-28T23:59:59.999999999+01:00,PROSPECTUS,19,2
40147,7622201122683,114.0,Royal,"Gelatina de limão, embalagem de 114g",,1.45,12.72,0,kg,€/Kg,,,https://driveimg1.intermarche.com/pt/Content/images/boitmal/produit/zoom/080C7E407272845A61112B3CADB30DE5.jpg,,,,,,,2025-05-28T23:59:59.999999999+01:00,PROSPECTUS,19,2
40516,5604260286478,2000.0,PorSi,Ração seca cocktail para gato adulto,Embalagem de 2 kg,3.99,2.0,0,kg,€/Kg,,,https://driveimg1.intermarche.com/pt/Content/images/boitmal/produit/zoom/A7253EA013D7B36BAB17B96BFCE9E097.jpg,,,,,,,2025-05-28T23:59:59.999999999+01:00,PROSPECTUS,19,2
40672,5609060095992,100.0,Delta,Café solúvel intenso,Embalagem de 100g,3.49,34.9,0,kg,€/Kg,,,https://driveimg1.intermarche.com/pt/Content/images/boitmal/produit/zoom/9D4895AD34340D994C0746A03FC85B3A.jpg,,,,,,,2025-05-28T23:59:59.999999999+01:00,PROSPECTUS,19,2
40673,5609060095695,80.0,Delta,Café solúvel creme,Embalagem de 80 g,3.49,43.63,0,kg,€/Kg,,,https://driveimg1.intermarche.com/pt/Content/images/boitmal/produit/zoom/935D15F1339990569144EB9273226D10.jpg,,,,,,,2025-05-28T23:59:59.999999999+01:00,PROSPECTUS,19,2
40889,7622201122645,114.0,Royal,"Gelatina de morango e framboesa, embalagem de 114g",,1.45,12.72,0,kg,€/Kg,,,https://driveimg1.intermarche.com/pt/Content/images/boitmal/produit/zoom/B15692ACC03EEF113428584D233CB12A.jpg,,,,,,,2025-05-28T23:59:59.999999999+01:00,PROSPECTUS,19,2
40925,8710522652138,240.0,Calvé,"Maionese top down, embalagem de 240g",,1.48,6.17,0,kg,€/Kg,,,https://driveimg1.intermarche.com/pt/Content/images/boitmal/produit/zoom/ECF2C8ABFC985CAC5B87AA78A2E96931.jpg,https://driveimg1.intermarche.com/pt/Content/images/boitmal/produit/zoom/8E23B17512BCD2C444A6228885CC4217.jpg,https://driveimg1.intermarche.com/pt/Content/images/boitmal/produit/zoom/8E23B17512BCD2C444A6228885CC4217.jpg,https://driveimg1.intermarche.com/pt/Content/images/boitmal/produit/zoom/8E23B17512BCD2C444A6228885CC4217.jpg,https://driveimg1.intermarche.com/pt/Content/images/boitmal/produit/zoom/8E23B17512BCD2C444A6228885CC4217.jpg,,,2025-05-28T23:59:59.999999999+01:00,PROSPECTUS,19,2
40993,7622201122669,114.0,Royal,"Gelatina tutti frutti, embalagem de 114g",,1.45,12.72,0,kg,€/Kg,,,https://driveimg1.intermarche.com/pt/Content/images/boitmal/produit/zoom/04E0342E1E578793A06A837EEE498186.jpg,,,,,,,2025-05-28T23:59:59.999999999+01:00,PROSPECTUS,19,2
40994,7622201122720,114.0,Royal,"Gelatina maracujá, 114g",,1.45,12.72,0,kg,€/Kg,,,https://driveimg1.intermarche.com/pt/Content/images/boitmal/produit/zoom/A0E1E0485E757A6E0F350062BC502994.jpg,,,,,,,2025-05-28T23:59:59.999999999+01:00,PROSPECTUS,19,2
40995,7622201122768,114.0,Royal,"Gelatina de pêssego, embalagem de 114g",,1.45,12.72,0,kg,€/Kg,,,https://driveimg1.intermarche.com/pt/Content/images/boitmal/produit/zoom/86663744F099161E6FBCF940E76DCF13.jpg,,,,,,,2025-05-28T23:59:59.999999999+01:00,PROSPECTUS,19,2
41098,5604260303649,2000.0,PorSi,Ração seca para gatinhos frango e legumes,Embalagem de 2 kg,4.99,2.5,0,kg,€/Kg,,,https://driveimg1.intermarche.com/pt/Content/images/boitmal/produit/zoom/E9D3471E68E59A8E96AADF7F1B35FF01.jpg,,,,,,,2025-05-28T23:59:59.999999999+01:00,PROSPECTUS,19,2
41451,3574669907750,500.0,Johnson's Baby,Champô gold,Embalagem de 500 ml,4.49,8.98,500,L,€/L,,,https://driveimg1.intermarche.com/pt/Content/images/boitmal/produit/zoom/F9A766B16E36C2DD420241CFF2A8AFCD.jpg,,,,,,,2025-06-11T23:59:59.999999999+01:00,PROSPECTUS,19,2
41616,3600542298247,40.0,Ambre Solaire,Protector Solar de Rosto 50+,Embalagem de 40 ml,12.24,306.0,40,L,€/L,,,https://driveimg1.intermarche.com/pt/Content/images/boitmal/produit/zoom/5C06C2D05122B790BC2EAEAD8975D0E2.jpg,,,,,,,2025-06-11T23:59:59.999999999+01:00,PROSPECTUS,19,2
41874,8718951313316,75.0,Colgate,"Pasta dentífrica cool mint, 75 ml",,2.16,28.8,75,L,€/L,,,https://driveimg1.intermarche.com/pt/Content/images/boitmal/produit/zoom/2DAA61BE6D06A4399D41EFB19DA0D088.jpg,,,,,,,2025-06-11T23:59:59.999999999+01:00,PROSPECTUS,19,2
4335,3600540829160,50.0,Narta men,"Desodorizante roll-on, invisimax",Embalagem de 50 ml,2.69,53.8,50,L,€/L,,,https://driveimg1.intermarche.com/pt/Content/images/boitmal/produit/zoom/A48BB816DCCE142F5DC4F8D9E2CEC850.jpg,,,,,,,2025-06-11T23:59:59.999999999+01:00,PROSPECTUS,19,2
44234,8710522854815,257.0,Calvé,"Mostarda top down, embalagem de 257g",,1.68,6.54,0,kg,€/Kg,,,https://driveimg1.intermarche.com/pt/Content/images/boitmal/produit/zoom/63AC7BC5BB2C7D5CE58B458BE855CC4A.jpg,,,,,,,2025-05-28T23:59:59.999999999+01:00,PROSPECTUS,19,2
44241,5601050036886,120.0,Danone,"Iogrute twix, embalagem de 120g",,0.99,8.25,0,kg,€/Kg,,,https://driveimg1.intermarche.com/pt/Content/images/boitmal/produit/zoom/E4E89664DF24BCB428B25457942D3E4C.jpg,,,,,,,2025-05-28T23:59:59.999999999+01:00,PROSPECTUS,19,2
45380,5601050036954,620.0,Danone,"Iogurte magro corpos danone líquido frutos tropicais, 4 x 155 g",,1.89,3.05,0,kg,€/Kg,,,https://driveimg1.intermarche.com/pt/Content/images/boitmal/produit/zoom/231284A4A018EB1BDB97D1E53DC7ECFE.jpg,,,,,,,2025-05-28T23:59:59.999999999+01:00,PROSPECTUS,19,2
45875,4005900388810,150.0,Nivea Men,"Desodorizante spray cool kick, 150 ml",,2.69,17.93,150,L,€/L,,,https://driveimg1.intermarche.com/pt/Content/images/boitmal/produit/zoom/FF08F460974B7D9B6A9FEDD00802151C.jpg,,,,,,,2025-06-11T23:59:59.999999999+01:00,PROSPECTUS,19,2
45883,8718951315365,75.0,Colgate,Dentifrico max white  cristais brancos,Embalagem 75 ml,2.16,28.8,75,L,€/L,,,https://driveimg1.intermarche.com/pt/Content/images/boitmal/produit/zoom/8C1D2E83F00F9342F16286473DC43174.jpg,,,,,,,2025-06-11T23:59:59.999999999+01:00,PROSPECTUS,19,2
46333,5054563107510,75.0,Sensodyne,Dentífrico sensibilidade e gengivas,Embalagem de 75 ml,3.95,52.67,75,L,€/L,,,https://driveimg1.intermarche.com/pt/Content/images/boitmal/produit/zoom/FB46A103FD259F3133F02CC556AD6D4A.jpg,,,,,,,2025-06-11T23:59:59.999999999+01:00,PROSPECTUS,19,2
46670,5601050037227,620.0,Danone,"Iogurte Líquido Activia Aveia & Linhaça, 4x155g",,1.99,3.21,0,kg,€/Kg,,,https://driveimg1.intermarche.com/pt/Content/images/boitmal/produit/zoom/4D8BE19F5E55132CE3BDC6C6840F7986.jpg,,,,,,,2025-05-28T23:59:59.999999999+01:00,PROSPECTUS,19,3
46824,5603722518270,720.0,Mimosa,"Iogurte magro aroma multi sabores de morango/coco, 6x120g",,1.99,2.76,0,kg,€/Kg,,,https://driveimg1.intermarche.com/pt/Content/images/boitmal/produit/zoom/C1F13564A32ADE4727C9B834FE2B8090.jpg,,,,,,,2025-05-28T23:59:59.999999999+01:00,PROSPECTUS,19,3
4687,5000116105212,375.0,Iglo,"Ervilhas, embalagem de 375g",,1.89,5.04,0,kg,€/Kg,,Tipo de stockagem,https://driveimg1.intermarche.com/pt/Content/images/boitmal/produit/zoom/6C528FEBBEDC5462386A3AB117EEBFD4.jpg,,,,,,,2025-05-28T23:59:59.999999999+01:00,PROSPECTUS,19,3
47109,7613287218704,110.0,Nestlé,"Bolsitas de puré de 4 frutas, embalagem de 110g",,0.73,6.64,0,kg,€/Kg,,,https://driveimg1.intermarche.com/pt/Content/images/boitmal/produit/zoom/AAE972318DF3C7B29E7A2F9B4E66DEFB.jpg,,,,,,,2025-05-28T23:59:59.999999999+01:00,PROSPECTUS,19,3
47110,7613287218766,110.0,Nestlé,Bolsitas de puré de multifrutas,Embalagem de 110g,0.73,6.64,0,kg,€/Kg,,,https://driveimg1.intermarche.com/pt/Content/images/boitmal/produit/zoom/3A0DC006BA90FE4ED51AF00C38870697.jpg,,,,,,,2025-05-28T23:59:59.999999999+01:00,PROSPECTUS,19,3
47656,5600258596994,700.0,Super Pop,"Detergente loiça tripla ação limão, 700 ml",,2.49,3.56,700,L,€/L,,,https://driveimg1.intermarche.com/pt/Content/images/boitmal/produit/zoom/249F8942AC5C646CF234B21F2C24F1D5.jpg,,,,,,,2025-05-28T23:59:59.999999999+01:00,PROSPECTUS,19,3
47773,5604260318360,800.0,PorSi,Bolacha torrada,Embalagem de 4 x 200 g,1.79,2.24,0,kg,€/Kg,,,https://driveimg1.intermarche.com/pt/Content/images/boitmal/produit/zoom/B34D381660B66C825FC1B2C81D0CB4B6.jpg,https://driveimg1.intermarche.com/pt/Content/images/boitmal/produit/zoom/E12EC16C30B06A41C2C59A8BB1CB306A.jpg,https://driveimg1.intermarche.com/pt/Content/images/boitmal/produit/zoom/E12EC16C30B06A41C2C59A8BB1CB306A.jpg,,,,,2025-05-28T23:59:59.999999999+01:00,PROSPECTUS,19,3
48030,7613287495259,1020.0,Felix,"Fantastic seleção de peixes em gelatina, embalagem de 12x100g",,5.99,5.87,0,kg,€/Kg,,,https://driveimg1.intermarche.com/pt/Content/images/boitmal/produit/zoom/6C8C86286E27A01458DD382E5FE02A80.jpg,,,,,,,2025-05-28T23:59:59.999999999+01:00,PROSPECTUS,19,3
48209,5604260322787,1980.0,PorSi,"Detergente líquido máquina de roupa delicada, 66 doses",,2.79,1.41,1980,L,€/L,,,https://driveimg1.intermarche.com/pt/Content/images/boitmal/produit/zoom/D1552534B80C43B5DC20090AA96CB12B.jpg,,,,,,,2025-05-28T23:59:59.999999999+01:00,PROSPECTUS,19,3
48210,5604260323111,4300.0,PorSi,Detergente líquido máquina de roupa sabão natural,86 Doses,6.19,1.44,4300,L,€/L,,,https://driveimg1.intermarche.com/pt/Content/images/boitmal/produit/zoom/76EACB4A59BF656D1FBA0DCA4A1D2D29.jpg,,,,,,,2025-05-28T23:59:59.999999999+01:00,PROSPECTUS,19,3
48426,4005900845702,50.0,Nivea Men,"Desodorizante roll on cool kick, 50 ml",,2.69,53.8,50,L,€/L,,,https://driveimg1.intermarche.com/pt/Content/images/boitmal/produit/zoom/9A906FA410C547B80F0C3BC1C3C86CB6.jpg,,,,,,,2025-06-11T23:59:59.999999999+01:00,PROSPECTUS,19,3
48714,5900951141638,200.0,M&MS,"M&ms drageias de chocolate de leite, 200g",,3.74,18.7,0,kg,€/Kg,,,https://driveimg1.intermarche.com/pt/Content/images/boitmal/produit/zoom/D37D9BF16D0F95A60357AE85EFA93378.jpg,,,,,,,2025-05-28T23:59:59.999999999+01:00,PROSPECTUS,19,3
48922,8006540417072,300.0,Pantene,Máscara Caracóis Perfeitos,300 ml,4.94,16.47,300,L,€/L,,,https://driveimg1.intermarche.com/pt/Content/images/boitmal/produit/zoom/025366923064A3F3F548E755A8D57055.jpg,,,,,,,2025-06-11T23:59:59.999999999+01:00,PROSPECTUS,19,3
49085,5604260323555,300.0,PorSi,8 rissóis de camarão,Embalagem de 300g,1.12,3.73,0,kg,€/Kg,,Tipo de stockagem,https://driveimg1.intermarche.com/pt/Content/images/boitmal/produit/zoom/27AD02C29085241986914670AC32532C.jpg,,,,,,,2025-05-28T23:59:59.999999999+01:00,PROSPECTUS,19,3
49177,3600523966752,150.0,Elvive,Spray Protetor de Calor Cabelo Comprido e Liso,150 ml,5.59,37.27,150,L,€/L,,,https://driveimg1.intermarche.com/pt/Content/images/boitmal/produit/zoom/210A21B9957FF3EBFDB7D3F2679513DF.jpg,,,,,,,2025-06-11T23:59:59.999999999+01:00,PROSPECTUS,19,3
49179,3600524029661,300.0,Elvive,Condicionador Hidra Hialurónico,300 ml,3.89,12.97,300,L,€/L,,,https://driveimg1.intermarche.com/pt/Content/images/boitmal/produit/zoom/358E669EEAD046E20A951D3F73537685.jpg,,,,,,,2025-06-11T23:59:59.999999999+01:00,PROSPECTUS,19,3
49359,5601146700066,6000.0,Sagres,"Cerveja com álcool, pack 24 x 0.25 l",,11.69,1.95,6000,L,€/L,,,https://driveimg1.intermarche.com/pt/Content/images/boitmal/produit/zoom/67C6D1253BB0D82F02E1633DF741EA25.jpg,https://driveimg1.intermarche.com/pt/Content/images/boitmal/produit/zoom/B2E3D57423A20C8E7B4C1173F1457C2E.jpg,,,,,,2025-05-28T23:59:59.999999999+01:00,PROSPECTUS,19,3
49964,8719200238176,225.0,Becel,"Creme de barrar, embalagem de 225g",,1.99,8.84,0,kg,€/Kg,,,https://driveimg1.intermarche.com/pt/Content/images/boitmal/produit/zoom/02C3B8CB4BF40DA381639A6BD63AEBA6.jpg,,,,,,,2025-05-28T23:59:59.999999999+01:00,PROSPECTUS,19,3
5028,5601028006231,,Renova,"Lenços de bolso sensitive brancos, 24 unidades",,2.89,2.89,0,,€/Unidade,,,https://driveimg1.intermarche.com/pt/Content/images/boitmal/produit/zoom/0CC244AFF55976B3210C6D16467CD206.jpg,,,,,,,2025-05-28T23:59:59.999999999+01:00,PROSPECTUS,19,3
50367,5604260326129,300.0,PorSi,8 rissóis de pescada,Embalagem de 300g,0.99,3.3,0,kg,€/Kg,,Tipo de stockagem,https://driveimg1.intermarche.com/pt/Content/images/boitmal/produit/zoom/D16961E3B0472C56A6806953B459DF1C.jpg,,,,,,,2025-05-28T23:59:59.999999999+01:00,PROSPECTUS,19,3
50393,5411188136613,1000.0,Alpro,"Bebida de aveia not milk clássica vegan, de 1 l",,1.99,1.99,1000,L,€/L,,,https://driveimg1.intermarche.com/pt/Content/images/boitmal/produit/zoom/6821B4EC371AD517DBE48650010725D9.jpg,,,,,,,2025-05-28T23:59:59.999999999+01:00,PROSPECTUS,19,3
5093,5601050033755,620.0,Danone,"Iogurte activia líquido 0% morango/kiwi, embalagem de 4 x 155 g",,1.99,3.21,0,kg,€/Kg,,,https://driveimg1.intermarche.com/pt/Content/images/boitmal/produit/zoom/29B41AE598716D0550D815AA0FE86025.jpg,,,,,,,2025-05-28T23:59:59.999999999+01:00,PROSPECTUS,19,3
51242,5604260326266,,PorSi,Batom Sun Protect FPS30,1 unidade,1.59,1.59,0,,€/Unidade,,,https://driveimg1.intermarche.com/pt/Content/images/boitmal/produit/zoom/AE11750702DBDE6B49910C5716DC1771.jpg,,,,,,,2025-06-11T23:59:59.999999999+01:00,PROSPECTUS,19,3
51314,5601066200745,800.0,Nacional,"Farinha de aveia integral, 800g",,1.39,1.74,0,kg,€/Kg,,,https://driveimg1.intermarche.com/pt/Content/images/boitmal/produit/zoom/235C10960E97294CC4CDC7A584513052.jpg,,,,,,,2025-05-28T23:59:59.999999999+01:00,PROSPECTUS,19,3
51403,5604260325689,1000.0,PorSi,"Vinagre de limpeza, 1 litrp",,0.95,0.95,1000,L,€/L,,,https://driveimg1.intermarche.com/pt/Content/images/boitmal/produit/zoom/D97716AE40F4384225AEA397971D7BFD.jpg,,,,,,,2025-05-28T23:59:59.999999999+01:00,PROSPECTUS,19,3
51504,8006540346976,200.0,Pantene,Espuma Caracóis Perfeitos,Embalagem de 200 ml,3.29,16.45,200,L,€/L,,,https://driveimg1.intermarche.com/pt/Content/images/boitmal/produit/zoom/C1FDAB4454796984FFC7BAE683687BFA.jpg,,,,,,,2025-06-11T23:59:59.999999999+01:00,PROSPECTUS,19,3
51538,8006540752333,,Fairy,Detergente Loiça Máquina Platinum Plus Limão,Pack XXL de 48 pastilhas,12.99,12.99,0,,€/Unidade,,,https://driveimg1.intermarche.com/pt/Content/images/boitmal/produit/zoom/8786FC846898F0510EA5C208486C5D8B.jpg,,,,,,,2025-05-28T23:59:59.999999999+01:00,PROSPECTUS,19,3
51608,8006540830918,820.0,Fairy,Detergente Líquido p/ Lavar Loiça Limão,Embalagem de 820 ml,3.99,4.87,820,L,€/L,,,https://driveimg1.intermarche.com/pt/Content/images/boitmal/produit/zoom/F542477DBDEED3AD6C2F55650254DA51.jpg,,,,,,,2025-05-28T23:59:59.999999999+01:00,PROSPECTUS,19,3
51809,4023103208476,,Vileda,Sistema Turbo Smart Esfregona Microfibras e Balde com pedal,,29.99,29.99,0,,€/Unidade,,,https://driveimg1.intermarche.com/pt/Content/images/boitmal/produit/zoom/6A2753A9C02C140E11D50605ACB94507.jpg,,,,,,,2025-05-28T23:59:59.999999999+01:00,PROSPECTUS,19,3
51896,8719200253377,400.0,Planta,"Creme vegetal para barrar original, 400g",,2.54,6.35,0,kg,€/Kg,,,https://driveimg1.intermarche.com/pt/Content/images/boitmal/produit/zoom/0265DFAAA6CC23B5D28B5523E860ECEF.jpg,,,,,,,2025-05-28T23:59:59.999999999+01:00,PROSPECTUS,19,3
51917,8410500020644,280.0,Danone,Iogurte infantil danonino morango banana 4x70g,,2.14,7.64,0,kg,€/Kg,,,https://driveimg1.intermarche.com/pt/Content/images/boitmal/produit/zoom/3220973BC3DB4CAD23E73E6374D1D5D5.jpg,,,,,,,2025-05-28T23:59:59.999999999+01:00,PROSPECTUS,19,3
52088,7613032881313,85.0,Purina Gourmet,Comida húmida para gato gourmet gold com coelho 85g,,0.87,10.24,0,kg,€/Kg,,,https://driveimg1.intermarche.com/pt/Content/images/boitmal/produit/zoom/C00E78B2201EC475A2889804E65AE983.jpg,,,,,,,2025-05-28T23:59:59.999999999+01:00,PROSPECTUS,19,3
52337,8720181392955,1368.0,Comfort,"Amaciador roupa concentrado creations flor de lótus e lima, 76 doses",,3.99,2.92,1368,L,€/L,,,https://driveimg1.intermarche.com/pt/Content/images/boitmal/produit/zoom/AA557AEC063D2D449E9AD9A05E65B1FD.jpg,,,,,,,2025-05-28T23:59:59.999999999+01:00,PROSPECTUS,19,3
52339,8720181392924,1368.0,Comfort,"Amaciador Roupa Concentrado Creations Lírios e Morango, 76 doses",,3.99,2.92,1368,L,€/L,,,https://driveimg1.intermarche.com/pt/Content/images/boitmal/produit/zoom/CE8FB9A40EB58A232C2FDE5C1B9A52E7.jpg,,,,,,,2025-05-28T23:59:59.999999999+01:00,PROSPECTUS,19,3
52375,8720181387425,,Skip,Detergente Máquina Roupa Pó Sabão Natural,100 Doses,13.99,13.99,0,,€/Unidade,,,https://driveimg1.intermarche.com/pt/Content/images/boitmal/produit/zoom/8B93F96041E98D0FC28E6DD42F9EAB4B.jpg,,,,,,,2025-05-28T23:59:59.999999999+01:00,PROSPECTUS,19,3
52379,8720181407147,1300.0,Cif,"Lava tudo perfumado limão verde, embalagem de 1,3l",,1.99,1.53,1300,L,€/L,,,https://driveimg1.intermarche.com/pt/Content/images/boitmal/produit/zoom/1EA3C8FB10989E07DC274DC372288083.jpg,https://driveimg1.intermarche.com/pt/Content/images/boitmal/produit/zoom/309C981A45755DD79B0981E67BD7AF66.jpg,,,,,,2025-05-28T23:59:59.999999999+01:00,PROSPECTUS,19,3
5244,5601151510759,845.0,Compal,"Feijão encarnado, lata de 850g",,2.09,2.47,0,kg,€/Kg,,,https://driveimg1.intermarche.com/pt/Content/images/boitmal/produit/zoom/DE636824D87F41FA8614ED32FEFF81FF.jpg,,,,,,,2025-05-28T23:59:59.999999999+01:00,PROSPECTUS,19,3
52769,5604260331390,415.0,PorSi,Pizza Carbonara em Forno de Pedra,Embalagem de 415g,2.79,6.72,0,kg,€/Kg,,,https://driveimg1.intermarche.com/pt/Content/images/boitmal/produit/zoom/2C94AA05FFE95FFA57433A85A9B1141E.jpg,,,,,,,2025-05-28T23:59:59.999999999+01:00,PROSPECTUS,19,3
52882,8719200267923,1000.0,Planta,"Creme vegetal de barrar com sabor a manteiga, 1 kg",,4.99,4.99,0,kg,€/Kg,,,https://driveimg1.intermarche.com/pt/Content/images/boitmal/produit/zoom/7FA2022C1B0ECE643B6D5766E124CAA0.jpg,https://driveimg1.intermarche.com/pt/Content/images/boitmal/produit/zoom/CA359583CDC4B85860A9620A14431005.jpg,https://driveimg1.intermarche.com/pt/Content/images/boitmal/produit/zoom/CA359583CDC4B85860A9620A14431005.jpg,https://driveimg1.intermarche.com/pt/Content/images/boitmal/produit/zoom/CA359583CDC4B85860A9620A14431005.jpg,,,,2025-05-28T23:59:59.999999999+01:00,PROSPECTUS,19,3
52883,8719200267824,1000.0,Planta,"Creme vegetal para barrar original, 1 kg",,4.99,4.99,0,kg,€/Kg,,,https://driveimg1.intermarche.com/pt/Content/images/boitmal/produit/zoom/936FEB2670E44E85562B9564D40B3E6A.jpg,https://driveimg1.intermarche.com/pt/Content/images/boitmal/produit/zoom/CBB4812E883E0A943660F7C5BD667E18.jpg,https://driveimg1.intermarche.com/pt/Content/images/boitmal/produit/zoom/CBB4812E883E0A943660F7C5BD667E18.jpg,,,,,2025-05-28T23:59:59.999999999+01:00,PROSPECTUS,19,3
52916,8720181291715,150.0,Dove,"Desodorizante spray original 72h, 150 ml",,3.59,23.93,150,L,€/L,,,https://driveimg1.intermarche.com/pt/Content/images/boitmal/produit/zoom/35748730AEAB41F7BBB3C7AF42D88737.jpg,,,,,,,2025-06-11T23:59:59.999999999+01:00,PROSPECTUS,19,3
52919,0000059095330,50.0,Dove,"Desodorizante Roll On Advanced Talc Soft, 50ml",,2.99,59.8,50,L,€/L,,,https://driveimg1.intermarche.com/pt/Content/images/boitmal/produit/zoom/A1D1606D6EFCD915F957B6BE8F608EA4.jpg,,,,,,,2025-06-11T23:59:59.999999999+01:00,PROSPECTUS,19,3
52920,0000059095842,50.0,Dove,"Desodorizante Roll On Advanced Original, 50ml",,2.99,59.8,50,L,€/L,,,https://driveimg1.intermarche.com/pt/Content/images/boitmal/produit/zoom/2183AEDEDCEDF4209F45853BE608CFF9.jpg,,,,,,,2025-06-11T23:59:59.999999999+01:00,PROSPECTUS,19,3
52941,8720181386510,2700.0,Skip,"Detergente líquido máquina de roupa sabão natural, 60 doses",,7.99,2.96,2700,L,€/L,,,https://driveimg1.intermarche.com/pt/Content/images/boitmal/produit/zoom/E86C320C5CE9CDD2DA45593DF7CE710E.jpg,https://driveimg1.intermarche.com/pt/Content/images/boitmal/produit/zoom/F78D7BA1CEEC1BA7836B80E309E4D243.jpg,https://driveimg1.intermarche.com/pt/Content/images/boitmal/produit/zoom/F78D7BA1CEEC1BA7836B80E309E4D243.jpg,,,,,2025-05-28T23:59:59.999999999+01:00,PROSPECTUS,19,3
53024,8720182589569,280.0,Calvé,"Molho agridoce, 280g",,1.94,6.93,0,kg,€/Kg,,,https://driveimg1.intermarche.com/pt/Content/images/boitmal/produit/zoom/3281706F65FD6D078BFBBB4961BD6429.jpg,https://driveimg1.intermarche.com/pt/Content/images/boitmal/produit/zoom/7ADC1EF520237C467C08598D71586602.jpg,https://driveimg1.intermarche.com/pt/Content/images/boitmal/produit/zoom/7ADC1EF520237C467C08598D71586602.jpg,,,,,2025-05-28T23:59:59.999999999+01:00,PROSPECTUS,19,3
53113,8719200265271,225.0,Planta,"Creme vegetal para barrar sabor a manteiga, 225g",,1.79,7.96,0,kg,€/Kg,,,https://driveimg1.intermarche.com/pt/Content/images/boitmal/produit/zoom/6933A44AB3EA30061ADF0D13AACAFFF4.jpg,https://driveimg1.intermarche.com/pt/Content/images/boitmal/produit/zoom/EEC881B16EB917B52FDADCD01B6DC717.jpg,https://driveimg1.intermarche.com/pt/Content/images/boitmal/produit/zoom/EEC881B16EB917B52FDADCD01B6DC717.jpg,https://driveimg1.intermarche.com/pt/Content/images/boitmal/produit/zoom/EEC881B16EB917B52FDADCD01B6DC717.jpg,,,,2025-05-28T23:59:59.999999999+01:00,PROSPECTUS,19,3
53261,8445290042125,2800.0,Purina One,"Ração para Gato Junior, 2.8 kg",,15.59,5.57,0,kg,€/Kg,,,https://driveimg1.intermarche.com/pt/Content/images/boitmal/produit/zoom/043A9C58978C34750AF76A83E9D0BAAD.jpg,https://driveimg1.intermarche.com/pt/Content/images/boitmal/produit/zoom/E81A6F8459939103F6BC984A253914A3.jpg,https://driveimg1.intermarche.com/pt/Content/images/boitmal/produit/zoom/E81A6F8459939103F6BC984A253914A3.jpg,https://driveimg1.intermarche.com/pt/Content/images/boitmal/produit/zoom/E81A6F8459939103F6BC984A253914A3.jpg,,,,2025-05-28T23:59:59.999999999+01:00,PROSPECTUS,19,3
53292,8719200265424,450.0,Becel,"Creme vegetal culinária, 450g",,2.49,5.53,0,kg,€/Kg,,,https://driveimg1.intermarche.com/pt/Content/images/boitmal/produit/zoom/731104623BFBA291592C36763AD2ACB6.jpg,https://driveimg1.intermarche.com/pt/Content/images/boitmal/produit/zoom/FE0F50DA9FD82BB1CA28828D6783A017.jpg,https://driveimg1.intermarche.com/pt/Content/images/boitmal/produit/zoom/FE0F50DA9FD82BB1CA28828D6783A017.jpg,https://driveimg1.intermarche.com/pt/Content/images/boitmal/produit/zoom/FE0F50DA9FD82BB1CA28828D6783A017.jpg,,,,2025-05-28T23:59:59.999999999+01:00,PROSPECTUS,19,3
53358,3600542509381,340.0,Garnier,"Máscara Ultra Suave Tesouros de Mel, 340ml",,4.74,13.94,340,L,€/L,,,https://driveimg1.intermarche.com/pt/Content/images/boitmal/produit/zoom/14B3FB306114639FE6C5C48E3445FB72.jpg,,,,,,,2025-06-11T23:59:59.999999999+01:00,PROSPECTUS,19,3
536,3179148443103,20.0,Vahine,"Aroma baunilha, embalagem de 20g",,1.85,92.5,0,kg,€/Kg,,,https://driveimg1.intermarche.com/pt/Content/images/boitmal/produit/zoom/4069EC875760DD78F2D47BE0ADA9BCE5.jpg,,,,,,,2025-05-28T23:59:59.999999999+01:00,PROSPECTUS,19,3
53813,4006000005799,,Labello,"Baton do cieiro soft rosé, 5 g",,2.14,2.14,1,,€/Unidade,,,https://driveimg1.intermarche.com/pt/Content/images/boitmal/produit/zoom/2512938FD4D1EC554B53AC55AE5A126E.jpg,,,,,,,2025-06-11T23:59:59.999999999+01:00,PROSPECTUS,19,3
54277,3600542571982,400.0,Garnier,"Shampoo Ultra Suave Água de Arroz, 400ml",,3.79,9.48,400,L,€/L,,,https://driveimg1.intermarche.com/pt/Content/images/boitmal/produit/zoom/BCD88ADADB3465B3B2A59EA32CB5BB9E.jpg,,,,,,,2025-06-11T23:59:59.999999999+01:00,PROSPECTUS,19,3
54293,3600542520232,150.0,Ambre Solaire,"Protetor Solar Spray Sensitive Advanced Kids FPS 50+, 150ml",,13.29,88.6,150,L,€/L,,,https://driveimg1.intermarche.com/pt/Content/images/boitmal/produit/zoom/823D664A32141EB1950F7E443A75BE1D.jpg,https://driveimg1.intermarche.com/pt/Content/images/boitmal/produit/zoom/B22FF17D129E72CD96FF5C5A05B61151.jpg,https://driveimg1.intermarche.com/pt/Content/images/boitmal/produit/zoom/B22FF17D129E72CD96FF5C5A05B61151.jpg,https://driveimg1.intermarche.com/pt/Content/images/boitmal/produit/zoom/B22FF17D129E72CD96FF5C5A05B61151.jpg,,,,2025-06-11T23:59:59.999999999+01:00,PROSPECTUS,19,3
54296,3600542573726,40.0,Ambre Solaire,"Protetor Solar Fluído Anti-Imperfeições FPS 50+, 40ml",,12.24,306.0,40,L,€/L,,,https://driveimg1.intermarche.com/pt/Content/images/boitmal/produit/zoom/E7BA0962C9046E2E08D5B5418B3126A1.jpg,https://driveimg1.intermarche.com/pt/Content/images/boitmal/produit/zoom/74CB16E7DB2931570D598DA83604C474.jpg,https://driveimg1.intermarche.com/pt/Content/images/boitmal/produit/zoom/74CB16E7DB2931570D598DA83604C474.jpg,,,,,2025-06-11T23:59:59.999999999+01:00,PROSPECTUS,19,3
54579,5604260332823,200.0,Labell Men,"Desodorizante Energy, 200ml",,1.39,6.95,200,L,€/L,,,https://driveimg1.intermarche.com/pt/Content/images/boitmal/produit/zoom/D65AEFFA3E695F6087A751C8F90810AA.jpg,,,,,,,2025-06-11T23:59:59.999999999+01:00,PROSPECTUS,19,3
54602,5601217138958,500.0,Cillitbang,"Limpa Vidros Spray, 500ml",,2.49,4.98,500,L,€/L,,,https://driveimg1.intermarche.com/pt/Content/images/boitmal/produit/zoom/6B80E9BDF10FB9A2AEFA0D6A49C9C8B5.jpg,,,,,,,2025-05-28T23:59:59.999999999+01:00,PROSPECTUS,19,3
54607,4006000095790,750.0,Nivea,"Gel de banho bath care & dimond, 750ml",,4.99,6.65,750,L,€/L,,,https://driveimg1.intermarche.com/pt/Content/images/boitmal/produit/zoom/BDDDCB2032FEBBA666451071F3E53554.jpg,,,,,,,2025-06-11T23:59:59.999999999+01:00,PROSPECTUS,19,3
54632,5603722523045,1000.0,Gresso,"Leite UHT Meio Gordo, 1L",,0.87,0.87,1000,L,€/L,,,https://driveimg1.intermarche.com/pt/Content/images/boitmal/produit/zoom/ECF816693AC2579C9FB595FD8ABD96D7.jpg,,,,,,,2025-05-28T23:59:59.999999999+01:00,PROSPECTUS,19,3
54633,5603722523052,1000.0,Gresso,"Leite Uht Magro, 1L",,0.87,0.87,1000,L,€/L,,,https://driveimg1.intermarche.com/pt/Content/images/boitmal/produit/zoom/62FAA0AA671FC5B53B3DDBACCC92B900.jpg,,,,,,,2025-05-28T23:59:59.999999999+01:00,PROSPECTUS,19,3
54637,8720181446788,400.0,Tresemmé,"Champô Hidratação Intensa, 400ml",,3.79,9.48,400,L,€/L,,,https://driveimg1.intermarche.com/pt/Content/images/boitmal/produit/zoom/50B0E163180E054A1DF343BAF6C655A3.jpg,,,,,,,2025-06-11T23:59:59.999999999+01:00,PROSPECTUS,19,3
54762,8720182845283,285.0,Calvé,"Molho barbeque, 285 g",,1.94,6.81,0,kg,€/Kg,,,https://driveimg1.intermarche.com/pt/Content/images/boitmal/produit/zoom/574635A0ADAC7191A1DBEEC4B02151C7.jpg,,,,,,,2025-05-28T23:59:59.999999999+01:00,PROSPECTUS,19,3
54894,8700216443814,325.0,Pantene,"Champô Pro-V Active Nutri-Plex Caracóis Perfeitos, 325ml",,3.94,12.12,325,L,€/L,,,https://driveimg1.intermarche.com/pt/Content/images/boitmal/produit/zoom/2CFDF04ECD7279040CD660975322260E.jpg,,,,,,,2025-06-11T23:59:59.999999999+01:00,PROSPECTUS,19,3
54908,8720181468452,720.0,Dove,"Gel De Banho Silky Velvet, 720ml",,4.79,6.65,720,L,€/L,,,https://driveimg1.intermarche.com/pt/Content/images/boitmal/produit/zoom/B4B8973AC1CFAE2318D36A45878739E2.jpg,,,,,,,2025-06-11T23:59:59.999999999+01:00,PROSPECTUS,19,3
55047,8445291325036,250.0,Nestum,"Nestum Cereais Proteína, 250g",,2.39,9.56,0,kg,€/Kg,,,https://driveimg1.intermarche.com/pt/Content/images/boitmal/produit/zoom/60118FC3A66CD4FA6B7C87A7FDB061C9.jpg,,,,,,,2025-05-28T23:59:59.999999999+01:00,PROSPECTUS,19,3
55057,8720181492396,,Skip,"Detergente Cápsulas Roupa Ultimate Mountain Fresh, 60 un.",,14.99,14.99,60,,€/Unidade,,,https://driveimg1.intermarche.com/pt/Content/images/boitmal/produit/zoom/F4101380660934BE48B3C3E251C6B936.jpg,,,,,,,2025-05-28T23:59:59.999999999+01:00,PROSPECTUS,19,3
55113,8410500030650,600.0,Danone,"Iogurte Líquido Defesa Laranja e Multifrutas Tripla Ação, 6 x 100g",,3.19,5.32,0,kg,€/Kg,,,https://driveimg1.intermarche.com/pt/Content/images/boitmal/produit/zoom/5762F1DEEFA584C3F413E0A8C1F308F1.jpg,,,,,,,2025-05-28T23:59:59.999999999+01:00,PROSPECTUS,19,3
5977,5604260274086,,PorSi,"Acendalha branca, 32 cubos",,1.15,1.15,0,,€/Unidade,,,https://driveimg1.intermarche.com/pt/Content/images/boitmal/produit/zoom/5D848885F4F58352BFD5FA139BD7FC0A.jpg,https://driveimg1.intermarche.com/pt/Content/images/boitmal/produit/zoom/1FFF9F1373872F7DE961EE146FD1DAB4.jpg,https://driveimg1.intermarche.com/pt/Content/images/boitmal/produit/zoom/1FFF9F1373872F7DE961EE146FD1DAB4.jpg,,,,,2025-06-11T23:59:59.999999999+01:00,PROSPECTUS,19,3
6205,8001480020450,2000.0,Neoblanc,Lixívia Denso-Activa Harmonias Florais p/ Casa e Roupa,Embalagem de 2 l,2.99,1.5,2000,L,€/L,,,https://driveimg1.intermarche.com/pt/Content/images/boitmal/produit/zoom/C3481E94CAB9959473CAD676E85F2973.jpg,,,,,,,2025-05-28T23:59:59.999999999+01:00,PROSPECTUS,19,3
6207,8001480020528,2000.0,Neoblanc,Lixívia para roupa tradicional,Embalagem de 2 l,1.75,0.88,2000,L,€/L,,,https://driveimg1.intermarche.com/pt/Content/images/boitmal/produit/zoom/930401C25A92312F34CEB71B016BE255.jpg,,,,,,,2025-05-28T23:59:59.999999999+01:00,PROSPECTUS,19,3
6261,8008970004402,150.0,Denim,Desodorizante spray original,Garrafa de 150 ml,2.99,19.93,150,L,€/L,,,https://driveimg1.intermarche.com/pt/Content/images/boitmal/produit/zoom/200963A8BD95CE604FB9A3077BC45FE0.jpg,,,,,,,2025-06-11T23:59:59.999999999+01:00,PROSPECTUS,19,3
7105,2894508000000,100.0,Primor,Bacon Extra,"Vendido ao peso, fatiado a partir de 100 gr",1.2,11.99,0,,€/Kg,,,https://driveimg1.intermarche.com/pt/Content/images/boitmal/produit/zoom/BE4896B3454C5EEBE0D9BE9663BD4C36.jpg,,,,,,,2025-05-28T23:59:59.999999999+01:00,PROSPECTUS,19,3
7324,3228020390131,250.0,President,"Manteiga magra meio sal, embalagem de 250g",,2.59,10.36,0,kg,€/Kg,,,https://driveimg1.intermarche.com/pt/Content/images/boitmal/produit/zoom/331DC0C2868698A1CF61BBA910E6E1D6.jpg,,,,,,,2025-05-28T23:59:59.999999999+01:00,PROSPECTUS,19,3
7537,3600541358485,400.0,Garnier,"Água facial micelar , 400 ml",,4.54,11.35,400,L,€/L,,,https://driveimg1.intermarche.com/pt/Content/images/boitmal/produit/zoom/DF345BFB935247CE9B92646755C19746.jpg,,,,,,,2025-06-11T23:59:59.999999999+01:00,PROSPECTUS,19,3
7550,3600541550087,400.0,Garnier,Champô Ultra Suave tesouros de mel,Embalagem de 400 ml,3.79,9.48,400,L,€/L,,,https://driveimg1.intermarche.com/pt/Content/images/boitmal/produit/zoom/9E0A30A6E488599D224D7FC06927B67E.jpg,,,,,,,2025-06-11T23:59:59.999999999+01:00,PROSPECTUS,19,3
816,5000116106219,300.0,Iglo,"Bacalhau à brás, embalagem de 300g",,4.99,16.63,0,kg,€/Kg,,Tipo de stockagem,https://driveimg1.intermarche.com/pt/Content/images/boitmal/produit/zoom/548A3EECAA6EBC92135B4800CD140436.jpg,,,,,,,2025-05-28T23:59:59.999999999+01:00,PROSPECTUS,19,3
8371,5601045000489,1980.0,Sumol,"Refrigerante com gás de laranja, em lata, pack 6 x 0.33 l",,3.89,1.96,1980,L,€/L,,,https://driveimg1.intermarche.com/pt/Content/images/boitmal/produit/zoom/4B005EF2E9D33856D507FE94921D3E26.jpg,,,,,,,2025-05-28T23:59:59.999999999+01:00,PROSPECTUS,19,3
8376,5601045107003,1980.0,Seven Up,"Refrigerante com gás lima limão, pack 6 x 0.33 l",,3.89,1.96,1980,L,€/L,,,https://driveimg1.intermarche.com/pt/Content/images/boitmal/produit/zoom/508EC42C49450A0AD41D0A1AE84376FF.jpg,,,,,,,2025-05-28T23:59:59.999999999+01:00,PROSPECTUS,19,3
8520,5601119956490,120.0,Nobre,"Fiambre perna extra finissimos fatiado, embalagem de 120g",,1.89,15.75,0,kg,€/Kg,,,https://driveimg1.intermarche.com/pt/Content/images/boitmal/produit/zoom/15C8ADF2CEDA2C19A63D893348F1D7F5.jpg,,,,,,,2025-05-28T23:59:59.999999999+01:00,PROSPECTUS,19,3
8631,5601151123355,600.0,Bongo,"Néctar 8 frutos, pack 3 x 200 ml",,1.35,2.25,600,L,€/L,,,https://driveimg1.intermarche.com/pt/Content/images/boitmal/produit/zoom/2565665062010B52BA8746DE00C37EBE.jpg,,,,,,,2025-05-28T23:59:59.999999999+01:00,PROSPECTUS,19,3
865,5014328028740,16.0,Tetley,Infusão de frutos vermelhos,Embalagem de 20g,1.19,74.38,0,kg,€/Kg,,,https://driveimg1.intermarche.com/pt/Content/images/boitmal/produit/zoom/348A5DD80831EB64A79FCCD0224CCDD8.jpg,,,,,,,2025-05-28T23:59:59.999999999+01:00,PROSPECTUS,19,3
8894,5601331001022,60.0,Couto,Pasta dentífrica,Embalagem de 60 ml,2.99,49.83,60,L,€/L,,,https://driveimg1.intermarche.com/pt/Content/images/boitmal/produit/zoom/F585238FA7306633A5A536FE4A13386A.jpg,,,,,,,2025-06-11T23:59:59.999999999+01:00,PROSPECTUS,19,3
979,5601024134471,750.0,Oliveira da Serra,Azeite Virgem,Embalagem de 750 ml,5.79,7.72,750,L,€/L,,,https://driveimg1.intermarche.com/pt/Content/images/boitmal/produit/zoom/E26F25C9E42D7D1738A837046251B635.jpg,,,,,,,2025-05-28T23:59:59.999999999+01:00,PROSPECTUS,19,3
989,5601029004014,120.0,Bom Petisco,"Atum posta em óleo, embalagem de 120g",,1.18,9.83,0,kg,€/Kg,,,https://driveimg1.intermarche.com/pt/Content/images/boitmal/produit/zoom/0EDE399096BE62933DCF2A734D746C1A.jpg,,,,,,,2025-05-28T23:59:59.999999999+01:00,PROSPECTUS,19,3
251,2696001000000,400.0,Padaria,Baguete,400 g,0.79,1.98,0,kg,€/Kg,,,https://driveimg1.intermarche.com/pt/Content/images/boitmal/produit/zoom/42C2E126B9E5B84C243F0668DEC3869F.jpg,,,,,,,2025-05-28T23:59:59.999999999+01:00,PROSPECTUS,19,3
14865,2696212000000,,Pastelaria,Folhado Misto 90 g,,0.69,0.69,0,,€/Unidade,,,https://driveimg1.intermarche.com/pt/Content/images/boitmal/produit/zoom/164C27A781A7C68A965295D85BB7D95F.jpg,,,,,,,2025-05-28T23:59:59.999999999+01:00,PROSPECTUS,19,3
8994,5601511000012,200.0,Limiano,"Queijo flamengo, fatias, embalagem de 200g",,2.29,11.45,0,kg,€/Kg,,,https://driveimg1.intermarche.com/pt/Content/images/boitmal/produit/zoom/1F93DD1A515F774C2EFA0E2AD8D093E4.jpg,,,,,,,2025-05-28T23:59:59.999999999+01:00,PROSPECTUS,19,3
23469,8410500020453,280.0,Danone,"Danonino para levar, polpa de morango, embalagem de 4 x 70 g",,2.14,7.64,0,kg,€/Kg,,,https://driveimg1.intermarche.com/pt/Content/images/boitmal/produit/zoom/3E7A122EA567C89446D113FF66BFA0AE.jpg,,,,,,,2025-05-28T23:59:59.999999999+01:00,PROSPECTUS,19,3
36263,5601027973060,480.0,Bimbo,Pão de forma integral,Embalagem de 480 g,1.89,3.94,0,kg,€/Kg,,,https://driveimg1.intermarche.com/pt/Content/images/boitmal/produit/zoom/34F016B3F162809D8E0423F1C3245DFD.jpg,,,,,,,2025-05-28T23:59:59.999999999+01:00,PROSPECTUS,19,3
49084,5604260323562,300.0,PorSi,8 rissóis de carne,Embalagem de 300g,1.15,3.83,0,kg,€/Kg,,Tipo de stockagem,https://driveimg1.intermarche.com/pt/Content/images/boitmal/produit/zoom/12263D98AE752D736E23E296D879A69F.jpg,,,,,,,2025-05-28T23:59:59.999999999+01:00,PROSPECTUS,19,3
1035,5601045105313,6000.0,Serra da estrela,"Água mineral sem gás, pack 4 x 1.5 l",,1.79,0.3,6000,L,€/L,,,https://driveimg1.intermarche.com/pt/Content/images/boitmal/produit/zoom/0358268AAE386D7F610EBE003FAAE9E0.jpg,,,,,,,2025-05-28T23:59:59.999999999+01:00,PROSPECTUS,19,3
40383,2696845000000,500.0,Padaria,Pão forma de Rio Maior,500 g,1.45,2.9,0,kg,€/Kg,,,https://driveimg1.intermarche.com/pt/Content/images/boitmal/produit/zoom/17337BA5BC6BED0E351797EFE70D6ACA.jpg,,,,,,,2025-05-28T23:59:59.999999999+01:00,PROSPECTUS,19,3
931,5601001228100,300.0,Nestum,Nestum flocos de cereais com mel,Embalagem de 300g,2.24,7.47,0,kg,€/Kg,,,https://driveimg1.intermarche.com/pt/Content/images/boitmal/produit/zoom/82B368094FF4C269D04DE75FB30D7775.jpg,,,,,,,2025-05-28T23:59:59.999999999+01:00,PROSPECTUS,19,3
25861,5603722509759,800.0,Mimosa,"Leite com chocolate, embalagem de 4 x 200 ml",,1.79,2.24,800,L,€/L,,,https://driveimg1.intermarche.com/pt/Content/images/boitmal/produit/zoom/4FE9754297F54084EBC31D72FBB55E4F.jpg,,,,,,,2025-05-28T23:59:59.999999999+01:00,PROSPECTUS,19,3
1189,5601119007987,250.0,Nobre,"Salsichas de porco, lata de 250g",,1.67,6.68,0,kg,€/Kg,,,https://driveimg1.intermarche.com/pt/Content/images/boitmal/produit/zoom/0B023C2ECBDBE7AB09A89A8810925D65.jpg,,,,,,,2025-05-28T23:59:59.999999999+01:00,PROSPECTUS,19,3
12943,2892087000000,1500.0,Fruta,Mamão,"1 un = 1,5 kg (aprox.)",5.84,3.89,0,,€/Kg,,,https://driveimg1.intermarche.com/pt/Content/images/boitmal/produit/zoom/E92859558CF3617793775ADAD1A11B14.jpg,,,,,,,2025-05-28T23:59:59.999999999+01:00,PROSPECTUS,19,3
14597,5604260272082,250.0,PorSi,Salsicha bockwurst 5 unidades,Embalagem de 250g,2.49,9.96,0,kg,€/Kg,,,https://driveimg1.intermarche.com/pt/Content/images/boitmal/produit/zoom/E01150DA5C91CBBABADD912A75A484DB.jpg,,,,,,,2025-05-28T23:59:59.999999999+01:00,PROSPECTUS,19,3
35441,5604260291168,780.0,PorSi,Cogumelos laminados,780 g,2.19,2.81,0,kg,€/Kg,,,https://driveimg1.intermarche.com/pt/Content/images/boitmal/produit/zoom/F874C2D913FFAAA6855A523B2803F053.jpg,,,,,,,2025-05-28T23:59:59.999999999+01:00,PROSPECTUS,19,3
8391,5601049159992,1000.0,Mimosa,"Leite especial cálcio + vitamina d magro, de 1l",,1.0,1.0,1000,L,€/L,,,https://driveimg1.intermarche.com/pt/Content/images/boitmal/produit/zoom/22E6964D6A2F2B922BCB40BB341AE902.jpg,,,,,,,2025-05-28T23:59:59.999999999+01:00,PROSPECTUS,19,3
52766,5604260331406,380.0,PorSi,Pizza 4 Queijos em Forno de Pedra,Embalagem de 380g,2.65,6.97,0,kg,€/Kg,,,https://driveimg1.intermarche.com/pt/Content/images/boitmal/produit/zoom/5E1EA1405D60B451233CAD21DBFCF0CA.jpg,,,,,,,2025-05-28T23:59:59.999999999+01:00,PROSPECTUS,19,3
1270,5601151023150,500.0,Compal,"Polpa de tomate com cebola e alho, embalagem de 500g",,1.39,2.78,0,kg,€/Kg,,,https://driveimg1.intermarche.com/pt/Content/images/boitmal/produit/zoom/195ABA90C0C8B2FE1D9EE0202B59D28C.jpg,,,,,,,2025-05-28T23:59:59.999999999+01:00,PROSPECTUS,19,3
14569,8414516001123,125.0,Florette,"Canonigos, embalagem de 125 g",,1.49,11.92,0,kg,€/Kg,,,https://driveimg1.intermarche.com/pt/Content/images/boitmal/produit/zoom/7AB48AD4E507761E7A4E7D24FAC41610.jpg,,,,,,,2025-05-28T23:59:59.999999999+01:00,PROSPECTUS,19,4
25808,8426617002510,100.0,Haribo,"Gomas ositos de oro, embalagem de 100g",,1.04,10.4,0,kg,€/Kg,,,https://driveimg1.intermarche.com/pt/Content/images/boitmal/produit/zoom/D707EDE7A37DA83FE8A19E7DC6FBE016.jpg,,,,,,,2025-05-28T23:59:59.999999999+01:00,PROSPECTUS,19,4
49215,5604260322800,,PorSi,Detergente líquido máquina roupa sabão natural,40 doses,3.3,3.3,0,,€/Unidade,,,https://driveimg1.intermarche.com/pt/Content/images/boitmal/produit/zoom/1050941D8226F2FD6BB56637BBE1285A.jpg,,,,,,,2025-05-28T23:59:59.999999999+01:00,PROSPECTUS,19,4
848,5000189974579,200.0,Kit Kat,"Chocolate mini, embalagem de 200g",,3.09,15.45,0,kg,€/Kg,,,https://driveimg1.intermarche.com/pt/Content/images/boitmal/produit/zoom/90873705F18CB17964EF30C7A0BF7D60.jpg,,,,,,,2025-05-28T23:59:59.999999999+01:00,PROSPECTUS,19,4
1279,5601151123362,1000.0,Bongo,"Néctar de 8 frutos, garrafa de 1l",,1.35,1.35,1000,L,€/L,,,https://driveimg1.intermarche.com/pt/Content/images/boitmal/produit/zoom/DDDD7150C72E25EE2FF7F3F4EC28BE9B.jpg,,,,,,,2025-05-28T23:59:59.999999999+01:00,PROSPECTUS,19,4
25397,8426617014032,90.0,Haribo,"Gomas favoritos açúcar, 90g",,1.04,11.56,0,kg,€/Kg,,,https://driveimg1.intermarche.com/pt/Content/images/boitmal/produit/zoom/1EFF4668A730EBFA293CBDB88FDD711E.jpg,,,,,,,2025-05-28T23:59:59.999999999+01:00,PROSPECTUS,19,4
13094,2893070000000,150.0,Peixaria,Carapau Médio Fresco,1 un = 150 gr (aprox.),0.52,3.49,0,,€/Kg,,,https://driveimg1.intermarche.com/pt/Content/images/boitmal/produit/zoom/9E2B2401113767EAD496436587CA5A46.jpg,,,,,,,2025-05-28T23:59:59.999999999+01:00,PROSPECTUS,19,4
51113,8720181262784,500.0,Cif,"Limpa casa banho spray higiene c/ lixívia, 500 ml",,2.89,5.78,500,L,€/L,,,https://driveimg1.intermarche.com/pt/Content/images/boitmal/produit/zoom/8CA4C0BAC8A169ADEC56BAD426803345.jpg,,,,,,,2025-05-28T23:59:59.999999999+01:00,PROSPECTUS,19,4
52768,5604260331444,410.0,PorSi,Pizza Barbecue em Forno de Pedra,Embalagem de 410g,2.86,6.98,0,kg,€/Kg,,,https://driveimg1.intermarche.com/pt/Content/images/boitmal/produit/zoom/835FF4259E1C2C4EE8703481351F4FE5.jpg,,,,,,,2025-05-28T23:59:59.999999999+01:00,PROSPECTUS,19,4
44240,8410500010539,1200.0,Danone,"Iogurte líquido de morango kids, pack 12 x 100 g",,4.99,4.16,0,kg,€/Kg,,,https://driveimg1.intermarche.com/pt/Content/images/boitmal/produit/zoom/675F0D6784FF916C81A6BE90AA600C99.jpg,,,,,,,2025-05-28T23:59:59.999999999+01:00,PROSPECTUS,19,4
49825,5601066302234,500.0,Nacional,"Macarronete massa com vegetais, embalagem de 500g",,1.33,2.66,0,kg,€/Kg,,,https://driveimg1.intermarche.com/pt/Content/images/boitmal/produit/zoom/6E14B48CA2E900B684C68FD6BE4D6E3B.jpg,,,,,,,2025-05-28T23:59:59.999999999+01:00,PROSPECTUS,19,4
5985,5604422145209,1000.0,Macieira,"Brandy, garrafa de 1l",,15.49,15.49,1000,L,€/L,,,https://driveimg1.intermarche.com/pt/Content/images/boitmal/produit/zoom/37C436F862C365D2BAC7E678CC3E6C1F.jpg,,,,,,,2025-05-28T23:59:59.999999999+01:00,PROSPECTUS,19,4
16343,5601151978856,6000.0,Serra da estrela,"Água sem gás, garrafão de 6l",,1.49,0.25,6000,L,€/L,,,https://driveimg1.intermarche.com/pt/Content/images/boitmal/produit/zoom/8D402342781DACEBEA13B36CE32D8EBF.jpg,,,,,,,2025-05-28T23:59:59.999999999+01:00,PROSPECTUS,19,4
21052,8435257034270,640.0,Nestlé,"Iogurte líquido yoggi, sem lactose, morango/banana, embalagem de 4 x 160g",,2.19,3.42,0,kg,€/Kg,,,https://driveimg1.intermarche.com/pt/Content/images/boitmal/produit/zoom/2F9637E1E7F59896708553BA46B62C91.jpg,,,,,,,2025-05-28T23:59:59.999999999+01:00,PROSPECTUS,19,4
30170,5604260274956,200.0,PorSi,Alheira Especial de Trás-Os-Montes,200 g,1.39,6.95,0,kg,€/Kg,,,https://driveimg1.intermarche.com/pt/Content/images/boitmal/produit/zoom/19929337FCFE5B600DFE0ACDB988D2AA.jpg,,,,,,,2025-05-28T23:59:59.999999999+01:00,PROSPECTUS,19,4
36465,5601028023443,,Renova,Lenços de bolso kids,Embalagem sortida com 8 unidades + 2 grátis,1.09,1.09,0,,€/Unidade,,,https://driveimg1.intermarche.com/pt/Content/images/boitmal/produit/zoom/2B0AFA48224382F2654400960136DE54.jpg,https://driveimg1.intermarche.com/pt/Content/images/boitmal/produit/zoom/0CE1F27833749E5A2E2A6631A26FC1E0.jpg,https://driveimg1.intermarche.com/pt/Content/images/boitmal/produit/zoom/10669725004839CB519AC745D1B0A74F.jpg,https://driveimg1.intermarche.com/pt/Content/images/boitmal/produit/zoom/B68437CAB6470B905C65CD8F71745279.jpg,,,,2025-05-28T23:59:59.999999999+01:00,PROSPECTUS,19,4
8416,5601050029345,1200.0,Danone,"Iogurte actimel, morango, embalagem de 12 x 100g",,4.99,4.16,0,kg,€/Kg,,,https://driveimg1.intermarche.com/pt/Content/images/boitmal/produit/zoom/745F8F4185D59AC1CCF745B58159ECA9.jpg,,,,,,,2025-05-28T23:59:59.999999999+01:00,PROSPECTUS,19,4
944,5601001339301,200.0,Nestlé,"Mistura solúvel mokambo, embalagem de 200g",,4.19,20.95,0,kg,€/Kg,,,https://driveimg1.intermarche.com/pt/Content/images/boitmal/produit/zoom/7654D4A8AEB526591EE0FD0D1A7BE478.jpg,,,,,,,2025-05-28T23:59:59.999999999+01:00,PROSPECTUS,19,4
15955,7613032408794,85.0,Purina Gourmet,"Comida húmida para gato peixe do oceano, embalagem de 90g",,0.87,10.24,0,kg,€/Kg,,,https://driveimg1.intermarche.com/pt/Content/images/boitmal/produit/zoom/FEEA8DEA9BB460BB34BF8E0ADF22D62F.jpg,,,,,,,2025-05-28T23:59:59.999999999+01:00,PROSPECTUS,19,4
24369,5601050033045,620.0,Danone,"Iogurte líquido morango / kiwi corpos danone, embalagem de 4 x 155g",,1.89,3.05,0,kg,€/Kg,,,https://driveimg1.intermarche.com/pt/Content/images/boitmal/produit/zoom/4DF8E752E36F802BC82CCB72970E5D9F.jpg,,,,,,,2025-05-28T23:59:59.999999999+01:00,PROSPECTUS,19,4
46825,5603722518287,720.0,Mimosa,"Iogurte magro aroma multi sabores de morango e kiwi/manga, 6 x 120g",,1.99,2.76,0,kg,€/Kg,,,https://driveimg1.intermarche.com/pt/Content/images/boitmal/produit/zoom/EBBE1EB3FBC3C9322F0040C9AA4B6B04.jpg,,,,,,,2025-05-28T23:59:59.999999999+01:00,PROSPECTUS,19,4
5119,5601066200073,1000.0,Nacional,Farinha p/ bolos extra fina,Embalagem de 1 kg,0.99,0.99,0,kg,€/Kg,,,https://driveimg1.intermarche.com/pt/Content/images/boitmal/produit/zoom/CAC064713C07BACF659239959FBD0E0D.jpg,,,,,,,2025-05-28T23:59:59.999999999+01:00,PROSPECTUS,19,4
8521,5601119956810,120.0,Nobre,"Fiambre perna extra fatiado, embalagem de 120g",,1.89,15.75,0,kg,€/Kg,,,https://driveimg1.intermarche.com/pt/Content/images/boitmal/produit/zoom/B962872D940BF7EEEBDD095332A56017.jpg,,,,,,,2025-05-28T23:59:59.999999999+01:00,PROSPECTUS,19,4
10669,8714789703046,360.0,Palmolive,"Sabonete sensitive, 4x90 g",,3.59,9.97,0,kg,€/Kg,,,https://driveimg1.intermarche.com/pt/Content/images/boitmal/produit/zoom/8140413D2E9C838D4EEF2E30218B12BC.jpg,,,,,,,2025-06-11T23:59:59.999999999+01:00,PROSPECTUS,19,4
13884,2891106000000,2000.0,PorSi Select,Frango do Campo Inteiro c/ Miúdos Programa Origens,Vendido ao peso,7.98,3.99,0,,€/Kg,,,https://driveimg1.intermarche.com/pt/Content/images/boitmal/produit/zoom/4004CE88E12A24D0AD85684C27210FBB.jpg,,,,,,,2025-05-28T23:59:59.999999999+01:00,PROSPECTUS,19,4
24414,8410436297691,1300.0,Sonasol,"Lava tudo camomila e flor de laranjeira, 1,3l",,2.09,1.61,1300,L,€/L,,,https://driveimg1.intermarche.com/pt/Content/images/boitmal/produit/zoom/C67C521AD0B096D9F596A17B56363CA4.jpg,,,,,,,2025-05-28T23:59:59.999999999+01:00,PROSPECTUS,19,4
2644,8000500071083,200.0,Kinder,"Chocolate, 16 tabletes, embalagem de 200g",,2.79,13.95,0,kg,€/Kg,,,https://driveimg1.intermarche.com/pt/Content/images/boitmal/produit/zoom/9AF44354478DAF42C79BBF89F292CDAD.jpg,,,,,,,2025-05-28T23:59:59.999999999+01:00,PROSPECTUS,19,4
38417,5411188124689,1000.0,Alpro,"Bebida aveia sem açúcar, embalagem de 1l",,1.99,1.99,1000,L,€/L,,,https://driveimg1.intermarche.com/pt/Content/images/boitmal/produit/zoom/242D83F75D71A1E8390A9D4AC652F0B9.jpg,,,,,,,2025-05-28T23:59:59.999999999+01:00,PROSPECTUS,19,4
5247,5601151720752,845.0,Compal,"Feijão frade, lata de 850g",,2.09,2.47,0,kg,€/Kg,,,https://driveimg1.intermarche.com/pt/Content/images/boitmal/produit/zoom/748A199E3B15682C5E3E960F2EBA8A1A.jpg,,,,,,,2025-05-28T23:59:59.999999999+01:00,PROSPECTUS,19,4
15489,7613031884247,4000.0,Friskies,"Ração para gato adulto com vaca, frango, embalagem de 4kg",,10.79,2.7,0,kg,€/Kg,,,https://driveimg1.intermarche.com/pt/Content/images/boitmal/produit/zoom/AA74DE430E0D577781082E763F8D5C13.jpg,,,,,,,2025-05-28T23:59:59.999999999+01:00,PROSPECTUS,19,4
15503,8410500018931,400.0,Danonino Danone,"Iogurte líquido danonino tutti frutti, embalagem de 4 x 100 g",,1.99,4.98,0,kg,€/Kg,,,https://driveimg1.intermarche.com/pt/Content/images/boitmal/produit/zoom/49D4DFA8C6DABEB79926D4F0312C64D8.jpg,,,,,,,2025-05-28T23:59:59.999999999+01:00,PROSPECTUS,19,4
24412,8410436297660,1300.0,Sonasol,"Lava tudo aloe vera e flores brancas, 1,3l",,2.09,1.61,1300,L,€/L,,,https://driveimg1.intermarche.com/pt/Content/images/boitmal/produit/zoom/1CF7718543DB6BCDD620E4F3293279BF.jpg,,,,,,,2025-05-28T23:59:59.999999999+01:00,PROSPECTUS,19,4
31551,8414100333241,250.0,Schweppes,"Schweppes tónica zero, garrafa de 250 ml",,0.72,2.88,250,L,€/L,,,https://driveimg1.intermarche.com/pt/Content/images/boitmal/produit/zoom/4DBFD7A80C20CF9D74FFDE40B52421E2.jpg,,,,,,,2025-05-28T23:59:59.999999999+01:00,PROSPECTUS,19,4
50349,5600398530360,1000.0,Canto Alegre,Mistura para coelhos anões,Embalagem de 1K,1.99,1.99,0,kg,€/Kg,,,https://driveimg1.intermarche.com/pt/Content/images/boitmal/produit/zoom/1CFB74555D8B9AF31C90A136A838F015.jpg,,,,,,,2025-05-28T23:59:59.999999999+01:00,PROSPECTUS,19,4
5095,5601050026405,300.0,Danone,"Queijinho dadoninho petitdino de morango, embalagem de 6 x 50g",,1.99,6.63,0,kg,€/Kg,,,https://driveimg1.intermarche.com/pt/Content/images/boitmal/produit/zoom/285FD05A8135D405134AF6FB325A781F.jpg,,,,,,,2025-05-28T23:59:59.999999999+01:00,PROSPECTUS,19,4
24411,8410436297752,1300.0,Sonasol,"Lava tudo rosas e jasmim, 1,3l",,2.09,1.61,1300,L,€/L,,,https://driveimg1.intermarche.com/pt/Content/images/boitmal/produit/zoom/A8DAC5F038BB6C2FB23FB3C7F35CC590.jpg,,,,,,,2025-05-28T23:59:59.999999999+01:00,PROSPECTUS,19,4
26177,5603722514470,1000.0,Matinal,"Leite seleccionado leve, de 1l",,1.1,1.1,1000,L,€/L,,,https://driveimg1.intermarche.com/pt/Content/images/boitmal/produit/zoom/3414EC19C8611CE7E0D99781254117D1.jpg,,,,,,,2025-05-28T23:59:59.999999999+01:00,PROSPECTUS,19,4
35089,5604260287246,,PorSi,"Acendalha ecológicas, 32 cubos",,0.99,0.99,0,,€/Unidade,,,https://driveimg1.intermarche.com/pt/Content/images/boitmal/produit/zoom/3C3A545F046A9053ADD48AE98FE47946.jpg,,,,,,,2025-06-11T23:59:59.999999999+01:00,PROSPECTUS,19,4
39305,5601195640122,1000.0,Pedras Salgadas,"Pedras maracujá, pack 4 x 25 cl",,2.19,2.19,1000,L,€/L,,,https://driveimg1.intermarche.com/pt/Content/images/boitmal/produit/zoom/4530A5F4C57E573DC822AE65FB3AE7F0.jpg,,,,,,,2025-05-28T23:59:59.999999999+01:00,PROSPECTUS,19,4
41385,5604260304943,500.0,PorSi Select,Fusilli Al Bronzo,Embalagem de 500 g,0.99,1.98,0,kg,€/Kg,,,https://driveimg1.intermarche.com/pt/Content/images/boitmal/produit/zoom/E40798E1C22C45161378ACF5A2D7D9BD.jpg,,,,,,,2025-05-28T23:59:59.999999999+01:00,PROSPECTUS,19,4
7231,3059941005008,750.0,Harpic,"Gel wc tripla ação com lixívia, de 750 ml",,1.99,2.65,750,L,€/L,,,https://driveimg1.intermarche.com/pt/Content/images/boitmal/produit/zoom/709DE4E0C5656AA740292F75F71F1AE8.jpg,,,,,,,2025-05-28T23:59:59.999999999+01:00,PROSPECTUS,19,4
