identifier,produitEan13,capacite,marque,libelle,conditionnement,prix,unitPrice,volume,typeProduit_uniteByCode,unit_value,pictogrammes_0,pictogrammes_libelleCategorie,images_0,images_1,images_2,images_3,images_4,images_5,images_6,images_7,images_8,avantages_dateFin,avantages_categorie,nro_paginas,page
11464,5601018003400,1000.0,Matinal,"Leite seleccionado meio gordo, de 1l",,0.95,0.95,1000,L,€/L,,,https://driveimg1.intermarche.com/pt/Content/images/boitmal/produit/zoom/5F34056BF2D07C9D39E218B31081D1FC.jpg,,,,,,,,,2026-01-21T23:59:59Z,PROSPECTUS,14,1
11967,5601049612336,250.0,Mimosa,"Manteiga com sal, embalagem de 250g",,2.09,8.36,0,kg,€/Kg,,,https://driveimg1.intermarche.com/pt/Content/images/boitmal/produit/zoom/2C2D066D904F137421CA4F472DC07738.jpg,https://driveimg1.intermarche.com/pt/Content/images/boitmal/produit/zoom/B59AE74FD0DBE6C3112F001AFF69E867.jpg,https://driveimg1.intermarche.com/pt/Content/images/boitmal/produit/zoom/BB9196C3025886DBB6F20EDD70A1CA7A.jpg,,,,,,,2026-01-21T23:59:59Z,PROSPECTUS,14,1
14172,5601226006460,1500.0,Ucal,"Leite Achocolatado Original, emb. 6 x 250 ml",,4.79,3.19,1500,L,€/L,,,https://driveimg1.intermarche.com/pt/Content/images/boitmal/produit/zoom/DBA6B505928AF15261880350BAEA1A97.jpg,,,,,,,,,2026-01-21T23:59:59Z,PROSPECTUS,14,1
57358,5601082058023,,Delta Q,"Cápsulas de Café Uniq Int 16, 40 Cápsula",,14.89,14.89,40,,€/Unidade,,,https://driveimg1.intermarche.com/pt/Content/images/boitmal/produit/zoom/45C5CD4FCFE174CB6D92D2B20A00DB77.jpg,,,,,,,,,2026-01-21T23:59:59Z,PROSPECTUS,14,1
978,5601024134136,750.0,Oliveira da Serra,Azeite,Embalagem de 750 ml,3.69,4.92,750,L,€/L,,,https://driveimg1.intermarche.com/pt/Content/images/boitmal/produit/zoom/9CC9A85673AA0BF0B09481F106398AA6.jpg,,,,,,,,,2026-01-21T23:59:59Z,PROSPECTUS,14,1
23605,5601024335182,1000.0,Fula,"Óleo Alimentar Especial Fritura, emb. 1 lt",Garrafa de 1 l,1.85,1.85,1000,L,€/L,,,https://driveimg1.intermarche.com/pt/Content/images/boitmal/produit/zoom/69E445CB49A81927EAD36F899A4FF4A1.jpg,,,,,,,,,2026-01-21T23:59:59Z,PROSPECTUS,14,1
17827,5603344531022,110.0,General,Atum posta em óleo,Embalagem de 110g,0.89,8.09,0,kg,€/Kg,,,https://driveimg1.intermarche.com/pt/Content/images/boitmal/produit/zoom/6CF8780AD6CFF5E4D2703538338330A5.jpg,,,,,,,,,2026-01-21T23:59:59Z,PROSPECTUS,14,1
16343,5601151978856,6000.0,Serra da estrela,"Água sem gás, garrafão de 6l",,1.39,0.23,6000,L,€/L,,,https://driveimg1.intermarche.com/pt/Content/images/boitmal/produit/zoom/8D402342781DACEBEA13B36CE32D8EBF.jpg,,,,,,,,,2026-01-21T23:59:59Z,PROSPECTUS,14,1
1327,5601164115606,1000.0,Super Bock,"Cerveja com Álcool, garrafa 1 lt",,1.65,1.65,1000,L,€/L,,,https://driveimg1.intermarche.com/pt/Content/images/boitmal/produit/zoom/73F2D859CCD8D2800F2C691289AD7AE3.jpg,,,,,,,,,2026-01-21T23:59:59Z,PROSPECTUS,14,1
49475,5601146570027,3750.0,Sagres,"Cerveja com Álcool Mini, emb. 15 x 25 cl",,7.45,1.99,3750,L,€/L,,,https://driveimg1.intermarche.com/pt/Content/images/boitmal/produit/zoom/A715AE59B8D1A6C9C572F97AFE8A2897.jpg,,,,,,,,,2026-01-21T23:59:59Z,PROSPECTUS,14,1
35888,5601151973752,3500.0,Sumol,"Refrigerante com gás de ananás, 2 x 1.75 l",,2.79,0.8,3500,L,€/L,,,https://driveimg1.intermarche.com/pt/Content/images/boitmal/produit/zoom/088D8DA34921F50F39B725B4135D000A.jpg,,,,,,,,,2026-01-21T23:59:59Z,PROSPECTUS,14,1
41819,5601082047737,,Delta Q,Café XL Deqafeinatus intensidade 1,40 cápsulas,14.89,14.89,0,,€/Unidade,,,https://driveimg1.intermarche.com/pt/Content/images/boitmal/produit/zoom/7C9048D70006F117EC54BB13DF259BB8.jpg,,,,,,,,,2026-01-21T23:59:59Z,PROSPECTUS,14,1
17893,5601082039817,220.0,Delta Q,Café xl qharacter cápsulas,40 Cápsulas,14.89,67.68,0,kg,€/Kg,,,https://driveimg1.intermarche.com/pt/Content/images/boitmal/produit/zoom/A33D46B8BEAE0A6886B2052A87431B6E.jpg,,,,,,,,,2026-01-21T23:59:59Z,PROSPECTUS,14,1
17892,5601082039800,220.0,Delta Q,Café xl qalidus cápsulas,Embalagem de 220g,14.89,67.68,0,kg,€/Kg,,,https://driveimg1.intermarche.com/pt/Content/images/boitmal/produit/zoom/CC1942C4B68078F0368F602F327C039D.jpg,,,,,,,,,2026-01-21T23:59:59Z,PROSPECTUS,14,1
35499,5601151973769,3500.0,Sumol,"Refrigerante com gás de laranja, 2 x 1.75 l",,2.79,0.8,3500,L,€/L,,,https://driveimg1.intermarche.com/pt/Content/images/boitmal/produit/zoom/15C97042A71F49C362C4C213EA28900F.jpg,,,,,,,,,2026-01-21T23:59:59Z,PROSPECTUS,14,1
22886,5601082040905,,Delta Q,"Cápsulas de Café Embalagem Int 14, 12, 10, emb. 40 un",40 Cápsulas,14.89,14.89,0,,€/Unidade,,,https://driveimg1.intermarche.com/pt/Content/images/boitmal/produit/zoom/2A0B747997ADACA3A0413EC232C6ECEB.jpg,,,,,,,,,2026-01-21T23:59:59Z,PROSPECTUS,14,1
9166,5602154602489,750.0,Adega de Borba,Vinho doc alentejo tinto,Garrafa de 0.75 l,2.79,3.72,750,L,€/L,,,https://driveimg1.intermarche.com/pt/Content/images/boitmal/produit/zoom/E3D6E8719D8EE081DDE586C10FB8EB6C.jpg,,,,,,,,,2026-01-21T23:59:59Z,PROSPECTUS,14,1
9164,5602154601499,750.0,Adega de Borba,Vinho doc alentejo branco,Garrafa de 0.75 l,2.79,3.72,750,L,€/L,,,https://driveimg1.intermarche.com/pt/Content/images/boitmal/produit/zoom/243AF71612B43A6D01980A53A1519A71.jpg,,,,,,,,,2026-01-21T23:59:59Z,PROSPECTUS,14,1
54604,8720181471636,720.0,Dove,"Gel de banho fresh care, 720ml",,4.49,6.24,720,L,€/L,,,https://driveimg1.intermarche.com/pt/Content/images/boitmal/produit/zoom/A04F69573CB714F101DE27F9EF62ED87.jpg,,,,,,,,,2026-01-21T23:59:59Z,PROSPECTUS,14,1
54606,8720181466359,720.0,Dove,"Gel de banho hydrate, 720ml",,4.49,6.24,720,L,€/L,,,https://driveimg1.intermarche.com/pt/Content/images/boitmal/produit/zoom/73576AE98695DDB42CEBA03FBEBB469E.jpg,,,,,,,,,2026-01-21T23:59:59Z,PROSPECTUS,14,1
12972,2892040000000,200.0,Fruta,Banana,1 un = 200 gr (aprox.),0.22,1.09,0,,€/Kg,,,https://driveimg1.intermarche.com/pt/Content/images/boitmal/produit/zoom/1515327A77B72426B2932390DFBE18E5.jpg,,,,,,,,,2026-01-21T23:59:59Z,PROSPECTUS,14,1
46714,5604260318742,,PorSi,Papel Higiénico Branco 3 Folhas 12 Rolos,,3.79,3.79,0,,€/Unidade,,,https://driveimg1.intermarche.com/pt/Content/images/boitmal/produit/zoom/302F6B4FE48393BA7E5D666ED55E249B.jpg,,,,,,,,,2026-01-21T23:59:59Z,PROSPECTUS,14,1
54908,8720181468452,720.0,Dove,"Gel De Banho Silky Velvet, 720ml",,4.49,6.24,720,L,€/L,,,https://driveimg1.intermarche.com/pt/Content/images/boitmal/produit/zoom/B4B8973AC1CFAE2318D36A45878739E2.jpg,,,,,,,,,2026-01-21T23:59:59Z,PROSPECTUS,14,1
12994,2892524000000,100.0,Legumes,Cenoura Granel,1 un = 100 gr (aprox.),0.09,0.89,0,,€/Kg,,,https://driveimg1.intermarche.com/pt/Content/images/boitmal/produit/zoom/5AEDEF3ED6ABEF24EACEE9C46AA7916F.jpg,,,,,,,,,2026-01-21T23:59:59Z,PROSPECTUS,14,1
13866,2891048000000,1000.0,Porco,Bifanas,Vendido ao peso a partir de 1 kg,3.99,3.99,0,,€/Kg,,,https://driveimg1.intermarche.com/pt/Content/images/boitmal/produit/zoom/72DE0DA6B485199AC995C629E3E4D279.jpg,,,,,,,,,2026-01-21T23:59:59Z,PROSPECTUS,14,1
24921,5604260281855,500.0,PorSi,Massa Espirais Tricolores 500g,,0.77,1.54,0,kg,€/Kg,,,https://driveimg1.intermarche.com/pt/Content/images/boitmal/produit/zoom/5CE58905BD4CA1FD470803CD9B488D04.jpg,,,,,,,,,2026-01-21T23:59:59Z,PROSPECTUS,14,1
21292,5604260263837,250.0,PorSi,Alho Seco,Embalagem: 250 g  ,1.49,5.96,0,kg,€/Kg,,,https://driveimg1.intermarche.com/pt/Content/images/boitmal/produit/zoom/9CACD04AEB53BB065A4A6DA5A64A1473.jpg,,,,,,,,,2026-01-21T23:59:59Z,PROSPECTUS,14,1
14921,2892534000000,400.0,Legumes,Couve Bróculo,Vendido ao peso,1.0,2.49,0,,€/Kg,,,https://driveimg1.intermarche.com/pt/Content/images/boitmal/produit/zoom/4F48873F332B6ECE759CD88793270811.jpg,,,,,,,,,2026-01-21T23:59:59Z,PROSPECTUS,14,1
14038,2696013000000,80.0,Padaria,Bola mistura,1 unidade= 80 g,0.18,2.25,0,kg,€/Kg,,,https://driveimg1.intermarche.com/pt/Content/images/boitmal/produit/zoom/509539D5119FE663643D444B9A3F9D6A.jpg,,,,,,,,,2026-01-21T23:59:59Z,PROSPECTUS,14,1
12997,2892527000000,300.0,Legumes,Courgette Categoria II,,0.66,2.19,0,,€/Kg,,,https://driveimg1.intermarche.com/pt/Content/images/boitmal/produit/zoom/323B806C0CB557ED0F5B2CB32A998FDE.jpg,,,,,,,,,2026-01-21T23:59:59Z,PROSPECTUS,14,1
13892,2891041000000,1000.0,Porco,Costeletas do Lombo,Vendido ao peso a partir de 1 kg,3.99,3.99,0,,€/Kg,,,https://driveimg1.intermarche.com/pt/Content/images/boitmal/produit/zoom/589E4AFE71E19AF7FEB32FB0C0E176FF.jpg,,,,,,,,,2026-01-21T23:59:59Z,PROSPECTUS,14,1
37515,5604260294367,1000.0,PorSi,Arroz Agulha Europa 1000g,,1.25,1.25,0,kg,€/Kg,,,https://driveimg1.intermarche.com/pt/Content/images/boitmal/produit/zoom/3AE7BF941A236F6D331254BF58EBAFEF.jpg,,,,,,,,,2026-01-21T23:59:59Z,PROSPECTUS,14,1
48528,5604260318704,,PorSi,Rolo de Cozinha 2 Folhas 4 Rolos,,1.69,1.69,0,,€/Unidade,,,https://driveimg1.intermarche.com/pt/Content/images/boitmal/produit/zoom/05B11B6BCA5BF240745C5E6DBCD6C811.jpg,,,,,,,,,2026-01-21T23:59:59Z,PROSPECTUS,14,1
12909,2892005000000,250.0,Fruta,Laranja Económica,1 un = 250 gr  (aprox.),0.3,1.19,0,,€/Kg,,,https://driveimg1.intermarche.com/pt/Content/images/boitmal/produit/zoom/67E13FD34B36BCD37E12339EB836171D.jpg,,,,,,,,,2026-01-21T23:59:59Z,PROSPECTUS,14,1
46715,5604260318759,,PorSi,Papel Higiénico Branco 4 Folhas 12 Rolos,,4.49,4.49,0,,€/Unidade,,,https://driveimg1.intermarche.com/pt/Content/images/boitmal/produit/zoom/71B84E02290AD35D82ACC6CF2D01690A.jpg,,,,,,,,,2026-01-21T23:59:59Z,PROSPECTUS,14,1
20845,4015400846789,,Dodot,Fraldas Recém Nascido Sensitive | Tamanho 2 - 4-8 kg,Embalagem c/ 58 unidades,12.69,12.69,0,,€/Unidade,,,https://driveimg1.intermarche.com/pt/Content/images/boitmal/produit/zoom/63EC8BDD23C53956A77A4B02EC337DBE.jpg,https://driveimg1.intermarche.com/pt/Content/images/boitmal/produit/zoom/DC6466B752B89E9E5AA5C794BD4F7833.jpg,https://driveimg1.intermarche.com/pt/Content/images/boitmal/produit/zoom/DC6466B752B89E9E5AA5C794BD4F7833.jpg,https://driveimg1.intermarche.com/pt/Content/images/boitmal/produit/zoom/DC6466B752B89E9E5AA5C794BD4F7833.jpg,https://driveimg1.intermarche.com/pt/Content/images/boitmal/produit/zoom/DC6466B752B89E9E5AA5C794BD4F7833.jpg,https://driveimg1.intermarche.com/pt/Content/images/boitmal/produit/zoom/DC6466B752B89E9E5AA5C794BD4F7833.jpg,,,,2026-01-28T23:59:59Z,PROSPECTUS,14,1
23590,5603722514142,1600.0,Agros,"Leite com chocolate, embalagem de 8x200 ml",,2.96,1.85,1600,L,€/L,,,https://driveimg1.intermarche.com/pt/Content/images/boitmal/produit/zoom/4B07C2A65AC5D9D66E12210391EDB136.jpg,,,,,,,,,2026-01-21T23:59:59Z,PROSPECTUS,14,1
41719,5604260303793,90.0,PorSi,Puré de Fruta Maçã Banana 90g,,0.59,6.56,0,kg,€/Kg,,,https://driveimg1.intermarche.com/pt/Content/images/boitmal/produit/zoom/2E481D69677BD2CA4465286377A9A6E3.jpg,,,,,,,,,2026-01-28T23:59:59Z,PROSPECTUS,14,1
54632,5603722523045,1000.0,Gresso,"Leite UHT Meio Gordo, 1L",,0.87,0.87,1000,L,€/L,,,https://driveimg1.intermarche.com/pt/Content/images/boitmal/produit/zoom/ECF816693AC2579C9FB595FD8ABD96D7.jpg,,,,,,,,,2026-01-21T23:59:59Z,PROSPECTUS,14,1
13561,2893555000000,400.0,Peixaria,Red Fish Congelado,,1.6,3.99,0,,€/Kg,,Avantages !,https://driveimg1.intermarche.com/pt/Content/images/boitmal/produit/zoom/6B51C5A0022242B4A2691EFB27EE24DC.jpg,,,,,,,,,2026-01-21T23:59:59Z,PROSPECTUS,14,1
1437,5601260046101,1000.0,Saludães,Arroz Carolino,Embalagem de 1 kg,1.14,1.14,0,kg,€/Kg,,,https://driveimg1.intermarche.com/pt/Content/images/boitmal/produit/zoom/844734F94E64C7EE2E76F0FC068B9A4B.jpg,,,,,,,,,2026-01-21T23:59:59Z,PROSPECTUS,14,1
14882,2891118000000,1600.0,Frango,Frango Inteiro Grande,1 un = 1.6 kg (aprox.),3.98,2.49,0,,€/Kg,,,https://driveimg1.intermarche.com/pt/Content/images/boitmal/produit/zoom/3581EC31F0B1F288A68020FE172EC513.jpg,,,,,,,,,2026-01-21T23:59:59Z,PROSPECTUS,14,1
41718,5604260303823,90.0,PorSi,Puré de Fruta Maçã Manga Pessego 90g,,0.59,6.56,0,kg,€/Kg,,,https://driveimg1.intermarche.com/pt/Content/images/boitmal/produit/zoom/9B27C39372BB074FB232EB9A2E0BB35A.jpg,,,,,,,,,2026-01-28T23:59:59Z,PROSPECTUS,14,1
41720,5604260303786,90.0,PorSi,Puré de Fruta Maçã Banana e Morango 90g,,0.59,6.56,0,kg,€/Kg,,,https://driveimg1.intermarche.com/pt/Content/images/boitmal/produit/zoom/EB59B6CAE9A8CD6FFFC194AC89C34DBC.jpg,,,,,,,,,2026-01-28T23:59:59Z,PROSPECTUS,14,1
13893,2891043000000,1000.0,Porco,Entrecosto,Vendido ao peso a partir de 1 kg,5.99,5.99,0,,€/Kg,,,https://driveimg1.intermarche.com/pt/Content/images/boitmal/produit/zoom/AA05EE99D302D59771FCC108473E0700.jpg,,,,,,,,,2026-01-21T23:59:59Z,PROSPECTUS,14,1
20434,5601244500063,1000.0,Terra Nostra,"Leite de pastagem meio gordo, embalagem de 1litro",,0.89,0.89,1000,L,€/L,,,https://driveimg1.intermarche.com/pt/Content/images/boitmal/produit/zoom/416A848D81A31A3BE14CC7E8951CC4DA.jpg,https://driveimg1.intermarche.com/pt/Content/images/boitmal/produit/zoom/E82125FE177156A16B33D08208F11D7F.jpg,,,,,,,,2026-01-21T23:59:59Z,PROSPECTUS,14,1
35132,5604260292691,400.0,PorSi,Preparado de Carne de Novilho 400 G,,5.58,13.95,0,kg,€/Kg,,,https://driveimg1.intermarche.com/pt/Content/images/boitmal/produit/zoom/FA237A273D27DEFFCEE4206F1593AE11.jpg,,,,,,,,,2026-01-21T23:59:59Z,PROSPECTUS,14,1
41716,5604260303809,90.0,PorSi,Puré Fruta Multifrutos Maçã / Pêssego / Banana / Pera 90g,,0.59,6.56,0,kg,€/Kg,,,https://driveimg1.intermarche.com/pt/Content/images/boitmal/produit/zoom/1CAFF4A82E080C7A12967171C7D2027F.jpg,,,,,,,,,2026-01-28T23:59:59Z,PROSPECTUS,14,1
49221,5604260322602,90.0,PorSi,Puré de Fruta Maçã Banana Laranja 90g,,0.59,6.56,0,kg,€/Kg,,,https://driveimg1.intermarche.com/pt/Content/images/boitmal/produit/zoom/3EA2B765FDE0704D86E3A5E9BB105514.jpg,,,,,,,,,2026-01-28T23:59:59Z,PROSPECTUS,14,1
49380,5604260323586,150.0,PorSi,Tiras de Bacon 2x75g,,1.39,9.27,0,kg,€/Kg,,,https://driveimg1.intermarche.com/pt/Content/images/boitmal/produit/zoom/C81C7CF2D06D55EFA730F249BB879140.jpg,,,,,,,,,2026-01-21T23:59:59Z,PROSPECTUS,14,1
51094,5605378209106,500.0,Legumes,"Cebola Doce, emb. 500 gr",500 g,1.39,2.78,0,kg,€/Kg,,,https://driveimg1.intermarche.com/pt/Content/images/boitmal/produit/zoom/A3A195161818002B079AE373F23C98D9.jpg,,,,,,,,,2026-01-21T23:59:59Z,PROSPECTUS,14,1
12110,5604260266630,400.0,PorSi,Croissant Simples,,1.82,4.55,0,kg,€/Kg,,,https://driveimg1.intermarche.com/pt/Content/images/boitmal/produit/zoom/78ED6B7D0ECF488C060F07EB85C79AA9.jpg,,,,,,,,,2026-01-21T23:59:59Z,PROSPECTUS,14,1
12943,2892087000000,1500.0,Fruta,Mamão,"1 un = 1,5 kg (aprox.)",5.84,3.89,0,,€/Kg,,,https://driveimg1.intermarche.com/pt/Content/images/boitmal/produit/zoom/E92859558CF3617793775ADAD1A11B14.jpg,,,,,,,,,2026-01-21T23:59:59Z,PROSPECTUS,14,1
13048,2893561000000,250.0,Marisco,Ameijoa Branca Vietnamita Congelada,Vendido a partir de 250 gr  (aprox.),0.5,1.99,0,,€/Kg,,Avantages !,https://driveimg1.intermarche.com/pt/Content/images/boitmal/produit/zoom/EB1BC296FF41180E6F3E1626AD4F78AA.jpg,,,,,,,,,2026-01-21T23:59:59Z,PROSPECTUS,14,1
13839,2891006000000,800.0,Novilho,Bife da Pá,Vendido ao peso a partir de 800 g,10.39,12.99,0,,€/Kg,,,https://driveimg1.intermarche.com/pt/Content/images/boitmal/produit/zoom/5626B1315F40E59D057B37FBCA18064B.jpg,,,,,,,,,2026-01-21T23:59:59Z,PROSPECTUS,14,1
13947,2891125000000,150.0,Peru,Espetadas de Peru,1 un = 150 gr (aprox.),1.02,6.79,0,,€/Kg,,,https://driveimg1.intermarche.com/pt/Content/images/boitmal/produit/zoom/7051DD49B64096A6B46E7815DD618A85.jpg,,,,,,,,,2026-01-21T23:59:59Z,PROSPECTUS,14,1
14908,2893723000000,600.0,Peixaria,Dourada Pequena,"Vendido ao peso, de 200 a 600 g",4.49,7.49,0,,€/Kg,,,https://driveimg1.intermarche.com/pt/Content/images/boitmal/produit/zoom/AFF5C8795A7F86F3C0C55DCFF44363C3.jpg,,,,,,,,,2026-01-21T23:59:59Z,PROSPECTUS,14,1
2198,5604260264742,125.0,PorSi,Cappuccino 125 G,,1.99,15.92,0,kg,€/Kg,,,https://driveimg1.intermarche.com/pt/Content/images/boitmal/produit/zoom/7A75C1A53AB12261C7716520366AA7E7.jpg,,,,,,,,,2026-01-21T23:59:59Z,PROSPECTUS,14,1
27629,5604260282845,500.0,PorSi,Iogurte Natural 4x125g,,0.8,1.6,0,kg,€/Kg,,,https://driveimg1.intermarche.com/pt/Content/images/boitmal/produit/zoom/4C81FD0AD483BCDBB41B470432B5F2B0.jpg,,,,,,,,,2026-01-28T23:59:59Z,PROSPECTUS,14,1
36745,2892275000000,300.0,Fruta,Pera conference categoria: II,Vendido ao peso a partir de 300 g,0.57,1.89,0,,€/Kg,,,https://driveimg1.intermarche.com/pt/Content/images/boitmal/produit/zoom/8BF458478FD63452D2100C106D192E00.jpg,,,,,,,,,2026-01-28T23:59:59Z,PROSPECTUS,14,1
43329,5604260310098,400.0,PorSi,Sopa de Agrião 400g,,1.39,3.48,0,kg,€/Kg,,,https://driveimg1.intermarche.com/pt/Content/images/boitmal/produit/zoom/49C78B82972B6C955E10EA2B7919DE0E.jpg,https://driveimg1.intermarche.com/pt/Content/images/boitmal/produit/zoom/F91FE746E7285B80A613574BB16A67A2.jpg,https://driveimg1.intermarche.com/pt/Content/images/boitmal/produit/zoom/F91FE746E7285B80A613574BB16A67A2.jpg,https://driveimg1.intermarche.com/pt/Content/images/boitmal/produit/zoom/F91FE746E7285B80A613574BB16A67A2.jpg,https://driveimg1.intermarche.com/pt/Content/images/boitmal/produit/zoom/F91FE746E7285B80A613574BB16A67A2.jpg,https://driveimg1.intermarche.com/pt/Content/images/boitmal/produit/zoom/F91FE746E7285B80A613574BB16A67A2.jpg,https://driveimg1.intermarche.com/pt/Content/images/boitmal/produit/zoom/F91FE746E7285B80A613574BB16A67A2.jpg,https://driveimg1.intermarche.com/pt/Content/images/boitmal/produit/zoom/F91FE746E7285B80A613574BB16A67A2.jpg,https://driveimg1.intermarche.com/pt/Content/images/boitmal/produit/zoom/F91FE746E7285B80A613574BB16A67A2.jpg,2026-01-21T23:59:59Z,PROSPECTUS,14,1
12519,8712100417054,416.0,HellmannS,"Maionese, frasco, embalagem de 420g",,2.99,7.19,0,kg,€/Kg,,,https://driveimg1.intermarche.com/pt/Content/images/boitmal/produit/zoom/6AB870EF622544FC82599432CC32DE9B.jpg,https://driveimg1.intermarche.com/pt/Content/images/boitmal/produit/zoom/6731B805B2B4B445CCCFD0D614219E37.jpg,https://driveimg1.intermarche.com/pt/Content/images/boitmal/produit/zoom/6731B805B2B4B445CCCFD0D614219E37.jpg,https://driveimg1.intermarche.com/pt/Content/images/boitmal/produit/zoom/6731B805B2B4B445CCCFD0D614219E37.jpg,,,,,,2026-01-21T23:59:59Z,PROSPECTUS,14,1
13529,2893521000000,1000.0,Peixaria,Pescada do Chile Congelada Nº3,1 un= 1 kg (aprox.),9.99,9.99,0,,€/Kg,,Avantages !,https://driveimg1.intermarche.com/pt/Content/images/boitmal/produit/zoom/40D57D35BBDBDF72027C959F41A6E90C.jpg,,,,,,,,,2026-01-21T23:59:59Z,PROSPECTUS,14,1
15156,2892099000000,500.0,Fruta,Papaia Avião,1 un = 500 g (aprox.),1.95,3.89,0,,€/Kg,,,https://driveimg1.intermarche.com/pt/Content/images/boitmal/produit/zoom/103067E524772C956478A94460D63E34.jpg,,,,,,,,,2026-01-28T23:59:59Z,PROSPECTUS,14,1
16857,5603344531114,110.0,General,Atum natural,Embalagem de 110g,1.1,10.0,0,kg,€/Kg,,,https://driveimg1.intermarche.com/pt/Content/images/boitmal/produit/zoom/D147FF3405CBBBAF67756FEDE1B5317A.jpg,,,,,,,,,2026-01-21T23:59:59Z,PROSPECTUS,14,1
17189,5603344531107,110.0,General,"Atum em posta, em azeite, embalagem de 110g",,1.49,13.55,0,kg,€/Kg,,,https://driveimg1.intermarche.com/pt/Content/images/boitmal/produit/zoom/9B578FD57DAE66EA731A200412CF6D79.jpg,,,,,,,,,2026-01-21T23:59:59Z,PROSPECTUS,14,1
22164,5601260254056,500.0,Saludães,"Arroz doce especial, embalagem de 500g",,0.83,1.66,0,kg,€/Kg,,,https://driveimg1.intermarche.com/pt/Content/images/boitmal/produit/zoom/C73C7DA612DE17339FC2172D24F6B83B.jpg,,,,,,,,,2026-01-21T23:59:59Z,PROSPECTUS,14,1
29591,3387390339505,375.0,Nestlé,"Cereais golden grahams, embalagem de 380g",,2.98,7.95,0,kg,€/Kg,,,https://driveimg1.intermarche.com/pt/Content/images/boitmal/produit/zoom/52B010047394B5E18C21D533AA60A41C.jpg,,,,,,,,,2026-01-21T23:59:59Z,PROSPECTUS,14,1
29613,5604260283538,1000.0,Porsi Vivabem,Bebida de Aveia 0% Açúcares Adicionados 1l,,1.15,1.15,1000,L,€/L,,,https://driveimg1.intermarche.com/pt/Content/images/boitmal/produit/zoom/1EE40BC1DA49C5CE3D084214B1D3D3B9.jpg,,,,,,,,,2026-01-21T23:59:59Z,PROSPECTUS,14,1
36523,5604260295661,2500.0,PorSi,"Batata Pré-frita Palitos 2,5kg","Embalagem de 2,5 kg",4.45,1.78,0,kg,€/Kg,,Tipo de stockagem,https://driveimg1.intermarche.com/pt/Content/images/boitmal/produit/zoom/B8BBD039EFBF08C6ABF444D64CA5907E.jpg,,,,,,,,,2026-01-21T23:59:59Z,PROSPECTUS,14,1
36802,8001090139504,,Dodot,Toalhitas básico,embalagem com 54 unidades,0.97,0.97,0,,€/Unidade,,,https://driveimg1.intermarche.com/pt/Content/images/boitmal/produit/zoom/F1107019760B8AA1979363639B76868E.jpg,,,,,,,,,2026-01-28T23:59:59Z,PROSPECTUS,14,1
41384,5601050036602,440.0,Danone,"Iogurte grego oikos stracciatella, embalagem de 4 x 110g",,1.99,4.52,0,kg,€/Kg,,,https://driveimg1.intermarche.com/pt/Content/images/boitmal/produit/zoom/4F7A349ED222FA644F51711D6A4D74B4.jpg,,,,,,,,,2026-01-21T23:59:59Z,PROSPECTUS,14,1
46847,5604260316205,500.0,PorSi,Massa Laços Tricolores 500g,,0.99,1.98,0,kg,€/Kg,,,https://driveimg1.intermarche.com/pt/Content/images/boitmal/produit/zoom/26FB05A80D25E9387A8ADB50077F254D.jpg,,,,,,,,,2026-01-21T23:59:59Z,PROSPECTUS,14,1
52788,5900020043832,80.0,Nestlé,"Barras Proteicas Cacau sem Açúcar,emb. 80 gr (4 un)",,1.79,22.38,0,kg,€/Kg,,,https://driveimg1.intermarche.com/pt/Content/images/boitmal/produit/zoom/7E4A3C5552FC27CE6A83D366162140DD.jpg,,,,,,,,,2026-01-21T23:59:59Z,PROSPECTUS,14,1
56204,5604260333189,140.0,PorSi,Milho Doce em Grão 3x140g,,1.99,14.21,0,kg,€/Kg,,,https://driveimg1.intermarche.com/pt/Content/images/boitmal/produit/zoom/51333DC761FA9683B5D9D043E0686864.jpg,,,,,,,,,2026-01-21T23:59:59Z,PROSPECTUS,14,1
5788,5604260033447,200.0,PorSi,Chouriço Corrente 200g,,1.08,5.4,0,kg,€/Kg,,,https://driveimg1.intermarche.com/pt/Content/images/boitmal/produit/zoom/92DD7C79E00E3F96B89DDD048D065D1C.jpg,,,,,,,,,2026-01-21T23:59:59Z,PROSPECTUS,14,1
11465,5601018003608,1000.0,Matinal,"Leite seleccionado magro, de 1l",,0.95,0.95,1000,L,€/L,,,https://driveimg1.intermarche.com/pt/Content/images/boitmal/produit/zoom/F46A1F399BBA63407EB01F30929F5649.jpg,,,,,,,,,2026-01-21T23:59:59Z,PROSPECTUS,14,1
12998,2892529000000,200.0,Legumes,Cogumelos Granel,1 un = 200 gr (aprox.),0.8,3.99,0,,€/Kg,,,https://driveimg1.intermarche.com/pt/Content/images/boitmal/produit/zoom/21980CA05745F31B22EE237361B7FEB6.jpg,,,,,,,,,2026-01-21T23:59:59Z,PROSPECTUS,14,1
1438,5601260047108,1000.0,Saludães,Arroz agulha,Embalagem de 1kg,1.35,1.35,0,kg,€/Kg,,,https://driveimg1.intermarche.com/pt/Content/images/boitmal/produit/zoom/B47152EFC4F603CBADD3130829B29F08.jpg,,,,,,,,,2026-01-21T23:59:59Z,PROSPECTUS,14,1
1465,5601286234773,250.0,Milaneza,"Massa de letras, embalagem de 250g",,0.61,2.44,0,kg,€/Kg,,,https://driveimg1.intermarche.com/pt/Content/images/boitmal/produit/zoom/93F4FB7CE3C81A4CA398AFB1F88C82DD.jpg,,,,,,,,,2026-01-21T23:59:59Z,PROSPECTUS,14,1
15052,2892600000000,200.0,Legumes,Tomate Alongado,1 un = 200 gr (aprox.),0.34,1.69,0,,€/Kg,,,https://driveimg1.intermarche.com/pt/Content/images/boitmal/produit/zoom/38D21D4EBC59DA4208AABB9D11AF0901.jpg,,,,,,,,,2026-01-21T23:59:59Z,PROSPECTUS,14,1
24393,5601028000352,,Renova,Guardanapos Red Label 1 folha |Branco,Dim: 30x32cm |70 unidades,0.65,0.65,0,,€/Unidade,,,https://driveimg1.intermarche.com/pt/Content/images/boitmal/produit/zoom/8EB475C9EAB7F71BAD24D03BE60490C5.jpg,,,,,,,,,2026-01-21T23:59:59Z,PROSPECTUS,14,1
251,2696001000000,400.0,Padaria,Baguete,400 g,0.79,1.98,0,kg,€/Kg,,,https://driveimg1.intermarche.com/pt/Content/images/boitmal/produit/zoom/42C2E126B9E5B84C243F0668DEC3869F.jpg,,,,,,,,,2026-01-21T23:59:59Z,PROSPECTUS,14,1
26471,5603722510946,800.0,Gresso,"Leite com chocolate, pack 4x200ml",,1.4,1.75,800,L,€/L,,,https://driveimg1.intermarche.com/pt/Content/images/boitmal/produit/zoom/A69F0144F1F806C3F50ABC4BA4C4DDC8.jpg,,,,,,,,,2026-01-21T23:59:59Z,PROSPECTUS,14,1
34461,5604260316823,300.0,PorSi,Bolacha Maria Doses 300g,,1.49,4.97,0,kg,€/Kg,,,https://driveimg1.intermarche.com/pt/Content/images/boitmal/produit/zoom/33848931DEEBC5E7398CE69383BCC947.jpg,,,,,,,,,2026-01-21T23:59:59Z,PROSPECTUS,14,1
35138,5603722517655,960.0,Mimosa,"Iogurte sólido aroma morango, ananás e banana, 8 x 120 g",,1.89,1.97,0,kg,€/Kg,,,https://driveimg1.intermarche.com/pt/Content/images/boitmal/produit/zoom/7070B93AC2DB23DCF61734D801E40E6D.jpg,,,,,,,,,2026-01-21T23:59:59Z,PROSPECTUS,14,1
36923,5604260298174,400.0,PorSi,Sopa Legumes 400g,,1.15,2.88,0,kg,€/Kg,,,https://driveimg1.intermarche.com/pt/Content/images/boitmal/produit/zoom/233F0976A47879B4C0C52D552F2A9A8F.jpg,,,,,,,,,2026-01-21T23:59:59Z,PROSPECTUS,14,1
40552,5604260295364,1500.0,PorSi,"Refrigerante Laranja/cenoura s/Gás 1,5l",,1.39,0.93,1500,L,€/L,,,https://driveimg1.intermarche.com/pt/Content/images/boitmal/produit/zoom/FB9B94F7EB4C28BFE7144B63CAF7080D.jpg,,,,,,,,,2026-01-21T23:59:59Z,PROSPECTUS,14,1
41300,5601050036596,440.0,Danone,"Iogurte oikos manga papaya, embalagem de 4 x 110g",,1.99,4.52,0,kg,€/Kg,,,https://driveimg1.intermarche.com/pt/Content/images/boitmal/produit/zoom/407B76EA9B8AB5CE288E3F687A8DBF84.jpg,,,,,,,,,2026-01-21T23:59:59Z,PROSPECTUS,14,1
41717,5604260303816,90.0,PorSi,Puré de Fruta Maçã Pera 90g,,0.59,6.56,0,kg,€/Kg,,,https://driveimg1.intermarche.com/pt/Content/images/boitmal/produit/zoom/5127251097DF39368C903E9B3834E6D6.jpg,,,,,,,,,2026-01-28T23:59:59Z,PROSPECTUS,14,1
48280,5604260323210,,PorSi,Fraldas Premium T6 17-28 kg - 40 Unidades,,8.49,8.49,0,,€/Unidade,,,https://driveimg1.intermarche.com/pt/Content/images/boitmal/produit/zoom/B950359F977599B745889D6912F1E08A.jpg,,,,,,,,,2026-01-28T23:59:59Z,PROSPECTUS,14,1
49223,5604260322633,90.0,PorSi,Puré de Fruta Maçã Banana Laranja e Bolacha 90g,,0.59,6.56,0,kg,€/Kg,,,https://driveimg1.intermarche.com/pt/Content/images/boitmal/produit/zoom/A5CE6059C08255E6572FB8ABFA4DEA85.jpg,,,,,,,,,2026-01-28T23:59:59Z,PROSPECTUS,14,1
49463,8445290250322,600.0,Nestum,Flocos Cereais Mel,Embalagem de 600g,3.79,6.32,0,kg,€/Kg,,,https://driveimg1.intermarche.com/pt/Content/images/boitmal/produit/zoom/4A0A62606AC144021ED115E1FAB3D0CE.jpg,,,,,,,,,2026-01-28T23:59:59Z,PROSPECTUS,14,1
49554,5604260323661,,PorSi,Toalhitas Bebé Recarga Agilidade 4x72,Embalagem de 4 x 72 unidades,3.19,3.19,0,,€/Unidade,,,https://driveimg1.intermarche.com/pt/Content/images/boitmal/produit/zoom/A55A5882013405A1E736BD7B20EAB60C.jpg,,,,,,,,,2026-01-28T23:59:59Z,PROSPECTUS,14,1
52785,5900020043504,310.0,Nestlé,"Cereais de Trigo, Aveia e Quinoa de Mel Fibra sem Açúcar, emb. 310 gr",,2.99,9.65,0,kg,€/Kg,,,https://driveimg1.intermarche.com/pt/Content/images/boitmal/produit/zoom/8279A6B5BC166AA60A43E6EF7802287B.jpg,,,,,,,,,2026-01-21T23:59:59Z,PROSPECTUS,14,1
53163,8445291099418,,Buondi,"Café original nespresso, 10 cápsulas",,2.95,2.95,10,,€/Unidade,,,https://driveimg1.intermarche.com/pt/Content/images/boitmal/produit/zoom/6E46F1C9FB77DF7B2C9479B336DCC810.jpg,,,,,,,,,2026-01-21T23:59:59Z,PROSPECTUS,14,1
7324,3228020390131,250.0,President,"Manteiga magra meio sal, embalagem de 250g",,2.69,10.76,0,kg,€/Kg,,,https://driveimg1.intermarche.com/pt/Content/images/boitmal/produit/zoom/331DC0C2868698A1CF61BBA910E6E1D6.jpg,,,,,,,,,2026-01-21T23:59:59Z,PROSPECTUS,14,1
11650,5601192201104,200.0,Agros,Nata uht 200 ml,,0.89,4.45,200,L,€/L,,,https://driveimg1.intermarche.com/pt/Content/images/boitmal/produit/zoom/478AC7EFE77B8590BBD8EF6C88C17807.jpg,,,,,,,,,2026-01-21T23:59:59Z,PROSPECTUS,14,1
13595,2893590000000,1000.0,Peixaria,Pescada Pequena da Argentina Congelada,1 un= 1kg (aprox.),3.59,3.59,0,,€/Kg,,Avantages !,https://driveimg1.intermarche.com/pt/Content/images/boitmal/produit/zoom/5B60FCB79F0EE3DFB58E35C4371D7EFC.jpg,,,,,,,,,2026-01-21T23:59:59Z,PROSPECTUS,14,1
15566,8410063056180,250.0,Pescanova,"Miolo de Camarão Gigante 15/30 Ultracongelado, emb. 250 gr",,6.99,27.96,0,kg,€/Kg,,Tipo de stockagem,https://driveimg1.intermarche.com/pt/Content/images/boitmal/produit/zoom/BEE1FF3586E000AD085B4D38C7ACD034.jpg,,,,,,,,,2026-01-21T23:59:59Z,PROSPECTUS,14,1
16419,5604260127535,1000.0,PorSi,Creme Vegetal para Culinária 1kg,,2.49,2.49,0,kg,€/Kg,,,https://driveimg1.intermarche.com/pt/Content/images/boitmal/produit/zoom/FB259DEFAEB5F72C3060F4D1DD8E9756.jpg,,,,,,,,,2026-01-21T23:59:59Z,PROSPECTUS,14,2
18842,5601070000508,500.0,Cristal,"Vinagre de Vinho Branco, emb. 500 ml",,1.16,2.32,500,L,€/L,,,https://driveimg1.intermarche.com/pt/Content/images/boitmal/produit/zoom/BF40408BEDD92487320D96D1D241D8F5.jpg,,,,,,,,,2026-01-21T23:59:59Z,PROSPECTUS,14,2
20988,5601260593605,67.0,Cigala,"Noodle banzai galinha, embalagem de 70g",,1.09,16.27,0,kg,€/Kg,,,https://driveimg1.intermarche.com/pt/Content/images/boitmal/produit/zoom/9C6B10C28BF59658EB32924AEEC286BA.jpg,,,,,,,,,2026-01-21T23:59:59Z,PROSPECTUS,14,2
2153,5604260258604,1000.0,PorSi,Polvo Limpo 1kg,,8.99,8.99,0,kg,€/Kg,,Tipo de stockagem,https://driveimg1.intermarche.com/pt/Content/images/boitmal/produit/zoom/FAF7A31A8F79D5C2CCCF361A2228856D.jpg,,,,,,,,,2026-01-21T23:59:59Z,PROSPECTUS,14,2
23567,3600523299850,50.0,L'oreal Men Expert,Desodorizante Roll' On Shirt Protect,Embalagem de 50 ml,2.69,53.8,50,L,€/L,,,https://driveimg1.intermarche.com/pt/Content/images/boitmal/produit/zoom/59B0AFB6C9A9DA1678B385D33DB97EFE.jpg,,,,,,,,,2026-01-21T23:59:59Z,PROSPECTUS,14,2
2409,5608543000157,10.0,Tetley,Infusão de camomila,Embalagem de 10g,0.89,89.0,0,kg,€/Kg,,,https://driveimg1.intermarche.com/pt/Content/images/boitmal/produit/zoom/0F5AE1E73614BAE082737A8BF6DC9F66.jpg,,,,,,,,,2026-01-21T23:59:59Z,PROSPECTUS,14,2
25882,5449000133328,1000.0,Coca-Cola,"Refrigerante com Gás Cola Zero, emb. 1 lt",Garrafa de 1 l,1.19,1.19,1000,L,€/L,,,https://driveimg1.intermarche.com/pt/Content/images/boitmal/produit/zoom/EB5646C1819F93681606ED25E6CF32EB.jpg,,,,,,,,,2026-01-21T23:59:59Z,PROSPECTUS,14,2
26047,8412600070994,650.0,Bimbo,Pão de forma s/ côdea,Embalagem de 650 g,2.14,3.29,0,kg,€/Kg,,,https://driveimg1.intermarche.com/pt/Content/images/boitmal/produit/zoom/5D9620F17746A1D49642D0DCBD72A2D3.jpg,,,,,,,,,2026-01-21T23:59:59Z,PROSPECTUS,14,2
31426,5604321021802,150.0,Cemporcento,"Sementes de abóbora, 150g",,1.89,12.6,0,kg,€/Kg,,,https://driveimg1.intermarche.com/pt/Content/images/boitmal/produit/zoom/B2A7C76346FE1D5DA58BB5B65882DE46.jpg,,,,,,,,,2026-01-21T23:59:59Z,PROSPECTUS,14,2
32153,2894072000000,150.0,Elpozo,Peito de Peru 0% Gordura,Vendido ao peso,2.29,15.29,0,,€/Kg,,,https://driveimg1.intermarche.com/pt/Content/images/boitmal/produit/zoom/688C8E152DA42119AD2A86132D581878.jpg,,,,,,,,,2026-01-21T23:59:59Z,PROSPECTUS,14,2
36910,5604260326068,,PorSi,Fraldas agility T6 para + de 17 kg,30 unidades,5.69,5.69,0,,€/Unidade,,,https://driveimg1.intermarche.com/pt/Content/images/boitmal/produit/zoom/2D6509B4067EF4A8937FE7D6911507B8.jpg,,,,,,,,,2026-01-28T23:59:59Z,PROSPECTUS,14,2
37811,5604260299737,,PorSi,Fraldas Recém-nascido T2 3-6 kg - 42 Unidades,,4.54,4.54,0,,€/Unidade,,,https://driveimg1.intermarche.com/pt/Content/images/boitmal/produit/zoom/6AB82E6932F758A4AAEF27FCD96C8FB5.jpg,,,,,,,,,2026-01-28T23:59:59Z,PROSPECTUS,14,2
37923,5604260300990,1000.0,Porsi Vivabem,Bebida de Amêndoa 1l,,0.94,0.94,1000,L,€/L,,,https://driveimg1.intermarche.com/pt/Content/images/boitmal/produit/zoom/74B05726BD16B03D5A528D4778757940.jpg,,,,,,,,,2026-01-21T23:59:59Z,PROSPECTUS,14,2
38557,5601027004764,315.0,Manhãzitos,Manhãzitos® planetus 9x2 un.,Embalagem de 315g,3.19,10.13,0,kg,€/Kg,,,https://driveimg1.intermarche.com/pt/Content/images/boitmal/produit/zoom/8BC9A4B8955F0072A9A69D2A17EA2C77.jpg,,,,,,,,,2026-01-21T23:59:59Z,PROSPECTUS,14,2
41226,5601050036572,440.0,Danone,"Oikos morango, embalagem de 4 x 110g",,1.99,4.52,0,kg,€/Kg,,,https://driveimg1.intermarche.com/pt/Content/images/boitmal/produit/zoom/2653493E2B1190B7D8AE6B95BAB9D958.jpg,,,,,,,,,2026-01-21T23:59:59Z,PROSPECTUS,14,2
41297,5601050036534,440.0,Danone,"Iogurte oikos pêssego, embalagem de 4 x 110g",,1.99,4.52,0,kg,€/Kg,,,https://driveimg1.intermarche.com/pt/Content/images/boitmal/produit/zoom/C2BCC90FB2B192B3C8BC1E9CCF0DA4AF.jpg,,,,,,,,,2026-01-21T23:59:59Z,PROSPECTUS,14,2
41299,5601050036565,440.0,Danone,"Iogurte oikos maracujá, embalagem de 4 x 110g",,1.99,4.52,0,kg,€/Kg,,,https://driveimg1.intermarche.com/pt/Content/images/boitmal/produit/zoom/29553156A2F0422FEBEDFC7E0CF7883D.jpg,,,,,,,,,2026-01-21T23:59:59Z,PROSPECTUS,14,2
41583,5601050036633,440.0,Danone,"Iogurte grego caramelo, embalagem de 4 x 110g",,1.99,4.52,0,kg,€/Kg,,,https://driveimg1.intermarche.com/pt/Content/images/boitmal/produit/zoom/4AF60E7434769AFED892C6902FE959A2.jpg,,,,,,,,,2026-01-21T23:59:59Z,PROSPECTUS,14,2
43877,5604260313709,460.0,PorSi,Hambúrgueres de Peru 460 G,,3.49,7.59,0,kg,€/Kg,,,https://driveimg1.intermarche.com/pt/Content/images/boitmal/produit/zoom/FA2BACD08CF4C4CAB5BDA1CEE9BC706D.jpg,,,,,,,,,2026-01-21T23:59:59Z,PROSPECTUS,14,2
49547,2973307000000,300.0,PorSi,Posta de Garoupa Congelada,Vendido ao peso a partir de 300 g,4.8,15.99,0,,€/Kg,,Avantages !,https://driveimg1.intermarche.com/pt/Content/images/boitmal/produit/zoom/CB25BCC48897C43AC4B72704197DB32E.jpg,,,,,,,,,2026-01-21T23:59:59Z,PROSPECTUS,14,2
50377,8445290351357,,Nescafé,"Cápsulas de Café Sical Int 7, emb. 16 un",,5.59,5.59,16,,€/Unidade,,,https://driveimg1.intermarche.com/pt/Content/images/boitmal/produit/zoom/44FD43160B41B883D60D056B524E6B93.jpg,,,,,,,,,2026-01-21T23:59:59Z,PROSPECTUS,14,2
50576,5604260323692,96.0,PorSi,Cápsulas Café Extra Forte Cmpx16,,4.49,46.77,0,kg,€/Kg,,,https://driveimg1.intermarche.com/pt/Content/images/boitmal/produit/zoom/A8824F3362EC0462E64130D2BF61E348.jpg,,,,,,,,,2026-01-21T23:59:59Z,PROSPECTUS,14,2
50577,5604260323708,96.0,PorSi,Cápsulas Café Intenso Cmpx16,,4.49,46.77,0,kg,€/Kg,,,https://driveimg1.intermarche.com/pt/Content/images/boitmal/produit/zoom/9FCA559EC901E79FE2F9D179D87C8010.jpg,,,,,,,,,2026-01-21T23:59:59Z,PROSPECTUS,14,2
51066,5604260324316,250.0,Porsi Vivabem,Queijo Fundido Light X16 250g,,1.99,7.96,0,kg,€/Kg,,,https://driveimg1.intermarche.com/pt/Content/images/boitmal/produit/zoom/88F63BC05D9FDBD7CBBF37390F91DC98.jpg,,,,,,,,,2026-01-21T23:59:59Z,PROSPECTUS,14,2
52362,5604260330508,375.0,PorSi,Pão Cachorro 375 G,,1.09,2.91,0,kg,€/Kg,,,https://driveimg1.intermarche.com/pt/Content/images/boitmal/produit/zoom/F32D92C56FEFFE0160A12B178932409C.jpg,,,,,,,,,2026-01-21T23:59:59Z,PROSPECTUS,14,2
52377,8720181385131,,Skip,Detergente Máquina Roupa Líquido Sabão Natural,100 Doses,12.99,12.99,0,,€/Unidade,,,https://driveimg1.intermarche.com/pt/Content/images/boitmal/produit/zoom/B7482844827C04E8BE654EF9B7B49DD3.jpg,,,,,,,,,2026-01-21T23:59:59Z,PROSPECTUS,14,2
52787,5900020044129,80.0,Nestlé,"Barras de Trigo, Aveia e Quinoa de Mel Fibra sem Açúcar, emb. 80 gr (4 un)",,1.79,22.38,0,kg,€/Kg,,,https://driveimg1.intermarche.com/pt/Content/images/boitmal/produit/zoom/187D25227C186EA7E6F2778C2AF07CC6.jpg,,,,,,,,,2026-01-21T23:59:59Z,PROSPECTUS,14,2
53111,8719200265363,225.0,Becel,"Creme vegetal sabor a manteiga, 225g",,2.24,9.96,0,kg,€/Kg,,,https://driveimg1.intermarche.com/pt/Content/images/boitmal/produit/zoom/71ED12B72ED539E4329172F183CC7125.jpg,https://driveimg1.intermarche.com/pt/Content/images/boitmal/produit/zoom/FA519325BFCA20987555199B2C1C344E.jpg,https://driveimg1.intermarche.com/pt/Content/images/boitmal/produit/zoom/FA519325BFCA20987555199B2C1C344E.jpg,https://driveimg1.intermarche.com/pt/Content/images/boitmal/produit/zoom/FA519325BFCA20987555199B2C1C344E.jpg,,,,,,2026-01-21T23:59:59Z,PROSPECTUS,14,2
54973,8700216488556,,Dodot,"Fraldas Sensitive 2-5kg T1, 58un.",,11.79,11.79,0,,€/Unidade,,,https://driveimg1.intermarche.com/pt/Content/images/boitmal/produit/zoom/1867BEED10FB790FE6E3E5B4FD0A9BC1.jpg,,,,,,,,,2026-01-28T23:59:59Z,PROSPECTUS,14,2
6267,8016825926687,75.0,Aquafresh,Pasta dentífrica menta fresca,Embalagem de 75 ml,1.84,24.53,75,L,€/L,,,https://driveimg1.intermarche.com/pt/Content/images/boitmal/produit/zoom/5AF61545461116CEF40994D7E37A4C54.jpg,,,,,,,,,2026-01-21T23:59:59Z,PROSPECTUS,14,2
8315,5601028013307,,Renova,"Papel higiénico, compacto, extra xxl, folha dupla, 24 unidades",1 embalagem,11.79,11.79,0,,€/Unidade,,,https://driveimg1.intermarche.com/pt/Content/images/boitmal/produit/zoom/8841944F9F3703369828D4B2A56CAC2C.jpg,https://driveimg1.intermarche.com/pt/Content/images/boitmal/produit/zoom/F6866F63DEC5517DB1E2DC48AD701110.jpg,https://driveimg1.intermarche.com/pt/Content/images/boitmal/produit/zoom/52CEDF162CBC9A98A93B293FEE315F10.jpg,,,,,,,2026-01-21T23:59:59Z,PROSPECTUS,14,2
8802,5601244202363,400.0,Terra Nostra,"Queijo em fatias, embalagem de 400g",,4.29,10.73,0,kg,€/Kg,,,https://driveimg1.intermarche.com/pt/Content/images/boitmal/produit/zoom/902CA7799BBBA9029457B2CA9E0FB1C4.jpg,,,,,,,,,2026-01-21T23:59:59Z,PROSPECTUS,14,2
9255,5603124024140,545.0,Mistolin,"Tira gorduras recarga, de 550 ml",,1.99,3.65,545,L,€/L,,,https://driveimg1.intermarche.com/pt/Content/images/boitmal/produit/zoom/687EAA7C10E8372C470B9350CC205D49.jpg,,,,,,,,,2026-01-21T23:59:59Z,PROSPECTUS,14,2
10128,8006540836224,,Dodot,Toalhitas Pure 0% Plástico,Embalagem de 48 unidades,1.74,1.74,0,,€/Unidade,,,https://driveimg1.intermarche.com/pt/Content/images/boitmal/produit/zoom/A6A917F7D6C239B691DF2BB237C59C0C.jpg,,,,,,,,,2026-01-28T23:59:59Z,PROSPECTUS,14,2
11613,5601164864467,1320.0,Somersby,"Sidra maçã, pack 4 x 0.33 l",,3.89,2.95,1320,L,€/L,,,https://driveimg1.intermarche.com/pt/Content/images/boitmal/produit/zoom/F0118862B10C3F3FD894ACFE7A34A6C9.jpg,,,,,,,,,2026-01-21T23:59:59Z,PROSPECTUS,14,2
12046,5604260104116,500.0,PorSi,Molho Béchamel 500ml,,1.69,3.38,500,L,€/L,,,https://driveimg1.intermarche.com/pt/Content/images/boitmal/produit/zoom/B291394A8F64F4ED834F032F124A988C.jpg,,,,,,,,,2026-01-21T23:59:59Z,PROSPECTUS,14,2
12356,8410108122535,,Dodot,Toalhitas Sensitive |Recarga,Pack: 4 x54 unidades,5.99,5.99,0,,€/Unidade,,,https://driveimg1.intermarche.com/pt/Content/images/boitmal/produit/zoom/2D442A68E931C2DF1957ADA0EF3AD2F3.jpg,https://driveimg1.intermarche.com/pt/Content/images/boitmal/produit/zoom/47D40D02C955E98DB96B03E04432FF85.jpg,https://driveimg1.intermarche.com/pt/Content/images/boitmal/produit/zoom/47D40D02C955E98DB96B03E04432FF85.jpg,,,,,,,2026-01-28T23:59:59Z,PROSPECTUS,14,2
12892,2892508000000,400.0,Legumes,Beringela,1 un=400 gr (aprox.),1.4,3.49,0,,€/Kg,,,https://driveimg1.intermarche.com/pt/Content/images/boitmal/produit/zoom/5B7B3A896213DE67893050A67A6D9D9B.jpg,,,,,,,,,2026-01-21T23:59:59Z,PROSPECTUS,14,2
12897,2893292000000,400.0,Programa Origens,Robalo de Viveiro,1 un= 400 gr (aprox.),3.6,8.99,0,,€/Kg,,,https://driveimg1.intermarche.com/pt/Content/images/boitmal/produit/zoom/A18AB1106CC04B724D3EE606D0927341.jpg,,,,,,,,,2026-01-21T23:59:59Z,PROSPECTUS,14,2
13884,2891106000000,2000.0,PorSi Select,Frango do Campo Inteiro c/ Miúdos Programa Origens,Vendido ao peso,8.98,4.49,0,,€/Kg,,,https://driveimg1.intermarche.com/pt/Content/images/boitmal/produit/zoom/4004CE88E12A24D0AD85684C27210FBB.jpg,,,,,,,,,2026-01-21T23:59:59Z,PROSPECTUS,14,2
1415,5601252106653,750.0,Gallo,"Azeite Virgem Extra Clássico, emb. 75 cl",,6.49,8.65,750,L,€/L,,,https://driveimg1.intermarche.com/pt/Content/images/boitmal/produit/zoom/DC87DA4316A72232830F32E3BEBD6BCD.jpg,,,,,,,,,2026-01-21T23:59:59Z,PROSPECTUS,14,2
1429,5601255323125,1000.0,Caçarola,"Arroz Vaporizado Estufado, emb. 1 kg",,1.35,1.35,0,kg,€/Kg,,,https://driveimg1.intermarche.com/pt/Content/images/boitmal/produit/zoom/AFA52785C5A05E03B26DBFD125368515.jpg,,,,,,,,,2026-01-21T23:59:59Z,PROSPECTUS,14,2
14372,8712100599392,550.0,Calvé,"Ketchup Top Down sem Glúten, emb. 550 gr",,2.59,4.71,0,kg,€/Kg,,,https://driveimg1.intermarche.com/pt/Content/images/boitmal/produit/zoom/6D3218F33B22BC3205033BC41E176600.jpg,https://driveimg1.intermarche.com/pt/Content/images/boitmal/produit/zoom/FE7F103C359D2D1FD7BF3FDC8DD381BA.jpg,https://driveimg1.intermarche.com/pt/Content/images/boitmal/produit/zoom/FE7F103C359D2D1FD7BF3FDC8DD381BA.jpg,https://driveimg1.intermarche.com/pt/Content/images/boitmal/produit/zoom/FE7F103C359D2D1FD7BF3FDC8DD381BA.jpg,,,,,,2026-01-21T23:59:59Z,PROSPECTUS,14,2
14597,5604260272082,250.0,PorSi,Salsichas Bockwurst Frasco 5 Unidades,,2.49,9.96,0,kg,€/Kg,,,https://driveimg1.intermarche.com/pt/Content/images/boitmal/produit/zoom/DF9E54E735DBE129604F2C904B67D784.jpg,,,,,,,,,2026-01-21T23:59:59Z,PROSPECTUS,14,2
14721,8008698007389,300.0,Schar,Pão forma cereais sem glúten,Embalagem de 300g,3.34,11.13,0,kg,€/Kg,,,https://driveimg1.intermarche.com/pt/Content/images/boitmal/produit/zoom/B9EE15EBC60873D27B17889958A461C5.jpg,,,,,,,,,2026-01-21T23:59:59Z,PROSPECTUS,14,2
14950,2891247000000,100.0,Peru,Peru Costeletas,1 un = 100 gr (aprox.),0.38,3.79,0,,€/Kg,,,https://driveimg1.intermarche.com/pt/Content/images/boitmal/produit/zoom/5B1BD8BC73E46B1A5046441E54C2F5BD.jpg,,,,,,,,,2026-01-21T23:59:59Z,PROSPECTUS,14,2
15503,8410500018931,400.0,Danonino Danone,"Iogurte líquido danonino tutti frutti, embalagem de 4 x 100 g",,1.99,4.98,0,kg,€/Kg,,,https://driveimg1.intermarche.com/pt/Content/images/boitmal/produit/zoom/49D4DFA8C6DABEB79926D4F0312C64D8.jpg,,,,,,,,,2026-01-28T23:59:59Z,PROSPECTUS,14,2
1611,5601736901293,250.0,Mar Ibérica,"Cubos de Tamboril, emb. 250 gr",Embalagem de 250 g,3.39,13.56,0,kg,€/Kg,,Tipo de stockagem,https://driveimg1.intermarche.com/pt/Content/images/boitmal/produit/zoom/B7F6A60B0D063C4286B9079B713072D6.jpg,,,,,,,,,2026-01-21T23:59:59Z,PROSPECTUS,14,2
16706,5601260592608,67.0,Cigala,"Noodle banzai carne, embalagem de 70g",,1.09,16.27,0,kg,€/Kg,,,https://driveimg1.intermarche.com/pt/Content/images/boitmal/produit/zoom/2DF3B6D54085EDFA264F2C6DE193CF97.jpg,,,,,,,,,2026-01-21T23:59:59Z,PROSPECTUS,14,2
16714,5601319049251,400.0,Ferbar,"Marmelada, embalagem de 400g",,1.59,3.98,0,kg,€/Kg,,,https://driveimg1.intermarche.com/pt/Content/images/boitmal/produit/zoom/107A78167D3C3F5F7E86E454AB18B7F4.jpg,,,,,,,,,2026-01-21T23:59:59Z,PROSPECTUS,14,2
18571,5604260320806,,PorSi,Pensos Higiénicos Ultrafinos Normal com Abas - 16 Unidades,,1.29,1.29,0,,€/Unidade,,,https://driveimg1.intermarche.com/pt/Content/images/boitmal/produit/zoom/A93F4B2F3D4FAAAAC4665221616BA58C.jpg,,,,,,,,,2026-01-21T23:59:59Z,PROSPECTUS,14,2
18595,8410500016012,400.0,Danonino Danone,"Iogurte líquido danonino morango, embalagem de 4 x 100g",,1.99,4.98,0,kg,€/Kg,,,https://driveimg1.intermarche.com/pt/Content/images/boitmal/produit/zoom/00E1EF11C0C6DBF4F5207E20D5392DA2.jpg,,,,,,,,,2026-01-28T23:59:59Z,PROSPECTUS,14,2
18619,5014328054756,32.0,Tetley,Chá de frutos vermelhos,Embalagem de 30g,1.84,57.5,0,kg,€/Kg,,,https://driveimg1.intermarche.com/pt/Content/images/boitmal/produit/zoom/03305900AD56E77C8397A8E7D50DBFBD.jpg,,,,,,,,,2026-01-21T23:59:59Z,PROSPECTUS,14,2
19046,5000116110414,480.0,Capitão Iglo,"8 hamburguers sem glúten frango, embalagem de 480g",,8.99,18.73,0,kg,€/Kg,,Tipo de stockagem,https://driveimg1.intermarche.com/pt/Content/images/boitmal/produit/zoom/B74DC0C9C4A898B602612BD394B808F5.jpg,,,,,,,,,2026-01-21T23:59:59Z,PROSPECTUS,14,2
20433,5601244500070,1000.0,Terra Nostra,"Leite de pastagem magro, embalagem de 1 l",,0.89,0.89,1000,L,€/L,,,https://driveimg1.intermarche.com/pt/Content/images/boitmal/produit/zoom/9F4485855ABBC3534A5CD1111ACFCBA8.jpg,https://driveimg1.intermarche.com/pt/Content/images/boitmal/produit/zoom/E6424B45F8177C670F59F3BF8C085519.jpg,,,,,,,,2026-01-21T23:59:59Z,PROSPECTUS,14,2
22953,8411660670236,750.0,Sanytol,Desinfetante Multiusos,Embalagem de 750 ml,2.49,3.32,750,L,€/L,,,https://driveimg1.intermarche.com/pt/Content/images/boitmal/produit/zoom/1EEAA97664C33C6BEBEA4FA4B7290F03.jpg,,,,,,,,,2026-01-21T23:59:59Z,PROSPECTUS,14,2
22994,5609765000048,600.0,Brioxa,Madalenas de Laranja,12 Unidades - Embalagem de 500 g,1.69,2.82,0,kg,€/Kg,,,https://driveimg1.intermarche.com/pt/Content/images/boitmal/produit/zoom/B86F1C9777D22DCE1E454CE43EAF77F8.jpg,,,,,,,,,2026-01-21T23:59:59Z,PROSPECTUS,14,2
23479,5601252112593,750.0,Gallo,"Azeite Virgem Extra Gourmet, emb. 75 cl",,5.99,7.99,750,L,€/L,,,https://driveimg1.intermarche.com/pt/Content/images/boitmal/produit/zoom/906AA0955AA95DAA0249E7362816B14C.jpg,,,,,,,,,2026-01-21T23:59:59Z,PROSPECTUS,14,2
2413,5608543000201,10.0,Tetley,Infusão de cidreira,Embalagem de 10g,0.89,89.0,0,kg,€/Kg,,,https://driveimg1.intermarche.com/pt/Content/images/boitmal/produit/zoom/98442B20F3051D0E89761CAF7E730030.jpg,,,,,,,,,2026-01-21T23:59:59Z,PROSPECTUS,14,2
24821,5604321028757,200.0,Cemporcento,"Bolachas marinheiras chia, embalagem de 200g",,2.14,10.7,0,kg,€/Kg,,,https://driveimg1.intermarche.com/pt/Content/images/boitmal/produit/zoom/A32F22B72B6F1F6892FBBFA5180DFAA2.jpg,,,,,,,,,2026-01-21T23:59:59Z,PROSPECTUS,14,2
2740,8410063016627,400.0,Pescanova,"4 filetes de pescada panados com limão, embalagem de 400g",,4.99,12.48,0,kg,€/Kg,,Tipo de stockagem,https://driveimg1.intermarche.com/pt/Content/images/boitmal/produit/zoom/793D04BEFB15F5DF82BA7896A4F9F018.jpg,,,,,,,,,2026-01-21T23:59:59Z,PROSPECTUS,14,2
2749,8410063046532,350.0,Pescanova,"Miolo de Camarão 80/100, emb. 350 gr",,6.99,19.97,0,kg,€/Kg,,Tipo de stockagem,https://driveimg1.intermarche.com/pt/Content/images/boitmal/produit/zoom/0EA75135180DC26543A97F342303334A.jpg,,,,,,,,,2026-01-21T23:59:59Z,PROSPECTUS,14,2
28640,5054563030948,75.0,Aquafresh,Dentífrico Tripla Proteção,Embalagem de 75 ml,1.84,24.53,75,L,€/L,,,https://driveimg1.intermarche.com/pt/Content/images/boitmal/produit/zoom/3F822B9D22CAC67DC8DBD8698E3FBBBD.jpg,,,,,,,,,2026-01-21T23:59:59Z,PROSPECTUS,14,2
30713,8714100637562,330.0,Magnum,"Magnum mini intense dark 70%, embalagem de 6 x 55 ml",,4.49,13.61,330,L,€/L,,Tipo de stockagem,https://driveimg1.intermarche.com/pt/Content/images/boitmal/produit/zoom/B6FEDC1DE92C93F96A9F10C84FBE1B5A.jpg,https://driveimg1.intermarche.com/pt/Content/images/boitmal/produit/zoom/D57F829433EB7CA6987F1C9E83A03E1B.jpg,https://driveimg1.intermarche.com/pt/Content/images/boitmal/produit/zoom/D57F829433EB7CA6987F1C9E83A03E1B.jpg,https://driveimg1.intermarche.com/pt/Content/images/boitmal/produit/zoom/D57F829433EB7CA6987F1C9E83A03E1B.jpg,,,,,,2026-01-21T23:59:59Z,PROSPECTUS,14,2
30854,8436048961515,185.0,Artiach,Bolachas artiach dinosaurus de cereais sem açúcar 185 g,,1.84,9.95,0,kg,€/Kg,,,https://driveimg1.intermarche.com/pt/Content/images/boitmal/produit/zoom/FF312DEA9A4BB4407DB3461BE11DBD27.jpg,,,,,,,,,2026-01-21T23:59:59Z,PROSPECTUS,14,2
31141,3073781094930,140.0,A Vaca Que Ri,"Queijo fundido palitos light 140g, embalagem de 140g",,1.99,14.21,0,kg,€/Kg,,,https://driveimg1.intermarche.com/pt/Content/images/boitmal/produit/zoom/F66CF0DE9FAADEC9E619DBA8AD59FC6D.jpg,,,,,,,,,2026-01-21T23:59:59Z,PROSPECTUS,14,2
31433,5604321027040,200.0,Cemporcento,"Bolachas marinheiras naturais, embalagem de 200g",,2.14,10.7,0,kg,€/Kg,,,https://driveimg1.intermarche.com/pt/Content/images/boitmal/produit/zoom/FF489A385613596F2A9FFE4BEBF4FC13.jpg,,,,,,,,,2026-01-21T23:59:59Z,PROSPECTUS,14,2
33123,5601172230551,125.0,Blédina,Bledina bolachinhas 125g,Embalagem de 130g,1.98,15.84,0,kg,€/Kg,,,https://driveimg1.intermarche.com/pt/Content/images/boitmal/produit/zoom/1675A19ECE8C99D07B6568925A41D86E.jpg,,,,,,,,,2026-01-28T23:59:59Z,PROSPECTUS,14,2
34224,8411135670198,1200.0,Sanytol,"Lava tudo desifetante de pavimentos e superfícies, 1.2 l",,2.49,2.08,1200,L,€/L,,,https://driveimg1.intermarche.com/pt/Content/images/boitmal/produit/zoom/FFDC9462F2240C684CC4CB1BCC1C6604.jpg,,,,,,,,,2026-01-21T23:59:59Z,PROSPECTUS,14,2
35441,5604260291168,420.0,PorSi,Cogumelos Laminados 780g,,2.19,5.21,0,kg,€/Kg,,,https://driveimg1.intermarche.com/pt/Content/images/boitmal/produit/zoom/F874C2D913FFAAA6855A523B2803F053.jpg,,,,,,,,,2026-01-21T23:59:59Z,PROSPECTUS,14,2
35474,8001841144849,,Dodot,Fraldas Recém Nascido Sensitive | Tamanho 3 - 6 a 10 kg,Embalagem c/ 58 unidades,14.89,14.89,0,,€/Unidade,,,https://driveimg1.intermarche.com/pt/Content/images/boitmal/produit/zoom/B31E10AB15DFDECEADBD81A9410308B3.jpg,https://driveimg1.intermarche.com/pt/Content/images/boitmal/produit/zoom/863DA9FE74A467CE5961F555DB6540FE.jpg,https://driveimg1.intermarche.com/pt/Content/images/boitmal/produit/zoom/863DA9FE74A467CE5961F555DB6540FE.jpg,https://driveimg1.intermarche.com/pt/Content/images/boitmal/produit/zoom/863DA9FE74A467CE5961F555DB6540FE.jpg,https://driveimg1.intermarche.com/pt/Content/images/boitmal/produit/zoom/863DA9FE74A467CE5961F555DB6540FE.jpg,,,,,2026-01-28T23:59:59Z,PROSPECTUS,14,2
35558,5601151973721,3500.0,Pepsi,"Refrigerante com gás, pack de 2 x 1.75 l",,3.18,0.91,3500,L,€/L,,,https://driveimg1.intermarche.com/pt/Content/images/boitmal/produit/zoom/4591303E8886D5226C017EC0EFBDEC41.jpg,,,,,,,,,2026-01-21T23:59:59Z,PROSPECTUS,14,2
35749,5603722509667,800.0,Mimosa,"Leite bem essencial chocolate , embalagem de 4 x 200 ml",,1.69,2.11,800,L,€/L,,,https://driveimg1.intermarche.com/pt/Content/images/boitmal/produit/zoom/66BA85F80F98E7331B63BC3D4684C6AC.jpg,,,,,,,,,2026-01-21T23:59:59Z,PROSPECTUS,14,2
36711,5604260294862,200.0,PorSi,Queijo Edam Fatiado 200g,,1.68,8.4,0,kg,€/Kg,,,https://driveimg1.intermarche.com/pt/Content/images/boitmal/produit/zoom/46DECF3B546FE1C267F5C56013613756.jpg,,,,,,,,,2026-01-21T23:59:59Z,PROSPECTUS,14,2
36768,5604260298198,800.0,PorSi,Creme Coentros sem Batata 400g,,1.24,1.55,0,kg,€/Kg,,,https://driveimg1.intermarche.com/pt/Content/images/boitmal/produit/zoom/2A5DB160F33B5B4DD2902445779D3ABB.jpg,,,,,,,,,2026-01-21T23:59:59Z,PROSPECTUS,14,2
36769,5604260298181,400.0,PorSi,Creme de Cenoura 400g,,1.15,2.88,0,kg,€/Kg,,,https://driveimg1.intermarche.com/pt/Content/images/boitmal/produit/zoom/39770D186DBDAAE6900620886007DE99.jpg,,,,,,,,,2026-01-21T23:59:59Z,PROSPECTUS,14,2
36952,7613036862295,,Nescafé,"Cápsulas de Café Espresso Intenso Int 7, emb. 16 un",,5.89,5.89,16,,€/Unidade,,,https://driveimg1.intermarche.com/pt/Content/images/boitmal/produit/zoom/E961429E3414F1C39643E5CB1F2C82A7.jpg,,,,,,,,,2026-01-21T23:59:59Z,PROSPECTUS,14,2
37604,5601244500148,1000.0,Terra Nostra,"Leite pastagem uht terra nostra inteiro, de 1l",,1.0,1.0,1000,L,€/L,,,https://driveimg1.intermarche.com/pt/Content/images/boitmal/produit/zoom/3B4C7B765CD878B7B162B4FFE368B474.jpg,https://driveimg1.intermarche.com/pt/Content/images/boitmal/produit/zoom/CA7222E1CEE2BE2C3D48716FA51D8421.jpg,,,,,,,,2026-01-21T23:59:59Z,PROSPECTUS,14,2
37812,5604260301065,,PorSi,Fraldas Premium T3 4-10 kg - 60 Unidades,,8.49,8.49,0,,€/Unidade,,,https://driveimg1.intermarche.com/pt/Content/images/boitmal/produit/zoom/4EAC10020B9224D6442ABE842B034538.jpg,,,,,,,,,2026-01-28T23:59:59Z,PROSPECTUS,14,2
37814,5604260301089,,PorSi,Fraldas Premium T5 13-18 kg - 42 Unidades,,8.1,8.1,0,,€/Unidade,,,https://driveimg1.intermarche.com/pt/Content/images/boitmal/produit/zoom/C13EDAEA790705BF6C3FF3D6193E73D1.jpg,,,,,,,,,2026-01-28T23:59:59Z,PROSPECTUS,14,2
38648,5449000195906,1000.0,Coca-Cola,"Refrigerante com Gás Cola Zero Açúcar Zero Cafeína, garrafa 1 lt",,1.19,1.19,1000,L,€/L,,,https://driveimg1.intermarche.com/pt/Content/images/boitmal/produit/zoom/4A88AB6803A9F950A0FE19DD551ED58E.jpg,,,,,,,,,2026-01-21T23:59:59Z,PROSPECTUS,14,2
39677,5604321031627,400.0,Cemporcento,"Flocos de aveia finos sem glúten, embalagem de 400g",,1.49,3.73,0,kg,€/Kg,,,https://driveimg1.intermarche.com/pt/Content/images/boitmal/produit/zoom/F27865F23D12D2EC899A9AFCC2B0963F.jpg,,,,,,,,,2026-01-21T23:59:59Z,PROSPECTUS,14,2
40363,5605378200042,500.0,Legumes,Cebolinha,Embalagem de 500 g,1.39,2.78,0,kg,€/Kg,,,https://driveimg1.intermarche.com/pt/Content/images/boitmal/produit/zoom/2613FBE015EC64C03F4B8952DC8F4B8C.jpg,,,,,,,,,2026-01-21T23:59:59Z,PROSPECTUS,14,2
40916,3083681107944,400.0,Bonduelle,"Salteado da Horta, emb. 400 gr",,2.59,6.48,0,kg,€/Kg,,Tipo de stockagem,https://driveimg1.intermarche.com/pt/Content/images/boitmal/produit/zoom/8EC663DD06C540EF10455FD80FEDFFEF.jpg,,,,,,,,,2026-01-21T23:59:59Z,PROSPECTUS,14,2
40963,3083681108323,400.0,Bonduelle,"Salteado Rústico, emb. 400 gr",,2.59,6.48,0,kg,€/Kg,,Tipo de stockagem,https://driveimg1.intermarche.com/pt/Content/images/boitmal/produit/zoom/D2BF04E30820A884E11F497F9EA9FC40.jpg,,,,,,,,,2026-01-21T23:59:59Z,PROSPECTUS,14,2
41121,5029053036151,,Scottex,"Papel Higiénico Húmido fresh, embalagem com 74 unidades",,1.97,1.97,0,,€/Unidade,,,https://driveimg1.intermarche.com/pt/Content/images/boitmal/produit/zoom/C3950416692767A75D861E18C38C6E2D.jpg,,,,,,,,,2026-01-21T23:59:59Z,PROSPECTUS,14,2
419,8718114882536,50.0,Knorr,"Sopa de cebola, embalagem de 50g",,1.6,32.0,0,kg,€/Kg,,,https://driveimg1.intermarche.com/pt/Content/images/boitmal/produit/zoom/40DE8A4B0CCB6E254052E81CFB00180A.jpg,,,,,,,,,2026-01-21T23:59:59Z,PROSPECTUS,14,2
42257,5604260308026,1500.0,PorSi,"Gel Ativo com Lixívia 1,5l",,1.15,0.77,1500,L,€/L,,,https://driveimg1.intermarche.com/pt/Content/images/boitmal/produit/zoom/899BCDEC5E97E4EBBB105D02275610A5.jpg,,,,,,,,,2026-01-21T23:59:59Z,PROSPECTUS,14,2
42889,5604260326099,,PorSi,Fraldas Agilidade T5 13-18 kg - 88 Unidades,,12.69,12.69,0,,€/Unidade,,,https://driveimg1.intermarche.com/pt/Content/images/boitmal/produit/zoom/E1216DDBA71D91BF97EE1E7325A6ACC3.jpg,,,,,,,,,2026-01-28T23:59:59Z,PROSPECTUS,14,2
43215,5603722519802,300.0,Castelões,"Queijo curado fatias sem lactose, 2x150g",,3.49,11.63,0,kg,€/Kg,,,https://driveimg1.intermarche.com/pt/Content/images/boitmal/produit/zoom/00AFD4E031A3F72FB642915439BD8EFE.jpg,,,,,,,,,2026-01-21T23:59:59Z,PROSPECTUS,14,2
44955,2892732000000,2000.0,Fruta,Abacaxi Maturado Plump Gold,1 un = 2kg ( aprox.),3.38,1.69,0,,€/Kg,,,https://driveimg1.intermarche.com/pt/Content/images/boitmal/produit/zoom/913BC51BB76A8E7F2B3B1566DA9CC2B1.jpg,,,,,,,,,2026-01-21T23:59:59Z,PROSPECTUS,14,2
46504,8001841144900,,Dodot,Fraldas Sensitive | Tamanho 5 - 11 a 16 kg,Embalagem c/ 42 unidades,15.75,15.75,0,,€/Unidade,,,https://driveimg1.intermarche.com/pt/Content/images/boitmal/produit/zoom/34F1099E8A364734DA54D4FAE75F4CCD.jpg,,,,,,,,,2026-01-28T23:59:59Z,PROSPECTUS,14,2
46792,5604260319602,2000.0,PorSi,Lava Tudo Amoniacal 2l,,0.71,0.36,2000,L,€/L,,,https://driveimg1.intermarche.com/pt/Content/images/boitmal/produit/zoom/0C9BD05E1DE72936A2E16D3F745EB933.jpg,,,,,,,,,2026-01-21T23:59:59Z,PROSPECTUS,14,2
46824,5603722518270,720.0,Mimosa,"Iogurte magro aroma multi sabores de morango/coco, 6x120g",,1.99,2.76,0,kg,€/Kg,,,https://driveimg1.intermarche.com/pt/Content/images/boitmal/produit/zoom/C1F13564A32ADE4727C9B834FE2B8090.jpg,,,,,,,,,2026-01-21T23:59:59Z,PROSPECTUS,14,2
46871,8411660000224,,Sanytol,"Toalhitas desinfetantes, 36 unidades",,2.49,2.49,0,,€/Unidade,,,https://driveimg1.intermarche.com/pt/Content/images/boitmal/produit/zoom/4B0437D5536C9ECA61CD0C9A016E01DD.jpg,,,,,,,,,2026-01-21T23:59:59Z,PROSPECTUS,14,2
46882,5604260319824,,PorSi,Papel Higiénico Branco Talco 3 Folhas 12 Rolos,,4.99,4.99,0,,€/Unidade,,,https://driveimg1.intermarche.com/pt/Content/images/boitmal/produit/zoom/3FFC2D730C4EDC9A29F53A5EEAAF4D75.jpg,,,,,,,,,2026-01-21T23:59:59Z,PROSPECTUS,14,2
47021,5604260318322,150.0,Porsi Vivabem,Iogurte Skyr Morango 0%mg 150g,,0.69,4.6,0,kg,€/Kg,,,https://driveimg1.intermarche.com/pt/Content/images/boitmal/produit/zoom/5F4704B37D6E5E95C793AAE9EABCA60D.jpg,,,,,,,,,2026-01-21T23:59:59Z,PROSPECTUS,14,2
4786,5010029000061,430.0,Weetabix,"Cereais Trigo Fibra Integral, emb. 430 gr",,3.89,9.05,0,kg,€/Kg,,,https://driveimg1.intermarche.com/pt/Content/images/boitmal/produit/zoom/232982B37BEBBB4A68E8B55711F4EB74.jpg,,,,,,,,,2026-01-21T23:59:59Z,PROSPECTUS,14,2
48070,5604260320813,,PorSi,Pensos Higiénicos Ultrafinos Normal com Abas - 28 Unidades,,1.89,1.89,0,,€/Unidade,,,https://driveimg1.intermarche.com/pt/Content/images/boitmal/produit/zoom/0DFFDFEEB2AC2E065EADDE282CDFEEC2.jpg,,,,,,,,,2026-01-21T23:59:59Z,PROSPECTUS,14,2
48074,5604260320851,,PorSi,Pensos Higiénicos Ultrafinos Super com Abas - 24 Unidades,,1.96,1.96,0,,€/Unidade,,,https://driveimg1.intermarche.com/pt/Content/images/boitmal/produit/zoom/90AB9FF27B8F72B08805182DF7AAA143.jpg,,,,,,,,,2026-01-21T23:59:59Z,PROSPECTUS,14,2
48075,5604260320868,,PorSi,Pensos Higiénicos Ultrafinos Noite com Abas - 10 Unidades,,1.19,1.19,0,,€/Unidade,,,https://driveimg1.intermarche.com/pt/Content/images/boitmal/produit/zoom/12ADA0D268721D24041379800219E3C0.jpg,,,,,,,,,2026-01-21T23:59:59Z,PROSPECTUS,14,3
49460,7613287300362,99.0,Nescafé,Café Buondi Intensidade 8,16 cápsulas,5.59,56.46,0,kg,€/Kg,,,https://driveimg1.intermarche.com/pt/Content/images/boitmal/produit/zoom/E4BCDB4A1998B45DA9767B093A961A1E.jpg,,,,,,,,,2026-01-21T23:59:59Z,PROSPECTUS,14,3
49504,5604260322626,90.0,PorSi,Puré de Fruta Pera 90g,,0.59,6.56,0,kg,€/Kg,,,https://driveimg1.intermarche.com/pt/Content/images/boitmal/produit/zoom/EF34005718301CA3FAF65368F399B814.jpg,,,,,,,,,2026-01-28T23:59:59Z,PROSPECTUS,14,3
49589,8006540618882,,Dodot,Fraldas Bebé Seco T5 11-16kg,Embalagem com 54 un.,13.29,13.29,0,,€/Unidade,,,https://driveimg1.intermarche.com/pt/Content/images/boitmal/produit/zoom/F8DF7F672F6F8C01BEEBAFD539E0482B.jpg,,,,,,,,,2026-01-28T23:59:59Z,PROSPECTUS,14,3
49872,5604260325009,,PorSi,Cueca de Banho T5-6 12-17 kg - 11 Unidades,,3.99,3.99,0,,€/Unidade,,,https://driveimg1.intermarche.com/pt/Content/images/boitmal/produit/zoom/27CE741FCDEDE1738F3BE5A5750C5CE6.jpg,,,,,,,,,2026-01-28T23:59:59Z,PROSPECTUS,14,3
50405,8445290489173,900.0,Cerelac,"Papa Infantil Farinha Láctea +12M, emb. 900 gr",,5.49,6.1,0,kg,€/Kg,,,https://driveimg1.intermarche.com/pt/Content/images/boitmal/produit/zoom/79C2E535CBAB06EFF8E7EE2B8A2191BC.jpg,,,,,,,,,2026-01-28T23:59:59Z,PROSPECTUS,14,3
50455,5603722521836,1208.0,Mimosa,"Iogurte líquido aroma frutos vermelhos, 8 x 151 ml",,2.64,2.19,1208,L,€/L,,,https://driveimg1.intermarche.com/pt/Content/images/boitmal/produit/zoom/A6953937AF5119023F20E170D85D8AFD.jpg,,,,,,,,,2026-01-21T23:59:59Z,PROSPECTUS,14,3
51572,5604260327966,750.0,PorSi,Azeite Virgem Extra 750ml,,4.69,6.25,750,L,€/L,,,https://driveimg1.intermarche.com/pt/Content/images/boitmal/produit/zoom/AC740C8B03C58C895BBDE8FC6044BE3A.jpg,,,,,,,,,2026-01-21T23:59:59Z,PROSPECTUS,14,3
51617,5604260328536,400.0,PorSi,Sopa de Feijão Verde 400g,,1.49,3.73,0,kg,€/Kg,,,https://driveimg1.intermarche.com/pt/Content/images/boitmal/produit/zoom/786B60B589DE88503CE7A03EC74CEA9E.jpg,,,,,,,,,2026-01-21T23:59:59Z,PROSPECTUS,14,3
52600,5601217137951,1710.0,Quanto,"Amaciador roupa concentrado ouro e orquídea branca, 95 doses",,3.99,2.33,1710,L,€/L,,,https://driveimg1.intermarche.com/pt/Content/images/boitmal/produit/zoom/D5BBE20226E42754DBBAD723FC764C65.jpg,,,,,,,,,2026-01-21T23:59:59Z,PROSPECTUS,14,3
52880,8719200267794,450.0,Becel,"Creme vegetal de barrar com sabor a manteiga, 450g",,3.89,8.64,0,kg,€/Kg,,,https://driveimg1.intermarche.com/pt/Content/images/boitmal/produit/zoom/E2EFE8BE5E96AF9FCA9D840059BF696C.jpg,https://driveimg1.intermarche.com/pt/Content/images/boitmal/produit/zoom/287D301C66C180312FAA8A3BAE7EA710.jpg,https://driveimg1.intermarche.com/pt/Content/images/boitmal/produit/zoom/287D301C66C180312FAA8A3BAE7EA710.jpg,https://driveimg1.intermarche.com/pt/Content/images/boitmal/produit/zoom/287D301C66C180312FAA8A3BAE7EA710.jpg,,,,,,2026-01-21T23:59:59Z,PROSPECTUS,14,3
52889,8720181385094,945.0,Skip,"Detergente líquido máquina de roupa baby, 21 doses",,3.99,4.22,945,L,€/L,,,https://driveimg1.intermarche.com/pt/Content/images/boitmal/produit/zoom/88B9AA7AC23F4BC407E554F7DDCFF45B.jpg,https://driveimg1.intermarche.com/pt/Content/images/boitmal/produit/zoom/F71A2C4911172C11157AB331E2B3BEF3.jpg,https://driveimg1.intermarche.com/pt/Content/images/boitmal/produit/zoom/F71A2C4911172C11157AB331E2B3BEF3.jpg,,,,,,,2026-01-28T23:59:59Z,PROSPECTUS,14,3
53561,8006540836255,,Dodot,"Toalhitas Bebé Aqua Pure 0% Plástico, 144 unidades",,4.69,4.69,144,,€/Unidade,,,https://driveimg1.intermarche.com/pt/Content/images/boitmal/produit/zoom/9142F4475E7EF3378B360790325BDEDA.jpg,,,,,,,,,2026-01-28T23:59:59Z,PROSPECTUS,14,3
54520,5029053550275,,Huggies,"Fraldas Extra Care T2 3-6Kg, 24un.",,4.78,4.78,0,,€/Unidade,,,https://driveimg1.intermarche.com/pt/Content/images/boitmal/produit/zoom/D369BEB8856B1B6DF0A42F9AB9BBE008.jpg,,,,,,,,,2026-01-28T23:59:59Z,PROSPECTUS,14,3
54646,8720181542121,,Skip,"Detergente Máquina Roupa Líquido Active Clean, 100D",,15.99,15.99,0,,€/Unidade,,,https://driveimg1.intermarche.com/pt/Content/images/boitmal/produit/zoom/D3E9B1DE5F09D8B3FD221502F3C133F1.jpg,,,,,,,,,2026-01-21T23:59:59Z,PROSPECTUS,14,3
55188,8711327618428,825.0,Carte d'or,"Gelado Baunilha Pecan Les Desserts, 825ml",,3.59,4.35,825,L,€/L,,Tipo de stockagem,https://driveimg1.intermarche.com/pt/Content/images/boitmal/produit/zoom/08571CB2AC6E14D50DDB3E1CA2FA4D66.jpg,,,,,,,,,2026-01-21T23:59:59Z,PROSPECTUS,14,3
55354,8410063095202,1200.0,Pescanova,"Barrinhas de Pescada sem Glúten, emb. 1,2 kg (36 a 40 un)",,7.99,6.66,0,kg,€/Kg,,Tipo de stockagem,https://driveimg1.intermarche.com/pt/Content/images/boitmal/produit/zoom/D2F57A76EACAFAE8D2E905FFD81B787B.jpg,,,,,,,,,2026-01-21T23:59:59Z,PROSPECTUS,14,3
56207,5604260333813,240.0,PorSi,Tomate Pelado Inteiro 390g,,0.75,3.13,0,kg,€/Kg,,,https://driveimg1.intermarche.com/pt/Content/images/boitmal/produit/zoom/0D5902C8348B837FF5999053B8B369AC.jpg,,,,,,,,,2026-01-21T23:59:59Z,PROSPECTUS,14,3
56236,5604260331048,350.0,PorSi,Pães de Leite 10 Unidades 350 G,,1.99,5.69,0,kg,€/Kg,,,https://driveimg1.intermarche.com/pt/Content/images/boitmal/produit/zoom/86CB49E147FB43FF4436F9B57DEBD6C2.jpg,,,,,,,,,2026-01-21T23:59:59Z,PROSPECTUS,14,3
56295,5604260336067,500.0,PorSi,Massa Penne Tricolor 500g,,1.09,2.18,0,kg,€/Kg,,,https://driveimg1.intermarche.com/pt/Content/images/boitmal/produit/zoom/B0E86244941DAA730396438224B44832.jpg,,,,,,,,,2026-01-21T23:59:59Z,PROSPECTUS,14,3
56326,5604260335244,400.0,PorSi,Sobremesa Liégeois Sabor Café 4x100g,,1.69,4.23,0,kg,€/Kg,,,https://driveimg1.intermarche.com/pt/Content/images/boitmal/produit/zoom/5A2DB0C09B09B7FA65F52CE20FEBA2A3.jpg,,,,,,,,,2026-01-21T23:59:59Z,PROSPECTUS,14,3
56327,5604260335251,400.0,PorSi,Sobremesa Liégeois Chocolate 4x100g,,1.49,3.73,0,kg,€/Kg,,,https://driveimg1.intermarche.com/pt/Content/images/boitmal/produit/zoom/A10C05E9839D1ED166E65BD0A89F9595.jpg,,,,,,,,,2026-01-21T23:59:59Z,PROSPECTUS,14,3
56367,5604260334407,,PorSi,Resguardos para Bebé 60x60cm - 20 Unidades,,4.99,4.99,0,,€/Unidade,,,https://driveimg1.intermarche.com/pt/Content/images/boitmal/produit/zoom/13592C0314F45A551EF6CD0A4CEC9802.jpg,,,,,,,,,2026-01-28T23:59:59Z,PROSPECTUS,14,3
56457,5604260334469,200.0,PorSi,Chouriço Vinho Beiras 200g,,2.39,11.95,0,kg,€/Kg,,,https://driveimg1.intermarche.com/pt/Content/images/boitmal/produit/zoom/ED3C37F459230F119F42D98F7A0A1F02.jpg,,,,,,,,,2026-01-21T23:59:59Z,PROSPECTUS,14,3
5924,5604260255719,1000.0,PorSi,Chouriço Corrente 1kg,,4.23,4.23,0,kg,€/Kg,,,https://driveimg1.intermarche.com/pt/Content/images/boitmal/produit/zoom/DCBC7482D37FB42C8C4C67F87FE98EDB.jpg,,,,,,,,,2026-01-21T23:59:59Z,PROSPECTUS,14,3
6971,4005900388674,50.0,Nivea Men,"Desodorizante roll'on black & white, embalagem de 50 ml",,2.29,45.8,50,L,€/L,,,https://driveimg1.intermarche.com/pt/Content/images/boitmal/produit/zoom/BF69F0F2038CB492BCFD0B6576CFD837.jpg,,,,,,,,,2026-01-21T23:59:59Z,PROSPECTUS,14,3
7244,3073781050196,140.0,A Vaca Que Ri,"Queijo em palitos, embalagem de 140g",,1.99,14.21,0,kg,€/Kg,,,https://driveimg1.intermarche.com/pt/Content/images/boitmal/produit/zoom/C79A3541C1910B83E7E4B4E57044D0EF.jpg,,,,,,,,,2026-01-21T23:59:59Z,PROSPECTUS,14,3
8434,5601050033731,620.0,Danone,"Iogurte activia líquido 0% lima/limão, embalagem de 4 x 155g",,2.09,3.37,0,kg,€/Kg,,,https://driveimg1.intermarche.com/pt/Content/images/boitmal/produit/zoom/B41EA750EA9360556362913E488E9E4D.jpg,,,,,,,,,2026-01-21T23:59:59Z,PROSPECTUS,14,3
861,5010394996587,500.0,Pedigree,"Guloseima para cão markies, embalagem de 500g",,3.59,7.18,0,kg,€/Kg,,,https://driveimg1.intermarche.com/pt/Content/images/boitmal/produit/zoom/F33E65574F1E1B31A1F045354DE41660.jpg,,,,,,,,,2026-01-21T23:59:59Z,PROSPECTUS,14,3
9113,5601989001566,750.0,Monte Velho,"Vinho branco alentejo, garrafa de 750 ml",,3.99,5.32,750,L,€/L,,,https://driveimg1.intermarche.com/pt/Content/images/boitmal/produit/zoom/7B25882D8E40FB5175386823B109A8BD.jpg,,,,,,,,,2026-01-21T23:59:59Z,PROSPECTUS,14,3
9389,5604260033454,240.0,PorSi,Chouriço de Carne Extra 240g,,1.43,5.96,0,kg,€/Kg,,,https://driveimg1.intermarche.com/pt/Content/images/boitmal/produit/zoom/EF9FDE84DCC3E26F64D2E4765C67F3EE.jpg,,,,,,,,,2026-01-21T23:59:59Z,PROSPECTUS,14,3
9681,5604260270194,250.0,PorSi,Chouriço Mouro Fundão 250g,,2.23,8.92,0,kg,€/Kg,,,https://driveimg1.intermarche.com/pt/Content/images/boitmal/produit/zoom/92303740D425F2ABD1C9CDF43553E405.jpg,,,,,,,,,2026-01-21T23:59:59Z,PROSPECTUS,14,3
1014,5601043111149,1000.0,Espiga,"Farinha sem fermento tipo 65, embalagem de 1 kg",,1.29,1.29,0,kg,€/Kg,,,https://driveimg1.intermarche.com/pt/Content/images/boitmal/produit/zoom/0956112EF7C4C6A7364E7D84CAC59686.jpg,,,,,,,,,2026-01-21T23:59:59Z,PROSPECTUS,14,3
10272,8410436240109,50.0,Sonasol,"Bloco sanitário blue activ, eucalio",Embalagem de 50 g,1.98,39.6,0,kg,€/Kg,,,https://driveimg1.intermarche.com/pt/Content/images/boitmal/produit/zoom/AD6EF490A116ED8448E270834FD13125.jpg,,,,,,,,,2026-01-21T23:59:59Z,PROSPECTUS,14,3
10565,8711600359659,400.0,Axe,"Gel banho excite, embalagem de 400 ml",,3.59,8.98,400,L,€/L,,,https://driveimg1.intermarche.com/pt/Content/images/boitmal/produit/zoom/DCC58201419B651CAC426AD3399A4E5F.jpg,,,,,,,,,2026-01-21T23:59:59Z,PROSPECTUS,14,3
10768,9556041608251,200.0,Ayam,Leite de coco 200 ml,,1.35,6.75,200,L,€/L,,,https://driveimg1.intermarche.com/pt/Content/images/boitmal/produit/zoom/4395F63D45A8B3DADFFB72B2D8D19FFF.jpg,,,,,,,,,2026-01-21T23:59:59Z,PROSPECTUS,14,3
10884,3147690051206,700.0,Label 5,Whisky blended,"Garrafa de 0,70 l",11.99,17.13,700,L,€/L,,,https://driveimg1.intermarche.com/pt/Content/images/boitmal/produit/zoom/C08CAF9ADA1BDE594E3803CD3B274AB6.jpg,,,,,,,,,2026-01-21T23:59:59Z,PROSPECTUS,14,3
11501,5601049612084,125.0,Mimosa,"Manteiga com sal, embalagem de 130g",,1.39,11.12,0,kg,€/Kg,,,https://driveimg1.intermarche.com/pt/Content/images/boitmal/produit/zoom/C0A3DF0B7623AAEE8B7C1B9626AECDDA.jpg,https://driveimg1.intermarche.com/pt/Content/images/boitmal/produit/zoom/1207D37BB442FDD5C918BE023189F00C.jpg,,,,,,,,2026-01-21T23:59:59Z,PROSPECTUS,14,3
11586,5601151540831,600.0,Compal,"Néctar ananás, pack 3 x 200 ml",,1.35,2.25,600,L,€/L,,,https://driveimg1.intermarche.com/pt/Content/images/boitmal/produit/zoom/3FACB43E7A9E03C7ABECF62B790A7085.jpg,,,,,,,,,2026-01-21T23:59:59Z,PROSPECTUS,14,3
11687,5601244202158,400.0,Terra Nostra,"Queijo fatias redução de gordura, embalagem de 400g",,4.39,10.98,0,kg,€/Kg,,,https://driveimg1.intermarche.com/pt/Content/images/boitmal/produit/zoom/1F91460A767DF4AF90E45E918A360294.jpg,,,,,,,,,2026-01-21T23:59:59Z,PROSPECTUS,14,3
11963,5603722505775,250.0,Mimosa,"Manteiga sem sal, embalagem de 250g",,2.19,8.76,0,kg,€/Kg,,,https://driveimg1.intermarche.com/pt/Content/images/boitmal/produit/zoom/9BCF64C54A7D7626D65710EBF82436CC.jpg,https://driveimg1.intermarche.com/pt/Content/images/boitmal/produit/zoom/1EA90F949357E7F98D48732996035C6E.jpg,https://driveimg1.intermarche.com/pt/Content/images/boitmal/produit/zoom/1F0AD169BB42B947BB5B96F6E89FDECD.jpg,,,,,,,2026-01-21T23:59:59Z,PROSPECTUS,14,3
11974,5603722508752,200.0,Castelões,"Queijo em fatias original, embalagem de 200g",,2.19,10.95,0,kg,€/Kg,,,https://driveimg1.intermarche.com/pt/Content/images/boitmal/produit/zoom/9709716796DE3B121923F09B97DF17ED.jpg,,,,,,,,,2026-01-21T23:59:59Z,PROSPECTUS,14,3
12379,8410285015354,250.0,Président,"Chantilly , embalagem de 250 g",,2.69,10.76,0,kg,€/Kg,,,https://driveimg1.intermarche.com/pt/Content/images/boitmal/produit/zoom/E0C73A85F9CF705E2D07E158861B3F39.jpg,,,,,,,,,2026-01-21T23:59:59Z,PROSPECTUS,14,3
12445,8414100302742,1250.0,Sunny Delight,"Refrigerante sem gás califórnia, garrafa de 1,25 l",,1.99,1.59,1250,L,€/L,,,https://driveimg1.intermarche.com/pt/Content/images/boitmal/produit/zoom/1FDEA823C5CE598A466FDAA30CB39372.jpg,,,,,,,,,2026-01-21T23:59:59Z,PROSPECTUS,14,3
12584,3250391547395,200.0,Labell,Creme Depilatório Pele Normal 200ml,Embalagem de 200 ml,2.69,13.45,200,L,€/L,,,https://driveimg1.intermarche.com/pt/Content/images/boitmal/produit/zoom/8E2D53BC5AE4A1BB17B570E5947D6B04.jpg,,,,,,,,,2026-01-21T23:59:59Z,PROSPECTUS,14,3
1326,5601164113701,500.0,Super Bock,"Cerveja com álcool, lata, garrafa de 500 ml",,0.85,1.7,500,L,€/L,,,https://driveimg1.intermarche.com/pt/Content/images/boitmal/produit/zoom/0AB2770B97F8A4B3E443129A7F4E33FA.jpg,,,,,,,,,2026-01-21T23:59:59Z,PROSPECTUS,14,3
13523,2893515000000,250.0,Peixaria,Lula Congelada,1 un= 250 gr (aprox.),1.25,4.99,0,,€/Kg,,Avantages !,https://driveimg1.intermarche.com/pt/Content/images/boitmal/produit/zoom/B2B7BBDC4CDC3C912C9CD2FEC6D3B682.jpg,,,,,,,,,2026-01-21T23:59:59Z,PROSPECTUS,14,3
13861,2691127000000,,Aves,Codornizes,1 un. = 150 g (aprox.),1.09,1.09,0,,€/Unidade,,,https://driveimg1.intermarche.com/pt/Content/images/boitmal/produit/zoom/49A0BEA3AB28A38ED8B2B84EBCB7B813.jpg,,,,,,,,,2026-01-21T23:59:59Z,PROSPECTUS,14,3
1413,5601252106615,750.0,Gallo,"Azeite Subtil, emb. 75 cl",,4.69,6.25,750,L,€/L,,,https://driveimg1.intermarche.com/pt/Content/images/boitmal/produit/zoom/15A5982897D183B94BC206320162E4EC.jpg,,,,,,,,,2026-01-21T23:59:59Z,PROSPECTUS,14,3
1416,5601252106677,750.0,Gallo,"Azeite Virgem Extra Suave, emb. 75 cl",,6.49,8.65,750,L,€/L,,,https://driveimg1.intermarche.com/pt/Content/images/boitmal/produit/zoom/3F82CF1DB5B3AE32B260B436777564A3.jpg,,,,,,,,,2026-01-21T23:59:59Z,PROSPECTUS,14,3
14301,5000116105199,1125.0,Iglo,"Ervilhas, embalagem de 1,125 kg",,5.39,4.79,0,kg,€/Kg,,Tipo de stockagem,https://driveimg1.intermarche.com/pt/Content/images/boitmal/produit/zoom/2A12D381A70EA524D1800DAB02CBAB7B.jpg,,,,,,,,,2026-01-21T23:59:59Z,PROSPECTUS,14,3
14573,8414516001031,250.0,Florette,"Salada 4 estações, embalagem de 250 g",,1.49,5.96,0,kg,€/Kg,,,https://driveimg1.intermarche.com/pt/Content/images/boitmal/produit/zoom/544687527BD5EA27DA44855884673ABD.jpg,,,,,,,,,2026-01-21T23:59:59Z,PROSPECTUS,14,3
14698,7613034570512,90.0,Nestlé,"Fruta para bebé 4 frutas +4 meses, embalagem de 90g",,0.65,7.22,0,kg,€/Kg,,,https://driveimg1.intermarche.com/pt/Content/images/boitmal/produit/zoom/3717C2AF583A80AD83A765BB8032F767.jpg,,,,,,,,,2026-01-28T23:59:59Z,PROSPECTUS,14,3
1684,5602711107495,500.0,Rar,"Açúcar Mascavado Claro, emb. 500 gr",,1.69,3.38,0,kg,€/Kg,,,https://driveimg1.intermarche.com/pt/Content/images/boitmal/produit/zoom/399202B3EC363C102FC9F508496AC3C9.jpg,,,,,,,,,2026-01-21T23:59:59Z,PROSPECTUS,14,3
17013,7613033823886,250.0,Nestum,Nestum 5 cereais,Embalagem de 250g,2.24,8.96,0,kg,€/Kg,,,https://driveimg1.intermarche.com/pt/Content/images/boitmal/produit/zoom/55D8589D3232C35CE7023AECB9A4A628.jpg,,,,,,,,,2026-01-28T23:59:59Z,PROSPECTUS,14,3
17115,5000116110155,640.0,Capitão Iglo,"Hambúrgueres de Vaca sem Glúten, emb. 640 gr (8 un)",Embalagem de 640g,8.99,14.05,0,kg,€/Kg,,Tipo de stockagem,https://driveimg1.intermarche.com/pt/Content/images/boitmal/produit/zoom/6FAFE9FC4DDEB6CE7DCD2D721BE41E81.jpg,,,,,,,,,2026-01-21T23:59:59Z,PROSPECTUS,14,3
17523,2891246000000,1000.0,Porco,Pá York c/ Osso c/ Couro,Vendido ao peso a partir de 1 kg,3.79,3.79,0,,€/Kg,,,https://driveimg1.intermarche.com/pt/Content/images/boitmal/produit/zoom/B1774B7150E1E65399A00A5F3DC93922.jpg,,,,,,,,,2026-01-21T23:59:59Z,PROSPECTUS,14,3
18161,5601164884465,1320.0,Somersby,Sidra frutos vermelhos,pack 4 x 0.33 l,3.89,2.95,1320,L,€/L,,,https://driveimg1.intermarche.com/pt/Content/images/boitmal/produit/zoom/507246A606E1CB1D17B01F2DC7199F50.jpg,,,,,,,,,2026-01-21T23:59:59Z,PROSPECTUS,14,3
18426,3600541887817,400.0,Garnier,Champô Ultra Suave Delicias de Aveia,Embalagem de 400 ml,3.19,7.98,400,L,€/L,,,https://driveimg1.intermarche.com/pt/Content/images/boitmal/produit/zoom/FB3520AB0507187656A408B0D650CF4F.jpg,,,,,,,,,2026-01-21T23:59:59Z,PROSPECTUS,14,3
18428,3600541888197,400.0,Garnier,Amaciador Ultra Suave Delicadeza de Aveia,Embalagem de 400 ml,3.19,7.98,400,L,€/L,,,https://driveimg1.intermarche.com/pt/Content/images/boitmal/produit/zoom/EEB54D99A81A12744A915743CE2BE7E6.jpg,,,,,,,,,2026-01-21T23:59:59Z,PROSPECTUS,14,3
18501,5609060006615,200.0,Delta,Cafe soluvel c/c 200g,Embalagem de 200g,6.99,34.95,0,kg,€/Kg,,,https://driveimg1.intermarche.com/pt/Content/images/boitmal/produit/zoom/79FF13A69AB6B977472ADF6F1518224E.jpg,,,,,,,,,2026-01-21T23:59:59Z,PROSPECTUS,14,3
18515,8410376042498,216.0,Gullón,"Bolacha diet nature 5 cereais, embalagem de 220g",,2.09,9.68,0,kg,€/Kg,,,https://driveimg1.intermarche.com/pt/Content/images/boitmal/produit/zoom/068DB1D91D8194E229EB2640C1F34CF3.jpg,,,,,,,,,2026-01-21T23:59:59Z,PROSPECTUS,14,3
1950,5604260056965,200.0,PorSi,Tempero para Frangos 200g,,0.85,4.25,0,kg,€/Kg,,,https://driveimg1.intermarche.com/pt/Content/images/boitmal/produit/zoom/056F4091DCD6823450DFFFC8CEF14C7B.jpg,,,,,,,,,2026-01-21T23:59:59Z,PROSPECTUS,14,3
1951,5604260056972,200.0,PorSi,Vinha de Alhos 200g,,0.85,4.25,0,kg,€/Kg,,,https://driveimg1.intermarche.com/pt/Content/images/boitmal/produit/zoom/87428B1E3123BE72107948374A78573E.jpg,,,,,,,,,2026-01-21T23:59:59Z,PROSPECTUS,14,3
1969,5604260304592,200.0,PorSi,Mostardeiro 200g,,0.76,3.8,0,kg,€/Kg,,,https://driveimg1.intermarche.com/pt/Content/images/boitmal/produit/zoom/9F70AEDE1C1FC65765AB72D4A7BA07A8.jpg,,,,,,,,,2026-01-21T23:59:59Z,PROSPECTUS,14,3
19786,5604321021819,150.0,Cemporcento,"Sementes de girassol, embalagem de 150g",,0.99,6.6,0,kg,€/Kg,,,https://driveimg1.intermarche.com/pt/Content/images/boitmal/produit/zoom/FE78488CE3E94A27367B7FA211F80932.jpg,,,,,,,,,2026-01-21T23:59:59Z,PROSPECTUS,14,3
20087,4015400884859,,Dodot,Fraldas Activity Extra T5 |13-19 kg,48 Unidade,15.99,15.99,0,,€/Unidade,,,https://driveimg1.intermarche.com/pt/Content/images/boitmal/produit/zoom/AF260D8B657312FD61F377D27C623BA6.jpg,https://driveimg1.intermarche.com/pt/Content/images/boitmal/produit/zoom/5067C7115A77A89878B9ACE972357728.jpg,https://driveimg1.intermarche.com/pt/Content/images/boitmal/produit/zoom/5067C7115A77A89878B9ACE972357728.jpg,https://driveimg1.intermarche.com/pt/Content/images/boitmal/produit/zoom/5067C7115A77A89878B9ACE972357728.jpg,,,,,,2026-01-28T23:59:59Z,PROSPECTUS,14,3
20264,5000116110872,180.0,Iglo,"Crocantes frango parmesão e ervas, embalagem de 180g",,3.99,22.17,0,kg,€/Kg,,Tipo de stockagem,https://driveimg1.intermarche.com/pt/Content/images/boitmal/produit/zoom/FA238D0C01D11590AA8A8E09CE288246.jpg,,,,,,,,,2026-01-21T23:59:59Z,PROSPECTUS,14,3
20468,5601385503176,,Aquafresh,Escova de Dentes Extra Interdental,1 + 1 unidades,2.59,2.59,0,,€/Unidade,,,https://driveimg1.intermarche.com/pt/Content/images/boitmal/produit/zoom/6EB0AF8EA36F700AFA23A8E14FD19291.jpg,,,,,,,,,2026-01-21T23:59:59Z,PROSPECTUS,14,3
20621,5601260591601,67.0,Cigala,"Noodles de caril banzai, 70g",,1.09,16.27,0,kg,€/Kg,,,https://driveimg1.intermarche.com/pt/Content/images/boitmal/produit/zoom/20DEE57AABAB4A94424B22088F43DBBA.jpg,,,,,,,,,2026-01-21T23:59:59Z,PROSPECTUS,14,3
20773,8410104033026,250.0,Xau,"Limpa máquina da roupa, 250 ml",,3.99,15.96,250,L,€/L,,,https://driveimg1.intermarche.com/pt/Content/images/boitmal/produit/zoom/DB2F8A31582547F94BE857971C30C79A.jpg,https://driveimg1.intermarche.com/pt/Content/images/boitmal/produit/zoom/ACA5FE2B5CE117A7428A66964AA8A1F2.jpg,https://driveimg1.intermarche.com/pt/Content/images/boitmal/produit/zoom/ACA5FE2B5CE117A7428A66964AA8A1F2.jpg,https://driveimg1.intermarche.com/pt/Content/images/boitmal/produit/zoom/ACA5FE2B5CE117A7428A66964AA8A1F2.jpg,,,,,,2026-01-21T23:59:59Z,PROSPECTUS,14,3
2091,5604260194087,1000.0,PorSi,Farinha Láctea 1kg,,5.29,5.29,0,kg,€/Kg,,,https://driveimg1.intermarche.com/pt/Content/images/boitmal/produit/zoom/8ED788A67C335ED68A86F5666D0A6B59.jpg,,,,,,,,,2026-01-28T23:59:59Z,PROSPECTUS,14,3
21140,3045206331005,500.0,Sanytol,"Desinfetante Têxtil, 500 ml",,3.99,7.98,500,L,€/L,,,https://driveimg1.intermarche.com/pt/Content/images/boitmal/produit/zoom/106F2B4DC606FD706C52599C562B61FF.jpg,,,,,,,,,2026-01-21T23:59:59Z,PROSPECTUS,14,3
22952,8411660670212,750.0,Sanytol,Desinfetante p/ Cozinha,Embalagem de 750 ml,2.49,3.32,750,L,€/L,,,https://driveimg1.intermarche.com/pt/Content/images/boitmal/produit/zoom/6670903192D029E406F52DBF4952D846.jpg,,,,,,,,,2026-01-21T23:59:59Z,PROSPECTUS,14,3
22954,3045200715009,150.0,Sanytol,"Desodorizante e desinfetante para calçado, 150 ml",,3.39,22.6,150,L,€/L,,,https://driveimg1.intermarche.com/pt/Content/images/boitmal/produit/zoom/D3DCE6928DD622E4A01975DBC929BC27.jpg,,,,,,,,,2026-01-21T23:59:59Z,PROSPECTUS,14,3
23652,8712000900175,6000.0,Heineken,"Cerveja com Álcool, emb. 24 x 25 cl",,13.99,2.33,6000,L,€/L,,,https://driveimg1.intermarche.com/pt/Content/images/boitmal/produit/zoom/AB5BBEB462A56533212E5950F8D46993.jpg,,,,,,,,,2026-01-21T23:59:59Z,PROSPECTUS,14,3
2405,5608543000096,15.0,Tetley,"Chá preto, embalagem de 20g",,0.74,49.33,0,kg,€/Kg,,,https://driveimg1.intermarche.com/pt/Content/images/boitmal/produit/zoom/60725F7743D3C0E53432295C1F3FD6AE.jpg,,,,,,,,,2026-01-21T23:59:59Z,PROSPECTUS,14,3
2407,5608543000133,18.0,Tetley,Chá verde,Embalagem de 20g,0.94,52.22,0,kg,€/Kg,,,https://driveimg1.intermarche.com/pt/Content/images/boitmal/produit/zoom/41193B0BE32FD225777DDB9DE2467E1D.jpg,,,,,,,,,2026-01-21T23:59:59Z,PROSPECTUS,14,3
2412,5608543000188,10.0,Tetley,Infusão de lúcia lima,Embalagem de 10g,0.89,89.0,0,kg,€/Kg,,,https://driveimg1.intermarche.com/pt/Content/images/boitmal/produit/zoom/7145B81A3462EE6E617B278110069FC5.jpg,,,,,,,,,2026-01-21T23:59:59Z,PROSPECTUS,14,3
24748,8410104124649,1000.0,Finish,"Detergente líquido para máquina lavar loiça gel tudo em 1 limão, de 1 l",,9.49,9.49,1000,L,€/L,,,https://driveimg1.intermarche.com/pt/Content/images/boitmal/produit/zoom/350E35F90B7D257D3A471C43A79AD891.jpg,,,,,,,,,2026-01-21T23:59:59Z,PROSPECTUS,14,3
24864,5998749126943,130.0,Pedigree,"Snack cão tasty bites chewy, embalagem de 130 g",,2.14,16.46,0,kg,€/Kg,,,https://driveimg1.intermarche.com/pt/Content/images/boitmal/produit/zoom/C96F6975A89EE591E2C914A10CFF6855.jpg,,,,,,,,,2026-01-21T23:59:59Z,PROSPECTUS,14,3
25121,7613035749016,180.0,Cerelac,Bolachinhas,Embalagem de 180g,1.99,11.06,0,kg,€/Kg,,,https://driveimg1.intermarche.com/pt/Content/images/boitmal/produit/zoom/605ECA9DE09DE1F0EB70535839DB2AC3.jpg,,,,,,,,,2026-01-28T23:59:59Z,PROSPECTUS,14,3
2520,7613033822827,250.0,Nestum,"Cereais mel com cereais integrais, embalagem de 250g",,2.24,8.96,0,kg,€/Kg,,,https://driveimg1.intermarche.com/pt/Content/images/boitmal/produit/zoom/50987E91B590C03F84755178E67E5C7E.jpg,,,,,,,,,2026-01-28T23:59:59Z,PROSPECTUS,14,3
25215,7613035930582,90.0,Nestlé,"Fruta para bebé maçã manga +6 meses, embalagem de 90g",,0.65,7.22,0,kg,€/Kg,,,https://driveimg1.intermarche.com/pt/Content/images/boitmal/produit/zoom/1A0BFDB38CDBA8991FD9074B384368B9.jpg,,,,,,,,,2026-01-28T23:59:59Z,PROSPECTUS,14,3
25403,8410175059628,100.0,Hero Baby,"Pacote 3 frutas, embalagem de 100g",,0.69,6.9,0,kg,€/Kg,,,https://driveimg1.intermarche.com/pt/Content/images/boitmal/produit/zoom/79E7755FD7BB909EEA95CDE6780CBF67.jpg,,,,,,,,,2026-01-28T23:59:59Z,PROSPECTUS,14,3
25404,8410175059611,100.0,Hero Baby,"Pacote maçã e banana, 100g",,0.69,6.9,0,kg,€/Kg,,,https://driveimg1.intermarche.com/pt/Content/images/boitmal/produit/zoom/289D36274224D35823519C39A77E8264.jpg,,,,,,,,,2026-01-28T23:59:59Z,PROSPECTUS,14,3
2543,7613034465689,387.0,Nestlé,"Leite condensado magro, embalagem de 390g",,2.09,5.4,0,kg,€/Kg,,,https://driveimg1.intermarche.com/pt/Content/images/boitmal/produit/zoom/550282655C8CD4805DB04276CFECA7D7.jpg,,,,,,,,,2026-01-21T23:59:59Z,PROSPECTUS,14,3
25540,7613035378636,142.0,Purina One,"Snack de higiene oral diária para cão grande, de 142 g",,1.79,12.61,0,kg,€/Kg,,,https://driveimg1.intermarche.com/pt/Content/images/boitmal/produit/zoom/C39C859258FB765A439650B5D367946C.jpg,,,,,,,,,2026-01-21T23:59:59Z,PROSPECTUS,14,3
25706,8411660670229,750.0,Sanytol,Desinfetante p/ WC,Embalagem de 750 ml,2.49,3.32,750,L,€/L,,,https://driveimg1.intermarche.com/pt/Content/images/boitmal/produit/zoom/D105B4A8ECD800E2D1E3546D9AD3B145.jpg,,,,,,,,,2026-01-21T23:59:59Z,PROSPECTUS,14,3
25875,5604321032235,200.0,Cemporcento,"Bolachas marinheiras espelta, embalagem de 200 g",,2.14,10.7,0,kg,€/Kg,,,https://driveimg1.intermarche.com/pt/Content/images/boitmal/produit/zoom/A397440FBF5E8D37BD000D8EBA775DDE.jpg,,,,,,,,,2026-01-21T23:59:59Z,PROSPECTUS,14,3
26549,3094905001436,,Aquafresh,Escovas Dentífricas Limpeza Flex,2 un. + 1 Grátis,2.84,2.84,0,,€/Unidade,,,https://driveimg1.intermarche.com/pt/Content/images/boitmal/produit/zoom/F1287D0C49D30EE3EDA2BDFA782E59CD.jpg,,,,,,,,,2026-01-21T23:59:59Z,PROSPECTUS,14,3
27267,5601043111330,500.0,Espiga,"Farinha de centeio, embalagem de 500g",,1.19,2.38,0,kg,€/Kg,,,https://driveimg1.intermarche.com/pt/Content/images/boitmal/produit/zoom/C0A350D4AD17BA07FA6228A503C13F1E.jpg,,,,,,,,,2026-01-21T23:59:59Z,PROSPECTUS,14,3
2748,8410063044521,200.0,Pescanova,"Miolo de Camarão Cozido 40/60 Ultracongelado, emb. 200 gr",,5.99,29.95,0,kg,€/Kg,,Tipo de stockagem,https://driveimg1.intermarche.com/pt/Content/images/boitmal/produit/zoom/D50FF0C33F27025B364B2A0F02EC1F36.jpg,,,,,,,,,2026-01-21T23:59:59Z,PROSPECTUS,14,3
2779,8410180108038,185.0,Artiach,Bolachas infantil dinossauros,Embalagem de 190g,1.69,9.14,0,kg,€/Kg,,,https://driveimg1.intermarche.com/pt/Content/images/boitmal/produit/zoom/93FFBED3F451AE6676EBADF170E0F9AC.jpg,,,,,,,,,2026-01-21T23:59:59Z,PROSPECTUS,14,3
2802,8410376009392,170.0,Gullón,"Bolacha diet nature, embalagem de 170g",,2.04,12.0,0,kg,€/Kg,,,https://driveimg1.intermarche.com/pt/Content/images/boitmal/produit/zoom/F50E951B4EA1C699BB5641549A9E6262.jpg,,,,,,,,,2026-01-21T23:59:59Z,PROSPECTUS,14,3
2803,8410376009408,330.0,Gullón,"Bolacha dourada dietnature, embalagem de 330g",,2.19,6.64,0,kg,€/Kg,,,https://driveimg1.intermarche.com/pt/Content/images/boitmal/produit/zoom/13CCF92356F912CB6B38497119AB26F4.jpg,,,,,,,,,2026-01-21T23:59:59Z,PROSPECTUS,14,3
28062,5603722516764,150.0,Castelões,"Queijo sem lactose fatiado, 150g",,1.85,12.33,0,kg,€/Kg,,,https://driveimg1.intermarche.com/pt/Content/images/boitmal/produit/zoom/8EBB127CA4F30289FAEAD0130F803FFA.jpg,,,,,,,,,2026-01-21T23:59:59Z,PROSPECTUS,14,3
28270,5601043111408,250.0,Espiga,"Sêmola de trigo espiga, embalagem de 250g",,1.25,5.0,0,kg,€/Kg,,,https://driveimg1.intermarche.com/pt/Content/images/boitmal/produit/zoom/FBCA396F0432F6AC239EF07076058890.jpg,,,,,,,,,2026-01-21T23:59:59Z,PROSPECTUS,14,3
28443,0000042332824,50.0,Nivea Men,"Desodorizante Black&White Active Roll-On Invisible, 50ml",,2.99,59.8,50,L,€/L,,,https://driveimg1.intermarche.com/pt/Content/images/boitmal/produit/zoom/23AEC11E060ABC48167BD960BFBE0CEF.jpg,,,,,,,,,2026-01-21T23:59:59Z,PROSPECTUS,14,3
29434,8412600028568,500.0,Bimbo,"Pão de Forma Artesano com Côdea, emb. 500 gr",550 g,2.24,4.48,0,kg,€/Kg,,,https://driveimg1.intermarche.com/pt/Content/images/boitmal/produit/zoom/3CFE72B428C8815F287AEBF5DD23696F.jpg,,,,,,,,,2026-01-21T23:59:59Z,PROSPECTUS,14,3
300,0011210000889,60.0,Tabasco,Molho picante,Garrafa de 60 ml,2.37,39.5,60,L,€/L,,,https://driveimg1.intermarche.com/pt/Content/images/boitmal/produit/zoom/513E7907BD2D93422664E790FE0A1850.jpg,,,,,,,,,2026-01-21T23:59:59Z,PROSPECTUS,14,4
30115,5449000016737,1000.0,Coca-Cola,"Refrigerante com Gás Cola sem Cafeína, emb. 1 lt",,1.35,1.35,1000,L,€/L,,,https://driveimg1.intermarche.com/pt/Content/images/boitmal/produit/zoom/23CF5CDA5B630E80CF6F88C3DB4BC0F8.jpg,,,,,,,,,2026-01-21T23:59:59Z,PROSPECTUS,14,4
30721,5601883270013,150.0,Nova Açores,"Queijo da ilha fatiado, embalagem de 150g",,1.88,12.53,0,kg,€/Kg,,,https://driveimg1.intermarche.com/pt/Content/images/boitmal/produit/zoom/40CA9125AF84B5E9D880FDC49E57282C.jpg,,,,,,,,,2026-01-21T23:59:59Z,PROSPECTUS,14,4
30729,5604260283477,600.0,Porsi Vivabem,Bebida de Soja Sabor Chocolate 3x200ml,,1.19,1.98,600,L,€/L,,,https://driveimg1.intermarche.com/pt/Content/images/boitmal/produit/zoom/8F881AD504704F23F3A2D5C47C7D53DD.jpg,,,,,,,,,2026-01-21T23:59:59Z,PROSPECTUS,14,4
30891,5609060099617,200.0,Delta,Bebida solúvel cereais+fibra frasco 200g,Embalagem de 200g,2.79,13.95,0,kg,€/Kg,,,https://driveimg1.intermarche.com/pt/Content/images/boitmal/produit/zoom/7C416EF7E94C6799222D8AD20D418923.jpg,,,,,,,,,2026-01-21T23:59:59Z,PROSPECTUS,14,4
31195,5600826203606,1000.0,Prozis,"Manteiga de Amendoim Crocante, emb. 1 kg",,6.89,6.89,0,kg,€/Kg,,,https://driveimg1.intermarche.com/pt/Content/images/boitmal/produit/zoom/D158C360740DDA183269A20691A88172.jpg,,,,,,,,,2026-01-21T23:59:59Z,PROSPECTUS,14,4
31441,5608394421033,400.0,Origens Bio,"Leite de Coco, emb. 400 ml",Garrafa de 400 ml,2.54,6.35,400,L,€/L,,,https://driveimg1.intermarche.com/pt/Content/images/boitmal/produit/zoom/9E6DA2FF296660A8AA508BA2D6559266.jpg,,,,,,,,,2026-01-21T23:59:59Z,PROSPECTUS,14,4
31576,8008698024188,250.0,Schar,Schär pão rústico fatiado sem glúten,Embalagem de 250g,2.99,11.96,0,kg,€/Kg,,,https://driveimg1.intermarche.com/pt/Content/images/boitmal/produit/zoom/B45C3E3B1D2C6ED89028C1D52D629213.jpg,,,,,,,,,2026-01-21T23:59:59Z,PROSPECTUS,14,4
33021,5601260048105,1000.0,Saludães,"Arroz basmati, embalagem de 1 kg",,2.49,2.49,0,kg,€/Kg,,,https://driveimg1.intermarche.com/pt/Content/images/boitmal/produit/zoom/69B2912DAB5813399DDCD1424E089110.jpg,,,,,,,,,2026-01-21T23:59:59Z,PROSPECTUS,14,4
33600,8412857900891,250.0,Humydry,Desumidificador Basic,embalagem de 250g,3.84,15.36,0,kg,€/Kg,,,https://driveimg1.intermarche.com/pt/Content/images/boitmal/produit/zoom/B45FCE09221B2D76DE77724F3F974FCD.jpg,,,,,,,,,2026-01-21T23:59:59Z,PROSPECTUS,14,4
34727,5602711107501,500.0,Rar,"Açúcar Mascavado Escuro, emb. 500 gr",,1.69,3.38,0,kg,€/Kg,,,https://driveimg1.intermarche.com/pt/Content/images/boitmal/produit/zoom/7154C53ECA4BF60DD7497538DEEB7C55.jpg,,,,,,,,,2026-01-21T23:59:59Z,PROSPECTUS,14,4
35483,8410436343435,500.0,Sonasol,Spray desengordurante,Embalagem de 500 ml,1.99,3.98,500,L,€/L,,,https://driveimg1.intermarche.com/pt/Content/images/boitmal/produit/zoom/47473DD6CCCCC8BCBCC650E05B76EF50.jpg,,,,,,,,,2026-01-21T23:59:59Z,PROSPECTUS,14,4
35760,3574669909563,500.0,Johnson's Baby,Champô para criança penteia fácil,Embalagem de 500 ml,4.49,8.98,500,L,€/L,,,https://driveimg1.intermarche.com/pt/Content/images/boitmal/produit/zoom/2C77B95733E65499C5B52B637A199BD2.jpg,,,,,,,,,2026-01-28T23:59:59Z,PROSPECTUS,14,4
36263,5601027973060,480.0,Bimbo,"Pão de Forma Integral com Côdea, emb. 480 gr",Embalagem de 480 g,1.79,3.73,0,kg,€/Kg,,,https://driveimg1.intermarche.com/pt/Content/images/boitmal/produit/zoom/D41990E6C0A0B7F82C9AD26E46EBDC0E.jpg,,,,,,,,,2026-01-21T23:59:59Z,PROSPECTUS,14,4
36655,8410436343404,500.0,Sonasol,Spray casa de banho brilhante,Embalagem de 500 ml,1.99,3.98,500,L,€/L,,,https://driveimg1.intermarche.com/pt/Content/images/boitmal/produit/zoom/74C5950FE2E809CF8D1EA09C76858123.jpg,,,,,,,,,2026-01-21T23:59:59Z,PROSPECTUS,14,4
37371,5604260291304,1980.0,Kingsbräu,"Sidra 6x0,33l",,4.29,2.17,1980,L,€/L,,,https://driveimg1.intermarche.com/pt/Content/images/boitmal/produit/zoom/AABE9588B4CF81568A4166205A5B78C7.jpg,,,,,,,,,2026-01-21T23:59:59Z,PROSPECTUS,14,4
37474,7613036724111,40.0,Purina Dentalife,"Snack para Gato Salmão, emb. 40 gr",Embalagem de 40 g,1.64,41.0,0,kg,€/Kg,,,https://driveimg1.intermarche.com/pt/Content/images/boitmal/produit/zoom/129D615911B360505B8FBA3511695C2B.jpg,,,,,,,,,2026-01-21T23:59:59Z,PROSPECTUS,14,4
37603,5601244700005,250.0,Terra Nostra,"Manteiga sem sal terra nostra, embalagem de 250g",,2.29,9.16,0,kg,€/Kg,,,https://driveimg1.intermarche.com/pt/Content/images/boitmal/produit/zoom/317E2CDE181AB3CCD0895012A2A6754F.jpg,,,,,,,,,2026-01-21T23:59:59Z,PROSPECTUS,14,4
37802,5391522472839,750.0,Aptamil,"Leite regular 4, embalagem de 750 g",,10.39,13.85,0,kg,€/Kg,,,https://driveimg1.intermarche.com/pt/Content/images/boitmal/produit/zoom/70425950961725CB7E5908F49498A0D5.jpg,,,,,,,,,2026-01-28T23:59:59Z,PROSPECTUS,14,4
37808,5604260301102,,PorSi,Fraldas Cueca T5 12-18 kg - 20 Unidades,,4.69,4.69,0,,€/Unidade,,,https://driveimg1.intermarche.com/pt/Content/images/boitmal/produit/zoom/4AD0583238D4578F6A92756D29B28A77.jpg,,,,,,,,,2026-01-28T23:59:59Z,PROSPECTUS,14,4
37810,5604260299720,,PorSi,Fraldas Recém-nascido T1 2-5 kg - 24 Unidades,,2.89,2.89,0,,€/Unidade,,,https://driveimg1.intermarche.com/pt/Content/images/boitmal/produit/zoom/3BACA4C444DD35A433708207025647B3.jpg,,,,,,,,,2026-01-28T23:59:59Z,PROSPECTUS,14,4
37813,5604260301072,,PorSi,Fraldas Premium T4 9-15 kg - 50 Unidades,,8.49,8.49,0,,€/Unidade,,,https://driveimg1.intermarche.com/pt/Content/images/boitmal/produit/zoom/FEBDD011751B59D97EB685821C28F832.jpg,,,,,,,,,2026-01-28T23:59:59Z,PROSPECTUS,14,4
38308,8410436341011,150.0,Sonasol,Bloco WC Poder Activo Eucalipto,Embalagem 3 x 50 g,4.39,29.27,0,kg,€/Kg,,,https://driveimg1.intermarche.com/pt/Content/images/boitmal/produit/zoom/82ED9D6125B06B5AB3E7C3747C99F060.jpg,,,,,,,,,2026-01-21T23:59:59Z,PROSPECTUS,14,4
39475,5604321031542,400.0,Cemporcento,"Flocos de aveia + tostados mel, embalagem de 400g",,2.14,5.35,0,kg,€/Kg,,,https://driveimg1.intermarche.com/pt/Content/images/boitmal/produit/zoom/E3BF7450CF21609FC5374A41A736F10C.jpg,,,,,,,,,2026-01-21T23:59:59Z,PROSPECTUS,14,4
39574,5604321035960,50.0,Cemporcento,"Marinheiras chia mini, embalagem de 50g",,0.64,12.8,0,kg,€/Kg,,,https://driveimg1.intermarche.com/pt/Content/images/boitmal/produit/zoom/45C552DFE04BB02E8D74BCA135523455.jpg,,,,,,,,,2026-01-21T23:59:59Z,PROSPECTUS,14,4
39703,5604321032648,400.0,Cemporcento,"Flocos de aveia grossos sem glúten, embalagem de 400g",,1.49,3.73,0,kg,€/Kg,,,https://driveimg1.intermarche.com/pt/Content/images/boitmal/produit/zoom/DA87DA94CF46D15EF3C6356054C87D29.jpg,,,,,,,,,2026-01-21T23:59:59Z,PROSPECTUS,14,4
39864,5604321029167,1000.0,Cemporcento,"Flocos de aveia finos integrais, embalagem de 1 kg",,1.79,1.79,0,kg,€/Kg,,,https://driveimg1.intermarche.com/pt/Content/images/boitmal/produit/zoom/852CF24F72140CDA1898A94481D769FB.jpg,,,,,,,,,2026-01-21T23:59:59Z,PROSPECTUS,14,4
405,8712566410910,275.0,Calvé,"Ketchup Top Down sem Glúten, emb. 275 gr",,1.48,5.38,0,kg,€/Kg,,,https://driveimg1.intermarche.com/pt/Content/images/boitmal/produit/zoom/9E63EED4B27A252289B8979C188F5B40.jpg,https://driveimg1.intermarche.com/pt/Content/images/boitmal/produit/zoom/0D7B165FF00CA45BD8F6AC077E3CA1EC.jpg,https://driveimg1.intermarche.com/pt/Content/images/boitmal/produit/zoom/0D7B165FF00CA45BD8F6AC077E3CA1EC.jpg,https://driveimg1.intermarche.com/pt/Content/images/boitmal/produit/zoom/0D7B165FF00CA45BD8F6AC077E3CA1EC.jpg,,,,,,2026-01-21T23:59:59Z,PROSPECTUS,14,4
40554,5604260302239,300.0,PorSi,Bolacha com Aveia 300g,,0.98,3.27,0,kg,€/Kg,,,https://driveimg1.intermarche.com/pt/Content/images/boitmal/produit/zoom/88BBD84CA0C8FC5C14D480655CF3E457.jpg,,,,,,,,,2026-01-21T23:59:59Z,PROSPECTUS,14,4
40593,5603722519406,480.0,Mimosa,"Iogurte fruta batida morango, 4 x 120 g",,1.69,3.52,0,kg,€/Kg,,,https://driveimg1.intermarche.com/pt/Content/images/boitmal/produit/zoom/41C5135F0F8227064BFED500C982147E.jpg,,,,,,,,,2026-01-21T23:59:59Z,PROSPECTUS,14,4
40594,5603722519468,480.0,Mimosa,"Iogurte fruta batida banana e morango, 4 x 120 g",,1.69,3.52,0,kg,€/Kg,,,https://driveimg1.intermarche.com/pt/Content/images/boitmal/produit/zoom/783BF0B8040C15143355DB1E8A912AD4.jpg,,,,,,,,,2026-01-21T23:59:59Z,PROSPECTUS,14,4
41041,8001480703001,700.0,Neoblanc,Tira nódoas em spray cores,Embalagem de 700 ml,1.99,2.84,700,L,€/L,,,https://driveimg1.intermarche.com/pt/Content/images/boitmal/produit/zoom/1B7BCC034AAC45310DFFCE9E289F80C7.jpg,,,,,,,,,2026-01-21T23:59:59Z,PROSPECTUS,14,4
41115,8712000310011,330.0,Heineken,"Cerveja sem Álcool, emb. 33 cl",,0.99,3.0,330,L,€/L,,,https://driveimg1.intermarche.com/pt/Content/images/boitmal/produit/zoom/9E28EF00D416D58210C445A87E80C40B.jpg,,,,,,,,,2026-01-21T23:59:59Z,PROSPECTUS,14,4
41120,5029053562858,,Scottex,"Papel Higiénico Húmido Sensitive, embalagem com 66 unidades",,1.97,1.97,0,,€/Unidade,,,https://driveimg1.intermarche.com/pt/Content/images/boitmal/produit/zoom/1F2495DD190EA1A2FC8B6E8523F8FD24.jpg,,,,,,,,,2026-01-21T23:59:59Z,PROSPECTUS,14,4
41303,5601043119022,500.0,Espiga,"Sêmola de milho espiga, embalagem de 500g",,0.94,1.88,0,kg,€/Kg,,,https://driveimg1.intermarche.com/pt/Content/images/boitmal/produit/zoom/D53389E1B59935D4657E1A660C385FB5.jpg,,,,,,,,,2026-01-21T23:59:59Z,PROSPECTUS,14,4
41310,8410376059397,180.0,Gullón,"Wafer chocolate diet nature, 180g",,1.54,8.56,0,kg,€/Kg,,,https://driveimg1.intermarche.com/pt/Content/images/boitmal/produit/zoom/7D6CE4DE7C3A7F8739DDA42A2A955B74.jpg,,,,,,,,,2026-01-21T23:59:59Z,PROSPECTUS,14,4
41869,5604260306633,200.0,PorSi,Chouriço Negro do Ribatejo 200g,,2.95,14.75,0,kg,€/Kg,,,https://driveimg1.intermarche.com/pt/Content/images/boitmal/produit/zoom/B6A1209140315D16571D5F9757D19FCD.jpg,,,,,,,,,2026-01-21T23:59:59Z,PROSPECTUS,14,4
41901,7613037677591,250.0,Cerelac,"Papa Infantil Farinha Láctea com 40% Menos Açúcares +6M,  emb. 250 gr",,2.24,8.96,0,kg,€/Kg,,,https://driveimg1.intermarche.com/pt/Content/images/boitmal/produit/zoom/029375962274AEB82420915E9195E54A.jpg,,,,,,,,,2026-01-28T23:59:59Z,PROSPECTUS,14,4
42146,5604260304363,2000.0,PorSi Select,Alimento Seco Gato Pro Interior 2kg,,5.39,2.7,0,kg,€/Kg,,,https://driveimg1.intermarche.com/pt/Content/images/boitmal/produit/zoom/5C1E77C66BE03B927EC3C6A958E696BC.jpg,,,,,,,,,2026-01-21T23:59:59Z,PROSPECTUS,14,4
42518,8001841677194,,Dodot,Fralda cueca T5 | 12 a 17 kg,Embalagem com 30 unidades,8.39,8.39,0,,€/Unidade,,,https://driveimg1.intermarche.com/pt/Content/images/boitmal/produit/zoom/CD52966267B9BDE508D8314F6FB7A801.jpg,,,,,,,,,2026-01-28T23:59:59Z,PROSPECTUS,14,4
43027,5604260309948,2000.0,PorSi,Amaciador Concentrado Aloé Vera 2l,,1.79,0.9,2000,L,€/L,,,https://driveimg1.intermarche.com/pt/Content/images/boitmal/produit/zoom/38E5CB2D2FE9DD479CEF7F7C95214B28.jpg,https://driveimg1.intermarche.com/pt/Content/images/boitmal/produit/zoom/8F5D9E9881CF7344832E8C38BDD4AAAF.jpg,https://driveimg1.intermarche.com/pt/Content/images/boitmal/produit/zoom/8F5D9E9881CF7344832E8C38BDD4AAAF.jpg,https://driveimg1.intermarche.com/pt/Content/images/boitmal/produit/zoom/8F5D9E9881CF7344832E8C38BDD4AAAF.jpg,,,,,,2026-01-21T23:59:59Z,PROSPECTUS,14,4
43214,5603722519796,400.0,Castelões,"Queijo curado fatias, embalagem de 2 x 200g",,3.99,9.98,0,kg,€/Kg,,,https://driveimg1.intermarche.com/pt/Content/images/boitmal/produit/zoom/649D651B4B5791A6D75ADB6F634902EB.jpg,,,,,,,,,2026-01-21T23:59:59Z,PROSPECTUS,14,4
43335,5604260309023,150.0,PorSi Select,Presunto 12 Meses de Cura Fatiado 150g,,2.99,19.93,0,kg,€/Kg,,,https://driveimg1.intermarche.com/pt/Content/images/boitmal/produit/zoom/13A8C5BB3E295978FBA7F7AF1315C7F7.jpg,,,,,,,,,2026-01-21T23:59:59Z,PROSPECTUS,14,4
43541,5604260309955,2000.0,PorSi,Amaciador Concentrado Floral 2l,,1.79,0.9,2000,L,€/L,,,https://driveimg1.intermarche.com/pt/Content/images/boitmal/produit/zoom/051755203CB0DF5DAB3A4311EAE749EB.jpg,,,,,,,,,2026-01-21T23:59:59Z,PROSPECTUS,14,4
43542,5604260309962,2000.0,PorSi,Amaciador Concentrado Jojoba 2l,,1.79,0.9,2000,L,€/L,,,https://driveimg1.intermarche.com/pt/Content/images/boitmal/produit/zoom/6B2C0ED9EBB7028DFF63C98BA2CD7526.jpg,,,,,,,,,2026-01-21T23:59:59Z,PROSPECTUS,14,4
43543,5604260309931,2000.0,PorSi,Amaciador Concentrado Alfazema 2l,,1.79,0.9,2000,L,€/L,,,https://driveimg1.intermarche.com/pt/Content/images/boitmal/produit/zoom/F8E88AC1CB7816A8CC2A3C634DC21E96.jpg,,,,,,,,,2026-01-21T23:59:59Z,PROSPECTUS,14,4
44240,8410500010539,1200.0,Danone,"Iogurte líquido de morango kids, pack 12 x 100 g",,5.19,4.33,0,kg,€/Kg,,,https://driveimg1.intermarche.com/pt/Content/images/boitmal/produit/zoom/675F0D6784FF916C81A6BE90AA600C99.jpg,,,,,,,,,2026-01-21T23:59:59Z,PROSPECTUS,14,4
44715,5600961109672,250.0,Prozis,"Manteiga Amendoim Cremosa, emb. 250 gr",,2.49,9.96,0,kg,€/Kg,,,https://driveimg1.intermarche.com/pt/Content/images/boitmal/produit/zoom/3CEEBB25BE3616DCE7F29C8CA9E9FCD3.jpg,,,,,,,,,2026-01-21T23:59:59Z,PROSPECTUS,14,4
44716,5600961109689,250.0,Prozis,"Manteiga de Amendoim Crocante, emb. 250 gr",,2.49,9.96,0,kg,€/Kg,,,https://driveimg1.intermarche.com/pt/Content/images/boitmal/produit/zoom/E30480D83856A991B8DDEB5DD0E60694.jpg,,,,,,,,,2026-01-21T23:59:59Z,PROSPECTUS,14,4
44787,5603722514753,480.0,Mimosa,"Iogurte sólido sem lactose natural açucarado, 4 x 125 g",,1.99,4.15,0,kg,€/Kg,,,https://driveimg1.intermarche.com/pt/Content/images/boitmal/produit/zoom/35984C618EBE70735004241676F2F775.jpg,,,,,,,,,2026-01-28T23:59:59Z,PROSPECTUS,14,4
44790,5603722514814,480.0,Mimosa,"Iogurte natural magro sem lactose, 4x 120 g",,2.09,4.35,0,kg,€/Kg,,,https://driveimg1.intermarche.com/pt/Content/images/boitmal/produit/zoom/D1DEE94D62787E06ADE38007ABAC33FC.jpg,,,,,,,,,2026-01-21T23:59:59Z,PROSPECTUS,14,4
44857,3041094687286,400.0,Blédina,"Cenouras com peru +6 meses, embalagem de 2 x 200g",,2.69,6.73,0,kg,€/Kg,,,https://driveimg1.intermarche.com/pt/Content/images/boitmal/produit/zoom/4316FE217C6C4B4BD82888A4C4689F54.jpg,,,,,,,,,2026-01-28T23:59:59Z,PROSPECTUS,14,4
44933,7613287343758,,Nescafé,"Ndg café espresso intenso 16 capsulas, embalagem de 112g",,5.59,5.59,16,,€/Unidade,,,https://driveimg1.intermarche.com/pt/Content/images/boitmal/produit/zoom/1B8D48DC222AD13301B58C2D365D1671.jpg,,,,,,,,,2026-01-21T23:59:59Z,PROSPECTUS,14,4
44990,7322541026848,,Colhogar,"Rolo cozinha triplo paratodo xxl, 2 rolos",,3.15,3.15,2,,€/Unidade,,,https://driveimg1.intermarche.com/pt/Content/images/boitmal/produit/zoom/8FDCE08A4591FE3B7ED1470A3BFC95DE.jpg,https://driveimg1.intermarche.com/pt/Content/images/boitmal/produit/zoom/C0523DA287F000A0A0D47F7715761EF1.jpg,https://driveimg1.intermarche.com/pt/Content/images/boitmal/produit/zoom/00CCE92DD365B3521D99822EE05843F6.jpg,https://driveimg1.intermarche.com/pt/Content/images/boitmal/produit/zoom/84BF7FED7C9DAABDB7EDEF8139881B32.jpg,,,,,,2026-01-21T23:59:59Z,PROSPECTUS,14,4
45233,5029053550039,,Huggies,"Toalhitas de bebé pure, 56 un.",,1.48,1.48,0,,€/Unidade,,,https://driveimg1.intermarche.com/pt/Content/images/boitmal/produit/zoom/09F832DD7F20F6F7A524F7A20085B262.jpg,,,,,,,,,2026-01-28T23:59:59Z,PROSPECTUS,14,4
45636,5604260314010,200.0,PorSi,Pepinos em Vinagre 360g,,1.77,8.85,0,kg,€/Kg,,,https://driveimg1.intermarche.com/pt/Content/images/boitmal/produit/zoom/5A5E9CC68A8DC961757B5B35273F1FD2.jpg,,,,,,,,,2026-01-21T23:59:59Z,PROSPECTUS,14,4
45773,5054563087829,75.0,Aquafresh,"Pasta dentífrica eucalipto, lima e menta",Embalagem de 75ml,1.84,24.53,75,L,€/L,,,https://driveimg1.intermarche.com/pt/Content/images/boitmal/produit/zoom/1F94A046F2A6C727F7B6BE2D468B428F.jpg,,,,,,,,,2026-01-21T23:59:59Z,PROSPECTUS,14,4
45792,8410436364126,100.0,Sonasol,Bloco Sanitário de Lavanda Purple Activ+,Embalagem de 2x50 g,2.99,29.9,0,kg,€/Kg,,,https://driveimg1.intermarche.com/pt/Content/images/boitmal/produit/zoom/CDFBFE72C729E6453EBA620A1EF2BFD6.jpg,,,,,,,,,2026-01-21T23:59:59Z,PROSPECTUS,14,4
46160,3041091718099,380.0,Blédina,"Frutapura maçã, 4 x 95 g",,2.04,5.37,0,kg,€/Kg,,,https://driveimg1.intermarche.com/pt/Content/images/boitmal/produit/zoom/5C43002A609BBE6FE41D63C7A58FC0F4.jpg,,,,,,,,,2026-01-28T23:59:59Z,PROSPECTUS,14,4
46185,5601050037203,440.0,Danone,"Iogurte oikos coco, embalagem de 4 x 110g",,1.99,4.52,0,kg,€/Kg,,,https://driveimg1.intermarche.com/pt/Content/images/boitmal/produit/zoom/61327B54ADC5403B46177C1EF4A095FB.jpg,,,,,,,,,2026-01-21T23:59:59Z,PROSPECTUS,14,4
46306,5604260315000,500.0,PorSi,Brócolos e Couve-flor 500 G,,1.85,3.7,0,kg,€/Kg,,,https://driveimg1.intermarche.com/pt/Content/images/boitmal/produit/zoom/8BF64E2ECC315D44185369B07B7A343C.jpg,,,,,,,,,2026-01-21T23:59:59Z,PROSPECTUS,14,4
46503,8001841144870,,Dodot,Fraldas Sensitive | Tamanho 4 - 9 a 14 kg,Embalagem c/ 44 unidades,15.75,15.75,0,,€/Unidade,,,https://driveimg1.intermarche.com/pt/Content/images/boitmal/produit/zoom/C29302C02E4EDD5019B7FE62D421A5A7.jpg,,,,,,,,,2026-01-28T23:59:59Z,PROSPECTUS,14,4
46885,5054563087195,75.0,Aquafresh,Dentifríco splash morango,Embalagem de 75 ml,2.59,34.53,75,L,€/L,,,https://driveimg1.intermarche.com/pt/Content/images/boitmal/produit/zoom/985DB91A7EDE55C6A3C98F1B8981BB9B.jpg,,,,,,,,,2026-01-21T23:59:59Z,PROSPECTUS,14,4
46886,8006540286999,,Dodot,Fraldas Activity Extra T6 |+14 kg,44 Unidades,15.99,15.99,0,,€/Unidade,,,https://driveimg1.intermarche.com/pt/Content/images/boitmal/produit/zoom/2D0CA062C4FE6F575DB7E6378E708727.jpg,,,,,,,,,2026-01-28T23:59:59Z,PROSPECTUS,14,4
