identifier,produitEan13,capacite,marque,libelle,conditionnement,prix,unitPrice,volume,typeProduit_uniteByCode,unit_value,pictogrammes_0,pictogrammes_libelleCategorie,images_0,images_1,images_2,images_3,images_4,images_5,images_6,avantages_dateFin,avantages_categorie,nro_paginas,page
14921,2892534000000,400.0,Legumes,Couve Bróculo,Vendido ao peso,0.8,1.99,0,,€/Kg,,,https://driveimg1.intermarche.com/pt/Content/images/boitmal/produit/zoom/4F48873F332B6ECE759CD88793270811.jpg,,,,,,,2025-03-12T23:59:59.999999999Z,PROSPECTUS,13,1
12994,2892524000000,100.0,Legumes,Cenoura Granel,1 un = 100 gr (aprox.),0.09,0.85,0,,€/Kg,,,https://driveimg1.intermarche.com/pt/Content/images/boitmal/produit/zoom/5AEDEF3ED6ABEF24EACEE9C46AA7916F.jpg,,,,,,,2025-03-12T23:59:59.999999999Z,PROSPECTUS,13,1
13866,2891048000000,1000.0,Porco,Bifanas,Vendido ao peso a partir de 1 kg,3.99,3.99,0,,€/Kg,,,https://driveimg1.intermarche.com/pt/Content/images/boitmal/produit/zoom/72DE0DA6B485199AC995C629E3E4D279.jpg,,,,,,,2025-03-12T23:59:59.999999999Z,PROSPECTUS,13,1
40976,5604172000353,5000.0,Monchique,"Água mineral natural alcalina, garrafão de 5 l",,1.47,0.29,5000,L,€/L,,,https://driveimg1.intermarche.com/pt/Content/images/boitmal/produit/zoom/2BACA310CD77083BBEB3152C5063FFEE.jpg,,,,,,,2025-03-12T23:59:59.999999999Z,PROSPECTUS,13,1
13818,2892584000000,250.0,Legumes,Pimento Vermelho,1 un=250 gr (aprox.),0.62,2.49,0,,€/Kg,,,https://driveimg1.intermarche.com/pt/Content/images/boitmal/produit/zoom/F76C07448A59E6639379639A64EE2C63.jpg,,,,,,,2025-03-12T23:59:59.999999999Z,PROSPECTUS,13,1
13893,2891043000000,1000.0,Porco,Entrecosto,Vendido ao peso a partir de 1 kg,4.99,4.99,0,,€/Kg,,,https://driveimg1.intermarche.com/pt/Content/images/boitmal/produit/zoom/AA05EE99D302D59771FCC108473E0700.jpg,,,,,,,2025-03-12T23:59:59.999999999Z,PROSPECTUS,13,1
13954,2891192000000,500.0,Porco,Tiras da Costela/Piano,1 un = 500 gr (aprox.),3.0,5.99,0,,€/Kg,,,https://driveimg1.intermarche.com/pt/Content/images/boitmal/produit/zoom/7D0B09E93398DFB0B31D06D5AFBD6B99.jpg,,,,,,,2025-03-12T23:59:59.999999999Z,PROSPECTUS,13,1
11967,5601049612336,250.0,Mimosa,"Manteiga com sal, embalagem de 250g",,2.14,8.56,0,kg,€/Kg,,,https://driveimg1.intermarche.com/pt/Content/images/boitmal/produit/zoom/2C2D066D904F137421CA4F472DC07738.jpg,https://driveimg1.intermarche.com/pt/Content/images/boitmal/produit/zoom/B59AE74FD0DBE6C3112F001AFF69E867.jpg,https://driveimg1.intermarche.com/pt/Content/images/boitmal/produit/zoom/BB9196C3025886DBB6F20EDD70A1CA7A.jpg,,,,,2025-03-12T23:59:59.999999999Z,PROSPECTUS,13,1
13934,2891062000000,250.0,Porco,Rojões,1 un = 250 gr  (aprox.),1.0,3.99,0,,€/Kg,,,https://driveimg1.intermarche.com/pt/Content/images/boitmal/produit/zoom/925F2FDC1F925A7FD71EE6165315B22E.jpg,,,,,,,2025-03-12T23:59:59.999999999Z,PROSPECTUS,13,1
14882,2891118000000,1600.0,Frango,Frango Inteiro Grande,1 un = 1.6 kg (aprox.),3.66,2.29,0,,€/Kg,,,https://driveimg1.intermarche.com/pt/Content/images/boitmal/produit/zoom/3581EC31F0B1F288A68020FE172EC513.jpg,,,,,,,2025-03-12T23:59:59.999999999Z,PROSPECTUS,13,1
41876,5604172000520,9000.0,Monchique,"Água mineral natural, 6 x 1.5l",,3.89,0.43,9000,L,€/L,,,https://driveimg1.intermarche.com/pt/Content/images/boitmal/produit/zoom/D804156A7441EC8EE6CE6F8CBAF1941E.jpg,,,,,,,2025-03-12T23:59:59.999999999Z,PROSPECTUS,13,1
13833,2892579000000,300.0,Legumes,Pepino,1 un = 300 gr  (aprox.),0.48,1.59,0,,€/Kg,,,https://driveimg1.intermarche.com/pt/Content/images/boitmal/produit/zoom/BD2734BFC4704D52A466FC85B929304E.jpg,,,,,,,2025-03-12T23:59:59.999999999Z,PROSPECTUS,13,1
17207,8006540943687,1800.0,Fairy,Detergente manual de loiça limão,Embalagem de 2 x 900 ml,6.99,3.88,1800,L,€/L,,,https://driveimg1.intermarche.com/pt/Content/images/boitmal/produit/zoom/B2EE328B1B3FB1BA0162E77ED87C40E9.jpg,,,,,,,2025-03-12T23:59:59.999999999Z,PROSPECTUS,13,1
2255,5604260267903,500.0,PorSi,"Massa fettuccine, embalagem de 500g",,1.29,2.58,0,kg,€/Kg,,,https://driveimg1.intermarche.com/pt/Content/images/boitmal/produit/zoom/18407BCA8571F0FADB3A4F41B971F2FA.jpg,,,,,,,2025-03-12T23:59:59.999999999Z,PROSPECTUS,13,1
24920,5604260281848,500.0,PorSi,Massas alimentícias laços,Embalagem de 500g,0.99,1.98,0,kg,€/Kg,,,https://driveimg1.intermarche.com/pt/Content/images/boitmal/produit/zoom/C1693538ACC0B37B44EA7A19996490A3.jpg,,,,,,,2025-03-12T23:59:59.999999999Z,PROSPECTUS,13,1
11469,5601028016681,,Renova,"Papel higiénico compacto, folha dupla",4 = 12 rolos,2.49,2.49,0,,€/Unidade,,,https://driveimg1.intermarche.com/pt/Content/images/boitmal/produit/zoom/833BBD2F004421BEB7D3758CD6F84330.jpg,https://driveimg1.intermarche.com/pt/Content/images/boitmal/produit/zoom/5256AFB114E96932DA597D5372942F20.jpg,https://driveimg1.intermarche.com/pt/Content/images/boitmal/produit/zoom/0AC1E0BF4245ABCA66BD5F1E70264BC6.jpg,,,,,2025-03-12T23:59:59.999999999Z,PROSPECTUS,13,1
13821,2892597000000,200.0,Legumes,Tomate Cacho,1 un = 200 gr (aprox.),0.36,1.79,0,,€/Kg,,,https://driveimg1.intermarche.com/pt/Content/images/boitmal/produit/zoom/FD67F77AFAB450B6A4FA38E0279E6686.jpg,,,,,,,2025-03-12T23:59:59.999999999Z,PROSPECTUS,13,1
23277,5604260281268,150.0,PorSi,Salada aromática origens,embalagem de 150 g,1.39,9.27,0,kg,€/Kg,,,https://driveimg1.intermarche.com/pt/Content/images/boitmal/produit/zoom/C822174AC715DAAEACE1CDBB865D9449.jpg,,,,,,,2025-03-12T23:59:59.999999999Z,PROSPECTUS,13,1
31516,8435257039107,1280.0,Nestlé,"Yoggi liquido morango, embalagem de 8x160g",,3.89,3.04,0,kg,€/Kg,,,https://driveimg1.intermarche.com/pt/Content/images/boitmal/produit/zoom/919C3780A665F064AD1803A3631A5911.jpg,,,,,,,2025-03-12T23:59:59.999999999Z,PROSPECTUS,13,1
40383,2696845000000,500.0,Padaria,Pão forma de Rio Maior,500 g,1.4,2.8,0,kg,€/Kg,,,https://driveimg1.intermarche.com/pt/Content/images/boitmal/produit/zoom/17337BA5BC6BED0E351797EFE70D6ACA.jpg,,,,,,,2025-03-12T23:59:59.999999999Z,PROSPECTUS,13,1
42147,5604260308996,300.0,PorSi,Bolachas digestive chocolate,Embalagem de 300g,1.69,5.63,0,kg,€/Kg,,,https://driveimg1.intermarche.com/pt/Content/images/boitmal/produit/zoom/4A4068CC0C2DB3223627807AC60DB0FC.jpg,,,,,,,2025-03-12T23:59:59.999999999Z,PROSPECTUS,13,1
42776,5604260304714,200.0,PorSi,Fiambre da pá fatiado,200 g,1.59,7.95,0,kg,€/Kg,,,https://driveimg1.intermarche.com/pt/Content/images/boitmal/produit/zoom/8A131F94BE57C970A8C2BBD2F93B5A56.jpg,https://driveimg1.intermarche.com/pt/Content/images/boitmal/produit/zoom/4BF6C4B7F27D2FA729AB427C5AFC4D32.jpg,https://driveimg1.intermarche.com/pt/Content/images/boitmal/produit/zoom/4BF6C4B7F27D2FA729AB427C5AFC4D32.jpg,https://driveimg1.intermarche.com/pt/Content/images/boitmal/produit/zoom/4BF6C4B7F27D2FA729AB427C5AFC4D32.jpg,https://driveimg1.intermarche.com/pt/Content/images/boitmal/produit/zoom/4BF6C4B7F27D2FA729AB427C5AFC4D32.jpg,https://driveimg1.intermarche.com/pt/Content/images/boitmal/produit/zoom/4BF6C4B7F27D2FA729AB427C5AFC4D32.jpg,https://driveimg1.intermarche.com/pt/Content/images/boitmal/produit/zoom/4BF6C4B7F27D2FA729AB427C5AFC4D32.jpg,2025-03-12T23:59:59.999999999Z,PROSPECTUS,13,1
5096,5601050026429,300.0,Danonino Danone,"Queijinho danonino petitdino de morango/banana, embalagem de 6 x 50g",,1.99,6.63,0,kg,€/Kg,,,https://driveimg1.intermarche.com/pt/Content/images/boitmal/produit/zoom/FA8D1A9125B498992C62B9745CC5DD3D.jpg,,,,,,,2025-03-12T23:59:59.999999999Z,PROSPECTUS,13,1
14698,7613034570512,90.0,Nestlé,"Fruta para bebé 4 frutas +4 meses, embalagem de 90g",,0.63,7.0,0,kg,€/Kg,,,https://driveimg1.intermarche.com/pt/Content/images/boitmal/produit/zoom/3717C2AF583A80AD83A765BB8032F767.jpg,,,,,,,2025-03-12T23:59:59.999999999Z,PROSPECTUS,13,1
14847,2892476000000,100.0,Programa Origens,Alho Seco,Vendido a partir de 100 gr,0.57,5.69,0,,€/Kg,,,https://driveimg1.intermarche.com/pt/Content/images/boitmal/produit/zoom/CFA3B1E723D71FB9BFAE5D5B250C3BB3.jpg,,,,,,,2025-03-12T23:59:59.999999999Z,PROSPECTUS,13,1
17189,5603344531107,110.0,General,"Atum em posta, em azeite, embalagem de 110g",,1.49,13.55,0,kg,€/Kg,,,https://driveimg1.intermarche.com/pt/Content/images/boitmal/produit/zoom/9B578FD57DAE66EA731A200412CF6D79.jpg,,,,,,,2025-03-12T23:59:59.999999999Z,PROSPECTUS,13,1
18595,8410500016012,400.0,Danonino Danone,"Iogurte líquido danonino morango, embalagem de 4 x 100g",,1.99,4.98,0,kg,€/Kg,,,https://driveimg1.intermarche.com/pt/Content/images/boitmal/produit/zoom/00E1EF11C0C6DBF4F5207E20D5392DA2.jpg,,,,,,,2025-03-12T23:59:59.999999999Z,PROSPECTUS,13,1
44159,5604260282791,2000.0,PorSi,Laranja Programa Origens | categoria II,embalagem de 2 kg,1.99,1.0,0,kg,€/Kg,,,https://driveimg1.intermarche.com/pt/Content/images/boitmal/produit/zoom/A5F43CE8523CB5F096F6D4FFFFA358EE.jpg,,,,,,,2025-03-12T23:59:59.999999999Z,PROSPECTUS,13,1
974,5601024105051,3000.0,Fula,Óleo alimentar,Embalagem 3L,5.85,1.95,3000,L,€/L,,,https://driveimg1.intermarche.com/pt/Content/images/boitmal/produit/zoom/D641E1D4A518E21E0D8C212FCA92F32A.jpg,,,,,,,2025-03-12T23:59:59.999999999Z,PROSPECTUS,13,1
10095,8435257040899,640.0,Nestlé,"Iogurte líquido yoggi morango, embalagem de 4 x 160g",,1.99,3.11,0,kg,€/Kg,,,https://driveimg1.intermarche.com/pt/Content/images/boitmal/produit/zoom/BCBB1C4518CDF8045B46EB41CD173E54.jpg,,,,,,,2025-03-12T23:59:59.999999999Z,PROSPECTUS,13,1
11501,5601049612084,125.0,Mimosa,"Manteiga com sal, embalagem de 130g",,1.34,10.72,0,kg,€/Kg,,,https://driveimg1.intermarche.com/pt/Content/images/boitmal/produit/zoom/C0A3DF0B7623AAEE8B7C1B9626AECDDA.jpg,https://driveimg1.intermarche.com/pt/Content/images/boitmal/produit/zoom/1207D37BB442FDD5C918BE023189F00C.jpg,,,,,,2025-03-12T23:59:59.999999999Z,PROSPECTUS,13,1
1302,5601151700754,845.0,Compal,"Grão de bico, lata de 850g",,1.74,2.06,0,kg,€/Kg,,,https://driveimg1.intermarche.com/pt/Content/images/boitmal/produit/zoom/DA244D258ED9A9EF750825CAFFB70E24.jpg,,,,,,,2025-03-12T23:59:59.999999999Z,PROSPECTUS,13,1
13048,2893561000000,250.0,Marisco,Ameijoa Branca Vietnamita Congelada,Vendido a partir de 250 gr  (aprox.),0.5,1.99,0,,€/Kg,,Avantages !,https://driveimg1.intermarche.com/pt/Content/images/boitmal/produit/zoom/EB1BC296FF41180E6F3E1626AD4F78AA.jpg,,,,,,,2025-03-12T23:59:59.999999999Z,PROSPECTUS,13,1
13625,2893620000000,300.0,Peixaria,Salmão de viveiro à posta,1 un. = 300 g (aprox.),3.6,11.99,0,,€/Kg,,,https://driveimg1.intermarche.com/pt/Content/images/boitmal/produit/zoom/A170DAF9DE78983CFA7E8DD1EFE6A371.jpg,,,,,,,2025-03-12T23:59:59.999999999Z,PROSPECTUS,13,1
14858,2696002000000,250.0,PorSi,Baguete,250 g,0.44,1.76,0,kg,€/Kg,,,https://driveimg1.intermarche.com/pt/Content/images/boitmal/produit/zoom/E4FC9EECB7B8225F27BCA96C630D54A7.jpg,,,,,,,2025-03-12T23:59:59.999999999Z,PROSPECTUS,13,1
15059,2892578000000,200.0,Legumes,Nabo Roxo sem Rama,1 un = 200 gr (aprox.),0.36,1.79,0,,€/Kg,,,https://driveimg1.intermarche.com/pt/Content/images/boitmal/produit/zoom/EECF99CF1D26FD88C91EC2A5B22EA3C8.jpg,,,,,,,2025-03-12T23:59:59.999999999Z,PROSPECTUS,13,1
21766,7613035487840,90.0,Nestlé,Fruta para bebé banana laranja bolacha +6 meses,Embalagem de 90g,0.63,7.0,0,kg,€/Kg,,,https://driveimg1.intermarche.com/pt/Content/images/boitmal/produit/zoom/A8104E7B3738DD14CEF192706B16EFC4.jpg,,,,,,,2025-03-12T23:59:59.999999999Z,PROSPECTUS,13,1
21767,7613035487871,90.0,Nestlé,"Fruta para bebé multifrutas +4 meses, embalagem de 90g",,0.63,7.0,0,kg,€/Kg,,,https://driveimg1.intermarche.com/pt/Content/images/boitmal/produit/zoom/1B1A7DCEC52C23E2760C4FE3A24A75EE.jpg,,,,,,,2025-03-12T23:59:59.999999999Z,PROSPECTUS,13,1
23469,8410500020453,280.0,Danone,"Danonino para levar, polpa de morango, embalagem de 4 x 70 g",,2.14,7.64,0,kg,€/Kg,,,https://driveimg1.intermarche.com/pt/Content/images/boitmal/produit/zoom/3E7A122EA567C89446D113FF66BFA0AE.jpg,,,,,,,2025-03-12T23:59:59.999999999Z,PROSPECTUS,13,1
23524,5000204922851,750.0,Pato,"Líquido sanitário extra power, marinho, 750 ml",,1.69,2.25,750,L,€/L,,,https://driveimg1.intermarche.com/pt/Content/images/boitmal/produit/zoom/60268FF4016AF8FBA52DB6A9A88D181B.jpg,,,,,,,2025-03-12T23:59:59.999999999Z,PROSPECTUS,13,1
250,2892150000000,300.0,Fruta,Abacate,1 un. = 300 g (aprox.),1.05,3.49,0,,€/Kg,,,https://driveimg1.intermarche.com/pt/Content/images/boitmal/produit/zoom/E9095394002D145B7F2ABE932415A1F1.jpg,,,,,,,2025-03-12T23:59:59.999999999Z,PROSPECTUS,13,1
29899,2696008000000,,Padaria,Bola Rústica,85 g,0.27,0.27,0,,€/Unidade,,,https://driveimg1.intermarche.com/pt/Content/images/boitmal/produit/zoom/06C705452DA793A390CC49C0690F6BDD.jpg,,,,,,,2025-03-12T23:59:59.999999999Z,PROSPECTUS,13,1
35138,5603722517655,960.0,Mimosa,"Iogurte sólido aroma morango, ananás e banana, 8 x 120 g",,1.97,2.05,0,kg,€/Kg,,,https://driveimg1.intermarche.com/pt/Content/images/boitmal/produit/zoom/7070B93AC2DB23DCF61734D801E40E6D.jpg,,,,,,,2025-03-12T23:59:59.999999999Z,PROSPECTUS,13,1
36170,5604260295654,1000.0,PorSi,Batata pré-frita palito,Embalagem de 1 kg,1.99,1.99,0,kg,€/Kg,,Tipo de stockagem,https://driveimg1.intermarche.com/pt/Content/images/boitmal/produit/zoom/CF4C3E7B4CE8656CEB5876B96DD4C997.jpg,,,,,,,2025-03-12T23:59:59.999999999Z,PROSPECTUS,13,1
37443,7613037040869,250.0,Nestum,"Nestum zero espelta/aveia, embalagem de 250g",,2.14,8.56,0,kg,€/Kg,,,https://driveimg1.intermarche.com/pt/Content/images/boitmal/produit/zoom/BF80E2BF1A95765256612BEC5A65D8DD.jpg,,,,,,,2025-03-12T23:59:59.999999999Z,PROSPECTUS,13,1
41622,5604260304585,5000.0,PorSi,Areia para gatos mineral perfumada,Embalagem de 5 kg,1.79,0.36,0,kg,€/Kg,,,https://driveimg1.intermarche.com/pt/Content/images/boitmal/produit/zoom/471523428A34BCB5DDD5150968022974.jpg,,,,,,,2025-03-19T23:59:59.999999999Z,PROSPECTUS,13,1
4687,5000116105212,375.0,Iglo,"Ervilhas, embalagem de 375g",,1.89,5.04,0,kg,€/Kg,,Tipo de stockagem,https://driveimg1.intermarche.com/pt/Content/images/boitmal/produit/zoom/6C528FEBBEDC5462386A3AB117EEBFD4.jpg,,,,,,,2025-03-12T23:59:59.999999999Z,PROSPECTUS,13,1
49460,7613287300362,99.0,Nescafé,Café Buondi Intensidade 8,16 cápsulas,5.99,60.51,0,kg,€/Kg,,,https://driveimg1.intermarche.com/pt/Content/images/boitmal/produit/zoom/E4BCDB4A1998B45DA9767B093A961A1E.jpg,,,,,,,2025-03-12T23:59:59.999999999Z,PROSPECTUS,13,1
50377,8445290351357,,Nescafé,"Dolce gusto sical espresso cafés 99.2 g, embalagem de 16 unidades",,5.99,5.99,16,,€/Unidade,,,https://driveimg1.intermarche.com/pt/Content/images/boitmal/produit/zoom/44FD43160B41B883D60D056B524E6B93.jpg,,,,,,,2025-03-12T23:59:59.999999999Z,PROSPECTUS,13,1
50630,5603722521461,1208.0,Mimosa,"Iogurte magro liquido de ananas e manga, 8x151ml",,2.99,2.48,1208,L,€/L,,,https://driveimg1.intermarche.com/pt/Content/images/boitmal/produit/zoom/391469C60827762112BDD90CD5A7ACC1.jpg,,,,,,,2025-03-12T23:59:59.999999999Z,PROSPECTUS,13,1
5093,5601050033755,620.0,Danone,"Iogurte activia líquido 0% morango/kiwi, embalagem de 4 x 155 g",,1.99,3.21,0,kg,€/Kg,,,https://driveimg1.intermarche.com/pt/Content/images/boitmal/produit/zoom/29B41AE598716D0550D815AA0FE86025.jpg,,,,,,,2025-03-12T23:59:59.999999999Z,PROSPECTUS,13,1
53208,8719200268647,1000.0,Vaqueiro,"Creme vegetal culinária clássico, 1 kg",,2.99,2.99,0,kg,€/Kg,,,https://driveimg1.intermarche.com/pt/Content/images/boitmal/produit/zoom/0735A691FAA77E120C1E24086E19EA16.jpg,https://driveimg1.intermarche.com/pt/Content/images/boitmal/produit/zoom/DD9C237337ADB2608A1427FA94442244.jpg,https://driveimg1.intermarche.com/pt/Content/images/boitmal/produit/zoom/DD9C237337ADB2608A1427FA94442244.jpg,https://driveimg1.intermarche.com/pt/Content/images/boitmal/produit/zoom/DD9C237337ADB2608A1427FA94442244.jpg,,,,2025-03-12T23:59:59.999999999Z,PROSPECTUS,13,1
8391,5601049159992,1000.0,Mimosa,"Leite especial cálcio + vitamina d magro, de 1l",,0.98,0.98,1000,L,€/L,,,https://driveimg1.intermarche.com/pt/Content/images/boitmal/produit/zoom/22E6964D6A2F2B922BCB40BB341AE902.jpg,,,,,,,2025-03-12T23:59:59.999999999Z,PROSPECTUS,13,1
8996,5601511000357,200.0,Limiano,"Queijo em fatias -50% gordura, 200g",,2.09,10.45,0,kg,€/Kg,,,https://driveimg1.intermarche.com/pt/Content/images/boitmal/produit/zoom/A591F05910C9B1AB237E85F7BB193BB0.jpg,,,,,,,2025-03-12T23:59:59.999999999Z,PROSPECTUS,13,1
929,5601001187803,625.0,Nestlé,"Cereais chocapic, 625 g",,3.49,5.58,0,kg,€/Kg,,,https://driveimg1.intermarche.com/pt/Content/images/boitmal/produit/zoom/8DB31C1F3066D48D593AE11B75516670.jpg,,,,,,,2025-03-12T23:59:59.999999999Z,PROSPECTUS,13,1
9541,5604260167012,,PorSi,"Papel higiénico branco, compacto, folha dupla, 12 rolos",Uma embalagem,4.48,4.48,0,,€/Unidade,,,https://driveimg1.intermarche.com/pt/Content/images/boitmal/produit/zoom/45F75A9FD655AC752AE9A7A484B841F1.jpg,,,,,,,2025-03-12T23:59:59.999999999Z,PROSPECTUS,13,1
959,5601019012418,1000.0,Guloso,Polpa de Tomate,Embalagem de 1 kg,1.79,1.79,0,kg,€/Kg,,,https://driveimg1.intermarche.com/pt/Content/images/boitmal/produit/zoom/3946132CDF77B4B5ABC4B3B587DC5572.jpg,,,,,,,2025-03-12T23:59:59.999999999Z,PROSPECTUS,13,1
980,5601024134488,750.0,Oliveira da Serra,Azeite virgem extra clássico,Embalagem de 750 ml,5.99,7.99,750,L,€/L,,,https://driveimg1.intermarche.com/pt/Content/images/boitmal/produit/zoom/01EF39EFE8396CC9ACA95DC25E9D3412.jpg,,,,,,,2025-03-12T23:59:59.999999999Z,PROSPECTUS,13,1
1269,5601151021750,845.0,Compal,"Feijão preto, lata de 850g",,1.74,2.06,845,L,€/L,,,https://driveimg1.intermarche.com/pt/Content/images/boitmal/produit/zoom/9B352604A3E93D2F850CFCA0A305498A.jpg,,,,,,,2025-03-12T23:59:59.999999999Z,PROSPECTUS,13,1
1294,5601151450758,845.0,Compal,"Feijão manteiga, lata de 850g",,1.74,2.06,0,kg,€/Kg,,,https://driveimg1.intermarche.com/pt/Content/images/boitmal/produit/zoom/C80A38D3334A10E9F1DDCDBE8105CD22.jpg,,,,,,,2025-03-12T23:59:59.999999999Z,PROSPECTUS,13,1
14372,8712100599392,550.0,Calvé,"Ketchup top down, embalagem de 550g",,2.59,4.71,0,kg,€/Kg,,,https://driveimg1.intermarche.com/pt/Content/images/boitmal/produit/zoom/6D3218F33B22BC3205033BC41E176600.jpg,https://driveimg1.intermarche.com/pt/Content/images/boitmal/produit/zoom/FE7F103C359D2D1FD7BF3FDC8DD381BA.jpg,https://driveimg1.intermarche.com/pt/Content/images/boitmal/produit/zoom/FE7F103C359D2D1FD7BF3FDC8DD381BA.jpg,https://driveimg1.intermarche.com/pt/Content/images/boitmal/produit/zoom/FE7F103C359D2D1FD7BF3FDC8DD381BA.jpg,,,,2025-03-12T23:59:59.999999999Z,PROSPECTUS,13,1
14884,2891116000000,1000.0,Aves,Galinha Pequena com Miúdos,1 un = 1 kg (aprox.),2.25,2.25,0,,€/Kg,,,https://driveimg1.intermarche.com/pt/Content/images/boitmal/produit/zoom/1EB78D77852C5A607BDFDBBED5FBDC51.jpg,,,,,,,2025-03-12T23:59:59.999999999Z,PROSPECTUS,13,1
15060,2892453000000,1000.0,Programa Origens,Abóbora Butternut,1 un = 1 kg (aprox.),0.99,0.99,0,,€/Kg,,,https://driveimg1.intermarche.com/pt/Content/images/boitmal/produit/zoom/B52C2C8A1B11C26BA2F358A3355C1A17.jpg,,,,,,,2025-03-12T23:59:59.999999999Z,PROSPECTUS,13,1
15886,5601027003859,210.0,Manhãzitos,Manhãzitos original,Embalagem 6x2 unidades,2.29,10.9,0,kg,€/Kg,,,https://driveimg1.intermarche.com/pt/Content/images/boitmal/produit/zoom/E3BD264A0F36C19CDFE09BE15A0F5910.jpg,,,,,,,2025-03-12T23:59:59.999999999Z,PROSPECTUS,13,1
18618,5601027004870,210.0,Manhãzitos,Manhãzitos -50% açúcares,Embalagem 6x2 unidades,2.29,10.9,0,kg,€/Kg,,,https://driveimg1.intermarche.com/pt/Content/images/boitmal/produit/zoom/08521722BDB8760A47A03446C3145802.jpg,,,,,,,2025-03-12T23:59:59.999999999Z,PROSPECTUS,13,1
22232,8410320104500,80.0,Campofrio,"Salame fatiado, embalagem de 80g",,1.59,19.88,0,kg,€/Kg,,,https://driveimg1.intermarche.com/pt/Content/images/boitmal/produit/zoom/B989DC79BAD10F2BF93E42F2FFD0E3D8.jpg,,,,,,,2025-03-12T23:59:59.999999999Z,PROSPECTUS,13,1
22335,5000116110940,420.0,Capitão Iglo,"15 douradinhos, embalagem de 420g",,4.99,11.88,0,kg,€/Kg,,Tipo de stockagem,https://driveimg1.intermarche.com/pt/Content/images/boitmal/produit/zoom/3973A8C90F686ECB72E76C3B0A0492D4.jpg,,,,,,,2025-03-12T23:59:59.999999999Z,PROSPECTUS,13,1
23278,5604260281282,250.0,PorSi,Salada toscana Programa Origens,embalagem de 250 g,1.49,5.96,0,kg,€/Kg,,,https://driveimg1.intermarche.com/pt/Content/images/boitmal/produit/zoom/829819BF310BA689C7002E0655E64BF5.jpg,,,,,,,2025-03-12T23:59:59.999999999Z,PROSPECTUS,13,1
2445,5998749109113,270.0,Pedigree,"Snack dentastix grande, embalagem de 270g",,3.45,12.78,0,kg,€/Kg,,,https://driveimg1.intermarche.com/pt/Content/images/boitmal/produit/zoom/35241472DE7F17B0C520CB43E029E0A7.jpg,,,,,,,2025-03-19T23:59:59.999999999Z,PROSPECTUS,13,1
25214,7613035930551,90.0,Nestlé,"Fruta para bebé maçã banana morango +8 meses, embalagem de 90g",,0.63,7.0,0,kg,€/Kg,,,https://driveimg1.intermarche.com/pt/Content/images/boitmal/produit/zoom/A2E1B043C34553B91FFED35123D220EC.jpg,,,,,,,2025-03-12T23:59:59.999999999Z,PROSPECTUS,13,1
25542,7613035378681,115.0,Purina One,Snack de higiene oral diária para cão médio,Embalagem de 115 g,2.24,19.48,0,kg,€/Kg,,,https://driveimg1.intermarche.com/pt/Content/images/boitmal/produit/zoom/CC61BC096B4044BD95549C5F6B38B6BE.jpg,,,,,,,2025-03-19T23:59:59.999999999Z,PROSPECTUS,13,1
32104,8001090639073,300.0,Pantene,Champô 3 em 1 Clássico,300 ml,3.94,13.13,300,L,€/L,,,https://driveimg1.intermarche.com/pt/Content/images/boitmal/produit/zoom/BE2AB945B06DD7E4B345C0575695E7A2.jpg,,,,,,,2025-03-12T23:59:59.999999999Z,PROSPECTUS,13,1
32342,5603722517334,200.0,Milhafre,Queijo açoriano fatias de textura cremosa,Embalagem de 200g,2.15,10.75,0,kg,€/Kg,,,https://driveimg1.intermarche.com/pt/Content/images/boitmal/produit/zoom/171D35F4FE014EB04FB3B5636B039DB0.jpg,,,,,,,2025-03-12T23:59:59.999999999Z,PROSPECTUS,13,1
34114,5604260285235,10000.0,PorSi,Alimento seco mix para cão adulto,Embalagem de 10 kg,13.99,1.4,0,kg,€/Kg,,,https://driveimg1.intermarche.com/pt/Content/images/boitmal/produit/zoom/F4E076DC6F772A559D10EB606496D8F3.jpg,,,,,,,2025-03-19T23:59:59.999999999Z,PROSPECTUS,13,1
37940,8410022000032,300.0,Donuts,6 donuts classic,Embalagem com 300 g,2.99,9.97,0,kg,€/Kg,,,https://driveimg1.intermarche.com/pt/Content/images/boitmal/produit/zoom/4763C25C324D6011DC0584FB6F2F49B3.jpg,,,,,,,2025-03-12T23:59:59.999999999Z,PROSPECTUS,13,1
38148,5603722519123,1000.0,Milhafre,Leite de Pastagem Biológico Meio Gordo,1 litro,1.18,1.18,1000,L,€/L,,Produtos Bio,https://driveimg1.intermarche.com/pt/Content/images/boitmal/produit/zoom/DCB3EAE989BC2DDA8E3D76C140D59BA5.jpg,,,,,,,2025-03-12T23:59:59.999999999Z,PROSPECTUS,13,1
40591,5601151974049,1750.0,Pepsi,"Refrigerante com gás, garrafa de 1.75 l",,1.35,0.77,1750,L,€/L,,,https://driveimg1.intermarche.com/pt/Content/images/boitmal/produit/zoom/28D8C8402FB8F278C2F0FAAEE3127CC9.jpg,,,,,,,2025-03-12T23:59:59.999999999Z,PROSPECTUS,13,1
40925,8710522652138,240.0,Calvé,"Maionese top down, embalagem de 240g",,1.49,6.21,0,kg,€/Kg,,,https://driveimg1.intermarche.com/pt/Content/images/boitmal/produit/zoom/ECF2C8ABFC985CAC5B87AA78A2E96931.jpg,https://driveimg1.intermarche.com/pt/Content/images/boitmal/produit/zoom/8E23B17512BCD2C444A6228885CC4217.jpg,https://driveimg1.intermarche.com/pt/Content/images/boitmal/produit/zoom/8E23B17512BCD2C444A6228885CC4217.jpg,https://driveimg1.intermarche.com/pt/Content/images/boitmal/produit/zoom/8E23B17512BCD2C444A6228885CC4217.jpg,https://driveimg1.intermarche.com/pt/Content/images/boitmal/produit/zoom/8E23B17512BCD2C444A6228885CC4217.jpg,,,2025-03-12T23:59:59.999999999Z,PROSPECTUS,13,1
41080,8718951338333,1250.0,Ajax,"Detergente líquido lava tudo festa das flores montanha, embalagem de 1.25l",,2.24,1.79,1250,L,€/L,,,https://driveimg1.intermarche.com/pt/Content/images/boitmal/produit/zoom/235AC3C4CF2F6CC997FC733634670C1E.jpg,,,,,,,2025-03-12T23:59:59.999999999Z,PROSPECTUS,13,1
41298,5601050036541,440.0,Danone,"Iogurte oikos natural,  4 x 110g",,2.49,5.66,0,kg,€/Kg,,,https://driveimg1.intermarche.com/pt/Content/images/boitmal/produit/zoom/100CC1C1966D7A85865BF44E424F358B.jpg,,,,,,,2025-03-12T23:59:59.999999999Z,PROSPECTUS,13,1
41819,5601082047737,,Delta Q,Café XL Deqafeinatus intensidade 1,40 cápsulas,14.99,14.99,0,,€/Unidade,,,https://driveimg1.intermarche.com/pt/Content/images/boitmal/produit/zoom/7C9048D70006F117EC54BB13DF259BB8.jpg,,,,,,,2025-03-12T23:59:59.999999999Z,PROSPECTUS,13,1
44916,8711327480438,440.0,Magnum,"Gelado double gold caramel billionaire, embalagem de 440 ml",,3.99,9.07,440,L,€/L,,Tipo de stockagem,https://driveimg1.intermarche.com/pt/Content/images/boitmal/produit/zoom/7C07DC9914F4DA381F8A8A6ECD5557A3.jpg,,,,,,,2025-03-12T23:59:59.999999999Z,PROSPECTUS,13,1
46825,5603722518287,720.0,Mimosa,"Iogurte magro aroma multi sabores de morango e kiwi/manga, 6 x 120g",,1.99,2.76,0,kg,€/Kg,,,https://driveimg1.intermarche.com/pt/Content/images/boitmal/produit/zoom/EBBE1EB3FBC3C9322F0040C9AA4B6B04.jpg,,,,,,,2025-03-12T23:59:59.999999999Z,PROSPECTUS,13,1
47102,5603722520198,250.0,Mimosa,"Manteiga com sal e sem lactose, embalagem de 250g",,2.44,9.76,0,kg,€/Kg,,,https://driveimg1.intermarche.com/pt/Content/images/boitmal/produit/zoom/93C16F859411D0EBAFBF43E49FD1DA1B.jpg,https://driveimg1.intermarche.com/pt/Content/images/boitmal/produit/zoom/03F85375587D6FDFB4925819A11BDAE0.jpg,https://driveimg1.intermarche.com/pt/Content/images/boitmal/produit/zoom/851EE75BBBA7A9986AE9578DEC17E3F9.jpg,,,,,2025-03-12T23:59:59.999999999Z,PROSPECTUS,13,1
47110,7613287218766,110.0,Nestlé,Bolsitas de puré de multifrutas,Embalagem de 110g,0.73,6.64,0,kg,€/Kg,,,https://driveimg1.intermarche.com/pt/Content/images/boitmal/produit/zoom/3A0DC006BA90FE4ED51AF00C38870697.jpg,,,,,,,2025-03-12T23:59:59.999999999Z,PROSPECTUS,13,1
48139,5604260319275,1200.0,PorSi,Comida húmida para gato carnes e legumes com molho,Embalagem de 1.2 kg,3.49,2.91,0,kg,€/Kg,,,https://driveimg1.intermarche.com/pt/Content/images/boitmal/produit/zoom/9384B60785BEBF14FFB885F3137420A4.jpg,,,,,,,2025-03-19T23:59:59.999999999Z,PROSPECTUS,13,1
48280,5604260323210,,PorSi,Fraldas premium T6 - 17 a 28 kg,40 unidades,8.49,8.49,0,,€/Unidade,,,https://driveimg1.intermarche.com/pt/Content/images/boitmal/produit/zoom/B950359F977599B745889D6912F1E08A.jpg,,,,,,,2025-03-12T23:59:59.999999999Z,PROSPECTUS,13,1
48893,5604260318735,,PorSi,Papel higiénico ultra compact 2 folhas,Embalagem de 4 unidades,2.39,2.39,4,,€/Unidade,,,https://driveimg1.intermarche.com/pt/Content/images/boitmal/produit/zoom/64D5B92D15C4E36C20D810B890EA4FF7.jpg,,,,,,,2025-03-12T23:59:59.999999999Z,PROSPECTUS,13,1
48922,8006540417072,300.0,Pantene,Máscara Caracóis Perfeitos,300 ml,4.94,16.47,300,L,€/L,,,https://driveimg1.intermarche.com/pt/Content/images/boitmal/produit/zoom/025366923064A3F3F548E755A8D57055.jpg,,,,,,,2025-03-12T23:59:59.999999999Z,PROSPECTUS,13,1
49097,5604260322817,,PorSi,Detergente Liquido Maquina Roupa Lavanda,40 doses,4.79,4.79,0,,€/Unidade,,,https://driveimg1.intermarche.com/pt/Content/images/boitmal/produit/zoom/A80DDC6C9ABC2D3952F31585A06F39B2.jpg,,,,,,,2025-03-12T23:59:59.999999999Z,PROSPECTUS,13,1
50629,5603722521454,1208.0,Mimosa,"Iogurte magro liquido de morango e framboesa, 8 x 151ml",,2.99,2.48,1208,L,€/L,,,https://driveimg1.intermarche.com/pt/Content/images/boitmal/produit/zoom/AB607BD866F448FA21D3247580B1F4C6.jpg,,,,,,,2025-03-12T23:59:59.999999999Z,PROSPECTUS,13,1
5244,5601151510759,845.0,Compal,"Feijão encarnado, lata de 850g",,1.74,2.06,0,kg,€/Kg,,,https://driveimg1.intermarche.com/pt/Content/images/boitmal/produit/zoom/DE636824D87F41FA8614ED32FEFF81FF.jpg,,,,,,,2025-03-12T23:59:59.999999999Z,PROSPECTUS,13,1
544,3228881083326,30.0,Lipton,"20 saquetas chá noite tranquila, embalagem de 30g",,2.1,70.0,0,kg,€/Kg,,,https://driveimg1.intermarche.com/pt/Content/images/boitmal/produit/zoom/918429936BF1A7F518EA4E4A9580CA69.jpg,,,,,,,2025-03-12T23:59:59.999999999Z,PROSPECTUS,13,1
8400,5601050033779,620.0,Danone,"Iogurte activia líquido cereais, embalagem de 4 x 155 g",,1.99,3.21,0,kg,€/Kg,,,https://driveimg1.intermarche.com/pt/Content/images/boitmal/produit/zoom/3AC3707CF655B8CC61D2C80E4828D7C8.jpg,,,,,,,2025-03-12T23:59:59.999999999Z,PROSPECTUS,13,1
8434,5601050033731,620.0,Danone,"Iogurte activia líquido 0% lima/limão, embalagem de 4 x 155g",,1.99,3.21,0,kg,€/Kg,,,https://driveimg1.intermarche.com/pt/Content/images/boitmal/produit/zoom/B41EA750EA9360556362913E488E9E4D.jpg,,,,,,,2025-03-12T23:59:59.999999999Z,PROSPECTUS,13,1
8994,5601511000012,200.0,Limiano,"Queijo flamengo, fatias, embalagem de 200g",,2.05,10.25,0,kg,€/Kg,,,https://driveimg1.intermarche.com/pt/Content/images/boitmal/produit/zoom/1F93DD1A515F774C2EFA0E2AD8D093E4.jpg,,,,,,,2025-03-12T23:59:59.999999999Z,PROSPECTUS,13,1
958,5601019012401,500.0,Guloso,Polpa de Tomate,Embalagem de 500g,1.09,2.18,0,kg,€/Kg,,,https://driveimg1.intermarche.com/pt/Content/images/boitmal/produit/zoom/0CE0E0ED1941D8AA40077B3BCCD426E3.jpg,,,,,,,2025-03-12T23:59:59.999999999Z,PROSPECTUS,13,1
10091,8410100059839,360.0,Nestlé,"Queijinho petit nesquik, embalagem de 6 x 60g",,2.79,7.75,0,kg,€/Kg,,,https://driveimg1.intermarche.com/pt/Content/images/boitmal/produit/zoom/88B248C453A669F7E350B1DDEC2F3C33.jpg,,,,,,,2025-03-12T23:59:59.999999999Z,PROSPECTUS,13,1
10094,8435257040776,640.0,Nestlé,"Iogurte líquido yoggi banana, embalagem de 4 x 160 g",,1.99,3.11,0,kg,€/Kg,,,https://driveimg1.intermarche.com/pt/Content/images/boitmal/produit/zoom/6885FCEF2FEF4752D565E64A3BDEE242.jpg,,,,,,,2025-03-12T23:59:59.999999999Z,PROSPECTUS,13,1
10111,8410104402501,200.0,Vanish,"Pré-lavagem power gel, garrafa de 200 ml",,3.99,19.95,200,L,€/L,,,https://driveimg1.intermarche.com/pt/Content/images/boitmal/produit/zoom/43D4A166A3EF555D36A5BBF95FBB5D96.jpg,,,,,,,2025-03-12T23:59:59.999999999Z,PROSPECTUS,13,1
12943,2892087000000,1500.0,Fruta,Mamão,"1 un = 1,5 kg (aprox.)",5.84,3.89,0,,€/Kg,,,https://driveimg1.intermarche.com/pt/Content/images/boitmal/produit/zoom/E92859558CF3617793775ADAD1A11B14.jpg,,,,,,,2025-03-12T23:59:59.999999999Z,PROSPECTUS,13,2
13026,2892205000000,150.0,Fruta,Maçã Granny Smith,1 un = 150 gr (aprox.),0.25,1.69,0,,€/Kg,,,https://driveimg1.intermarche.com/pt/Content/images/boitmal/produit/zoom/3B77F05FE765B9D00E209F1A980CE31B.jpg,,,,,,,2025-03-12T23:59:59.999999999Z,PROSPECTUS,13,2
13094,2893070000000,150.0,Peixaria,Carapau Médio Fresco,1 un = 150 gr (aprox.),0.52,3.49,0,,€/Kg,,,https://driveimg1.intermarche.com/pt/Content/images/boitmal/produit/zoom/C719A6444DC37C9A261D77254DB81336.jpg,,,,,,,2025-03-12T23:59:59.999999999Z,PROSPECTUS,13,2
13158,2893143000000,100.0,Peixaria,Lula Descongelada,1 un= 100 gr (aprox.),1.0,9.99,0,,€/Kg,,,https://driveimg1.intermarche.com/pt/Content/images/boitmal/produit/zoom/ED50EDDD473B6F16081950AF9B5B4382.jpg,,,,,,,2025-03-12T23:59:59.999999999Z,PROSPECTUS,13,2
1347,5601170167743,180.0,Vatel,Flôr de sal,Embalagem de 180g,1.59,8.83,0,kg,€/Kg,,,https://driveimg1.intermarche.com/pt/Content/images/boitmal/produit/zoom/EF4C88EA04F040C24B79436492A3A84D.jpg,,,,,,,2025-03-12T23:59:59.999999999Z,PROSPECTUS,13,2
13861,2691127000000,,Aves,Codornizes,1 un. = 150 g (aprox.),1.09,1.09,0,,€/Unidade,,,https://driveimg1.intermarche.com/pt/Content/images/boitmal/produit/zoom/49A0BEA3AB28A38ED8B2B84EBCB7B813.jpg,,,,,,,2025-03-12T23:59:59.999999999Z,PROSPECTUS,13,2
1436,5601260038106,1000.0,Cigala,"Arroz brajma, embalagem de 1 kg",,2.54,2.54,0,kg,€/Kg,,,https://driveimg1.intermarche.com/pt/Content/images/boitmal/produit/zoom/3E85F2B6F5A9D6CEC74990FDA36993E9.jpg,,,,,,,2025-03-12T23:59:59.999999999Z,PROSPECTUS,13,2
14458,7613034678607,90.0,Nestlé,"Fruta para bebé banana maçã +4 meses, embalagem de 90g",,0.63,7.0,0,kg,€/Kg,,,https://driveimg1.intermarche.com/pt/Content/images/boitmal/produit/zoom/0F3547F16577E97D821E3E9FDD9F17B9.jpg,,,,,,,2025-03-12T23:59:59.999999999Z,PROSPECTUS,13,2
14854,2891117000000,2350.0,PorSi,Pato inteiro com miúdos,1 un = 2.250 kg (aprox.),10.53,4.48,0,,€/Kg,,,https://driveimg1.intermarche.com/pt/Content/images/boitmal/produit/zoom/E5F2031D60089F4C13D404725928D593.jpg,,,,,,,2025-03-12T23:59:59.999999999Z,PROSPECTUS,13,2
15490,3010470181953,4000.0,Friskies,"Ração para gato adulto com bacalhau e legumes, embalagem de 4 kg",,9.99,2.5,0,kg,€/Kg,,,https://driveimg1.intermarche.com/pt/Content/images/boitmal/produit/zoom/6848184BEB2091DF565E30DD98789DD2.jpg,,,,,,,2025-03-19T23:59:59.999999999Z,PROSPECTUS,13,2
16593,2696081000000,60.0,Padaria,Carcaça Forno de Pedra,1 un = 60 gr (aprox.),0.29,4.83,0,kg,€/Kg,,,https://driveimg1.intermarche.com/pt/Content/images/boitmal/produit/zoom/9ACBFD9AFE6222DA83AEB13A9FD53964.jpg,,,,,,,2025-03-12T23:59:59.999999999Z,PROSPECTUS,13,2
17402,8412600027233,700.0,Bimbo,Pão forma familiar normal,embalagem de 700 g,1.99,2.84,0,kg,€/Kg,,,https://driveimg1.intermarche.com/pt/Content/images/boitmal/produit/zoom/BD26753EF23D0DF0FDC14FCDC181B902.jpg,,,,,,,2025-03-12T23:59:59.999999999Z,PROSPECTUS,13,2
17665,8712100745591,754.0,Calvé,"Maionese top down, embalagem de 753 g",,3.49,4.63,0,kg,€/Kg,,,https://driveimg1.intermarche.com/pt/Content/images/boitmal/produit/zoom/C6F00A8AA4D7D21E56D34CFA61170423.jpg,,,,,,,2025-03-12T23:59:59.999999999Z,PROSPECTUS,13,2
17887,8410104447526,210.0,Air Wick,"Ambientador vela duo exotic baunilha, embalagem de 2x105g",,4.89,23.29,0,kg,€/Kg,,,https://driveimg1.intermarche.com/pt/Content/images/boitmal/produit/zoom/7D7AB5FDCDCE7BE1F7187AA9236F42F9.jpg,,,,,,,2025-03-12T23:59:59.999999999Z,PROSPECTUS,13,2
17900,8001480023277,700.0,Neoblanc,"Lixívia Spray Mousse Flor, 700ml",,2.59,3.7,700,L,€/L,,,https://driveimg1.intermarche.com/pt/Content/images/boitmal/produit/zoom/4C9540C630C990410131B89E1C2C75B8.jpg,,,,,,,2025-03-12T23:59:59.999999999Z,PROSPECTUS,13,2
17972,8410104017231,,Air Wick,Recarga ambientador elétrico rosa bouquets,,3.59,3.59,1,,€/Unidade,,,https://driveimg1.intermarche.com/pt/Content/images/boitmal/produit/zoom/8E4B54E525D9F6D6A066C53A63FF9057.jpg,,,,,,,2025-03-12T23:59:59.999999999Z,PROSPECTUS,13,2
18350,8410320148245,80.0,Campofrio,Chouriço fatiado,Embalagem de 80g,1.59,19.88,0,kg,€/Kg,,,https://driveimg1.intermarche.com/pt/Content/images/boitmal/produit/zoom/C3DD6539D50EC6C28C822B12B80D5795.jpg,,,,,,,2025-03-12T23:59:59.999999999Z,PROSPECTUS,13,2
18530,5601349737722,750.0,Romanisco,Vinho DOC Douro Reserva Tinto,Garrafa de 0.75 l,4.99,6.65,750,L,€/L,,,https://driveimg1.intermarche.com/pt/Content/images/boitmal/produit/zoom/7B5FB7B9C877F174F0EAF824F026E64B.jpg,,,,,,,2025-03-12T23:59:59.999999999Z,PROSPECTUS,13,2
18704,5601176000860,750.0,Tellu's,Vinho doc douro tinto,Garrafa de 750 ml,3.49,4.65,750,L,€/L,,,https://driveimg1.intermarche.com/pt/Content/images/boitmal/produit/zoom/9E82C366E173674CD8F645F2C2CC82CA.jpg,,,,,,,2025-03-12T23:59:59.999999999Z,PROSPECTUS,13,2
19022,5603722509742,800.0,Agros,"Leite com chocolate, embalagem de 4 x 200 ml",,1.56,1.95,800,L,€/L,,,https://driveimg1.intermarche.com/pt/Content/images/boitmal/produit/zoom/86A34AF1051A1750347A4FF58912A923.jpg,,,,,,,2025-03-12T23:59:59.999999999Z,PROSPECTUS,13,2
19094,4084500330955,1500.0,Fairy,"Detergente líquido, manual loiça, original, 1,5 l",,7.29,4.86,1500,L,€/L,,,https://driveimg1.intermarche.com/pt/Content/images/boitmal/produit/zoom/95EC3D03AC3B46A8207C2E0CFB674294.jpg,,,,,,,2025-03-12T23:59:59.999999999Z,PROSPECTUS,13,2
19607,7613035376625,90.0,Nestlé,Fruta para bebé maçã banana aveia +6 meses,Embalagem de 90g,0.63,7.0,0,kg,€/Kg,,,https://driveimg1.intermarche.com/pt/Content/images/boitmal/produit/zoom/63EF160EDC28D2A349A30B7555DC57D7.jpg,,,,,,,2025-03-12T23:59:59.999999999Z,PROSPECTUS,13,2
19931,7613033737046,60.0,Felix,"Snack para gato mixed grill, 60 g",,1.49,24.83,0,kg,€/Kg,,,https://driveimg1.intermarche.com/pt/Content/images/boitmal/produit/zoom/7E2E1FECDD478BE6A1632C053BCB03FD.jpg,,,,,,,2025-03-19T23:59:59.999999999Z,PROSPECTUS,13,2
20263,5000116110889,180.0,Iglo,"Crocantes de frango original, embalagem de 180g",,3.74,20.78,0,kg,€/Kg,,Tipo de stockagem,https://driveimg1.intermarche.com/pt/Content/images/boitmal/produit/zoom/9B2BC0EEC5724C42D02D0AAA44CCBB50.jpg,,,,,,,2025-03-12T23:59:59.999999999Z,PROSPECTUS,13,2
20528,5601176001263,750.0,Tellu's,Vinho doc douro branco,Garrafa de 750 ml,3.49,4.65,750,L,€/L,,,https://driveimg1.intermarche.com/pt/Content/images/boitmal/produit/zoom/185F791518F6D9DFD69DD3FDFC056939.jpg,,,,,,,2025-03-12T23:59:59.999999999Z,PROSPECTUS,13,2
20918,5000116110964,840.0,Capitão Iglo,"30 douradinhos, embalagem de 840g",,8.99,10.7,0,kg,€/Kg,,Tipo de stockagem,https://driveimg1.intermarche.com/pt/Content/images/boitmal/produit/zoom/3C52B0905F2F1ACE3D67359B13FE0331.jpg,,,,,,,2025-03-12T23:59:59.999999999Z,PROSPECTUS,13,2
22936,5029053562094,,Scottex,"Papel higiénico acolchoado sensitive 3 folhas, 6 rolos",,2.79,2.79,0,,€/Unidade,,,https://driveimg1.intermarche.com/pt/Content/images/boitmal/produit/zoom/6F54FA0DDCEBB8C28AD86E199F6607D8.jpg,,,,,,,2025-03-12T23:59:59.999999999Z,PROSPECTUS,13,2
2474,7613032408602,85.0,Purina Gourmet,"Comida húmida para gato vaca e frango, embalagem de 90g",,0.87,10.24,0,kg,€/Kg,,,https://driveimg1.intermarche.com/pt/Content/images/boitmal/produit/zoom/571C1A9D6D5EE4C101463565EC0CDDDE.jpg,,,,,,,2025-03-19T23:59:59.999999999Z,PROSPECTUS,13,2
24810,8714100289983,440.0,Magnum,"Gelado pint amêndoas, embalagem de 440 ml",,3.99,9.07,440,L,€/L,,Tipo de stockagem,https://driveimg1.intermarche.com/pt/Content/images/boitmal/produit/zoom/3A13A62312A4E6B689883F50A6265AFD.jpg,https://driveimg1.intermarche.com/pt/Content/images/boitmal/produit/zoom/CAF47DA081A9FA3D88EC863A18BD3DDE.jpg,https://driveimg1.intermarche.com/pt/Content/images/boitmal/produit/zoom/CAF47DA081A9FA3D88EC863A18BD3DDE.jpg,,,,,2025-03-12T23:59:59.999999999Z,PROSPECTUS,13,2
2492,7613032881399,85.0,Purina Gourmet,"Comida húmida para gato terrine com frango, 85g",,0.87,10.24,0,kg,€/Kg,,,https://driveimg1.intermarche.com/pt/Content/images/boitmal/produit/zoom/E8CAF868A9763EC78E3DCB07BB2B7709.jpg,,,,,,,2025-03-19T23:59:59.999999999Z,PROSPECTUS,13,2
25215,7613035930582,90.0,Nestlé,"Fruta para bebé maçã manga +6 meses, embalagem de 90g",,0.63,7.0,0,kg,€/Kg,,,https://driveimg1.intermarche.com/pt/Content/images/boitmal/produit/zoom/1A0BFDB38CDBA8991FD9074B384368B9.jpg,,,,,,,2025-03-12T23:59:59.999999999Z,PROSPECTUS,13,2
25375,5601050033441,620.0,Danone,"Activia líquido manga e papaia, embalagem de 4 x 155g",,1.99,3.21,0,kg,€/Kg,,,https://driveimg1.intermarche.com/pt/Content/images/boitmal/produit/zoom/69B1DCCC9C05220260C5D2E9F924831A.jpg,,,,,,,2025-03-12T23:59:59.999999999Z,PROSPECTUS,13,2
25539,7613035799837,3000.0,Friskies,Ração para gato esterilizado com peru,Embalagem de 3 kg,8.74,2.91,0,kg,€/Kg,,,https://driveimg1.intermarche.com/pt/Content/images/boitmal/produit/zoom/6753096F838736845D00B1BB9E9BE49E.jpg,,,,,,,2025-03-19T23:59:59.999999999Z,PROSPECTUS,13,2
25597,5601151979303,1200.0,Bongo,"Néctar 8 frutos, pack 6 x 200 ml",,2.29,1.91,1200,L,€/L,,,https://driveimg1.intermarche.com/pt/Content/images/boitmal/produit/zoom/58E322AC82399BF9CBCFBEBC2BD370F4.jpg,,,,,,,2025-03-12T23:59:59.999999999Z,PROSPECTUS,13,2
26091,7613036115575,550.0,Nestlé,Cereais estrelitas,Embalagem de 550g,2.49,4.53,0,kg,€/Kg,,,https://driveimg1.intermarche.com/pt/Content/images/boitmal/produit/zoom/90505B63FB20AF187537F3B46DDB9B86.jpg,,,,,,,2025-03-12T23:59:59.999999999Z,PROSPECTUS,13,2
26274,5601027002609,175.0,Bollycao,5 manhãzitos,Embalagem com 175 g,2.24,12.8,0,kg,€/Kg,,,https://driveimg1.intermarche.com/pt/Content/images/boitmal/produit/zoom/699653388328E6911C7212A499A4EF65.jpg,,,,,,,2025-03-12T23:59:59.999999999Z,PROSPECTUS,13,2
2671,8410000001013,300.0,Chips Ahoy!,"Bolachas, embalagem de 300g",,3.19,10.63,0,kg,€/Kg,,,https://driveimg1.intermarche.com/pt/Content/images/boitmal/produit/zoom/8A3ACD5744586C9146E7A5D9D09189AF.jpg,,,,,,,2025-03-12T23:59:59.999999999Z,PROSPECTUS,13,2
2749,8410063046532,350.0,Pescanova,"Miolo de camarão 80/100, embalagem de 350g",,6.99,19.97,0,kg,€/Kg,,Tipo de stockagem,https://driveimg1.intermarche.com/pt/Content/images/boitmal/produit/zoom/0EA75135180DC26543A97F342303334A.jpg,,,,,,,2025-03-12T23:59:59.999999999Z,PROSPECTUS,13,2
2780,8410199002303,96.0,Cheetos,"Aperitivos palitos, embalagem de 100g",,1.49,15.52,0,kg,€/Kg,,,https://driveimg1.intermarche.com/pt/Content/images/boitmal/produit/zoom/35C90C106FCD999188F46A491D275892.jpg,,,,,,,2025-03-12T23:59:59.999999999Z,PROSPECTUS,13,2
2786,8410199150905,100.0,Cheetos,"Aperitivos rolitos, embalagem de 100g",,1.49,14.9,0,kg,€/Kg,,,https://driveimg1.intermarche.com/pt/Content/images/boitmal/produit/zoom/F470A36FD76D61EC69758C933CF291DA.jpg,,,,,,,2025-03-12T23:59:59.999999999Z,PROSPECTUS,13,2
282,0000080361497,85.0,Purina Gourmet,"Comida húmida para gato pedacinhos em molho com salmão, embalagem de 90g",,0.87,10.24,0,kg,€/Kg,,,https://driveimg1.intermarche.com/pt/Content/images/boitmal/produit/zoom/F3269BDBEA9617D986C45DC8EC354AB3.jpg,,,,,,,2025-03-19T23:59:59.999999999Z,PROSPECTUS,13,2
28497,3222270502450,680.0,Purina Gourmet,Comida Húmida para Gato Seleção de Mousses,Embalagem de 680g,4.29,6.31,0,kg,€/Kg,,,https://driveimg1.intermarche.com/pt/Content/images/boitmal/produit/zoom/48B98515C30D063D1F85A14F56AAE58A.jpg,,,,,,,2025-03-19T23:59:59.999999999Z,PROSPECTUS,13,2
29366,8710447376133,435.0,Cif,"Spray fornos e grelhadores, 435 ml",,2.49,5.72,435,L,€/L,,,https://driveimg1.intermarche.com/pt/Content/images/boitmal/produit/zoom/0983FC0F3C1B5D9C271D56B3C7E3A30E.jpg,,,,,,,2025-03-12T23:59:59.999999999Z,PROSPECTUS,13,2
29560,8424730008211,150.0,Caravan,Eau de Toilette p/Senhora Nº37,1 Frasco 150ml,9.74,64.93,150,L,€/L,,,https://driveimg1.intermarche.com/pt/Content/images/boitmal/produit/zoom/04A6E7CD211A57B7641A61BFE93C3F9B.jpg,,,,,,,2025-03-12T23:59:59.999999999Z,PROSPECTUS,13,2
32399,5000204018059,36.0,Pato,"Gel Activo Lavanda WC Discos, 2 x 36 ml",,3.49,96.94,36,L,€/L,,,https://driveimg1.intermarche.com/pt/Content/images/boitmal/produit/zoom/B72D863D0E6868872226363DBAB2B1DF.jpg,,,,,,,2025-03-12T23:59:59.999999999Z,PROSPECTUS,13,2
33884,2893837000000,1500.0,Peixaria,Peixe espada preto inteiro,Vendido ao peso,11.99,7.99,0,,€/Kg,,,https://driveimg1.intermarche.com/pt/Content/images/boitmal/produit/zoom/0C1CA3DE6B16A13335042AAFE1F612D6.jpg,,,,,,,2025-03-12T23:59:59.999999999Z,PROSPECTUS,13,2
34328,5603344291018,120.0,General,Bacalhau com grão,Embalagem de 120g,1.85,15.42,0,kg,€/Kg,,,https://driveimg1.intermarche.com/pt/Content/images/boitmal/produit/zoom/3CE63A7FB770BD16863F1AA0D2B1E6B2.jpg,,,,,,,2025-03-12T23:59:59.999999999Z,PROSPECTUS,13,2
34404,7613034675842,198.0,Lion,Chocolate lion mini,Embalagem de 198 g,3.35,16.92,0,kg,€/Kg,,,https://driveimg1.intermarche.com/pt/Content/images/boitmal/produit/zoom/E28536C14F7B040FA228E53807A4A467.jpg,,,,,,,2025-03-12T23:59:59.999999999Z,PROSPECTUS,13,2
35097,8711327315600,440.0,Magnum,"Gelado de chocolate branco e cookies, embalagem de 440 ml",,3.99,9.07,440,L,€/L,,Tipo de stockagem,https://driveimg1.intermarche.com/pt/Content/images/boitmal/produit/zoom/744EDC15FD38572D44883AF2941B2FB8.jpg,https://driveimg1.intermarche.com/pt/Content/images/boitmal/produit/zoom/053F7BCDF3B5574D77DAE8E6E99DA348.jpg,https://driveimg1.intermarche.com/pt/Content/images/boitmal/produit/zoom/053F7BCDF3B5574D77DAE8E6E99DA348.jpg,https://driveimg1.intermarche.com/pt/Content/images/boitmal/produit/zoom/053F7BCDF3B5574D77DAE8E6E99DA348.jpg,,,,2025-03-12T23:59:59.999999999Z,PROSPECTUS,13,2
3564,2894493000000,150.0,PorSi,Fiambre da Perna Extra,1 un = 150 gr (aprox.),1.5,9.99,0,,€/Kg,,,https://driveimg1.intermarche.com/pt/Content/images/boitmal/produit/zoom/A9EBA756C9FD3C422D551E66AF89E1C9.jpg,,,,,,,2025-03-12T23:59:59.999999999Z,PROSPECTUS,13,2
35753,8001841240640,270.0,Pantene,Creme para pentear caracóis,270 ml,5.99,22.19,270,L,€/L,,,https://driveimg1.intermarche.com/pt/Content/images/boitmal/produit/zoom/574B3E314AF635DCDB9A6448E3C017C1.jpg,,,,,,,2025-03-12T23:59:59.999999999Z,PROSPECTUS,13,2
35983,5601027972735,700.0,Bimbo,Pão de forma torradas familiares,Embalagem de 700 g,1.99,2.84,0,kg,€/Kg,,,https://driveimg1.intermarche.com/pt/Content/images/boitmal/produit/zoom/6F4E1280EFC32C3DD99C945770A284F8.jpg,,,,,,,2025-03-12T23:59:59.999999999Z,PROSPECTUS,13,2
36690,5604260286461,2000.0,PorSi,Ração seca para gato adulto de peixe,Embalagem 2 kg,3.99,2.0,0,kg,€/Kg,,,https://driveimg1.intermarche.com/pt/Content/images/boitmal/produit/zoom/BD2C9520C7ED773D3855285F875605AD.jpg,,,,,,,2025-03-19T23:59:59.999999999Z,PROSPECTUS,13,2
36732,5604260286454,2000.0,PorSi,Ração seca de carne para gato adulto,Embalagem de 2 kg,3.99,2.0,0,kg,€/Kg,,,https://driveimg1.intermarche.com/pt/Content/images/boitmal/produit/zoom/DB71D9E83D68197D41D14C0FD3462038.jpg,,,,,,,2025-03-19T23:59:59.999999999Z,PROSPECTUS,13,2
36806,8001090639011,300.0,Pantene,Champô 3 em 1 anti-caspa,Embalagem de 300 ml,3.94,13.13,300,L,€/L,,,https://driveimg1.intermarche.com/pt/Content/images/boitmal/produit/zoom/63F1C2B8DA28084708D48EB2853A6BE4.jpg,,,,,,,2025-03-12T23:59:59.999999999Z,PROSPECTUS,13,2
37444,7613036955799,250.0,Nestum,"Nestum zero mel, embalagem de 250g",,2.14,8.56,0,kg,€/Kg,,,https://driveimg1.intermarche.com/pt/Content/images/boitmal/produit/zoom/5B200610F8E9504D3552A7693F67BE32.jpg,,,,,,,2025-03-12T23:59:59.999999999Z,PROSPECTUS,13,2
37475,7613036724135,40.0,Purina One,Snack frango de higiene oral diária para gato,Embalagem de 40 g,1.64,41.0,0,kg,€/Kg,,,https://driveimg1.intermarche.com/pt/Content/images/boitmal/produit/zoom/37DF0489FB9FC1596ECFA3B5EA4F10E5.jpg,,,,,,,2025-03-19T23:59:59.999999999Z,PROSPECTUS,13,2
37512,7613036923361,250.0,Nestum,Nestum zero arroz,Embalagem de 250 g,2.99,11.96,0,kg,€/Kg,,,https://driveimg1.intermarche.com/pt/Content/images/boitmal/produit/zoom/611B100659AC37EDE48D259974C3AB31.jpg,,,,,,,2025-03-12T23:59:59.999999999Z,PROSPECTUS,13,2
37808,5604260301102,,PorSi,Fralda cueca T5 - 12 a 18 kg,20 unidades,4.69,4.69,0,,€/Unidade,,,https://driveimg1.intermarche.com/pt/Content/images/boitmal/produit/zoom/4AD0583238D4578F6A92756D29B28A77.jpg,,,,,,,2025-03-12T23:59:59.999999999Z,PROSPECTUS,13,2
37990,8410063036175,1000.0,Pescanova,"Caprichos do mar sem glúten, embalagem de 1 kg",,5.99,5.99,0,kg,€/Kg,,Tipo de stockagem,https://driveimg1.intermarche.com/pt/Content/images/boitmal/produit/zoom/6895ADBC20BAA64ABF1A75EDB160FACB.jpg,,,,,,,2025-03-12T23:59:59.999999999Z,PROSPECTUS,13,2
38312,8410104702663,,Finish,"Limpa máquinas de loiça limão, embalagem com 250 ml",,3.89,3.89,1,,€/Unidade,,,https://driveimg1.intermarche.com/pt/Content/images/boitmal/produit/zoom/543AF0EA0E513D87A0B6AA970DE2490B.jpg,,,,,,,2025-03-12T23:59:59.999999999Z,PROSPECTUS,13,2
38321,2696806000000,250.0,Padaria,Pão gémeos,250 g,0.59,2.36,0,kg,€/Kg,,,https://driveimg1.intermarche.com/pt/Content/images/boitmal/produit/zoom/A99E9F55D9FD5180D848A5ADDB578F15.jpg,,,,,,,2025-03-12T23:59:59.999999999Z,PROSPECTUS,13,2
38557,5601027004764,315.0,Manhãzitos,Manhãzitos® planetus 9x2 un.,Embalagem de 315g,2.89,9.17,0,kg,€/Kg,,,https://driveimg1.intermarche.com/pt/Content/images/boitmal/produit/zoom/C011546637B7E58FA3E5267C7A9C6DFA.jpg,,,,,,,2025-03-12T23:59:59.999999999Z,PROSPECTUS,13,2
399,8712566365135,30.0,Lipton,"20 saquetas infusão de cidreira e mel, embalagem de 30g",,2.1,70.0,0,kg,€/Kg,,,https://driveimg1.intermarche.com/pt/Content/images/boitmal/produit/zoom/907015B388C6BBA95E1B6703BC1CA389.jpg,,,,,,,2025-03-12T23:59:59.999999999Z,PROSPECTUS,13,2
40104,8410022011267,148.0,Donuts,American Donuts com Recheio de Cacau,Embalagem com 2 unidades,1.49,10.07,0,kg,€/Kg,,,https://driveimg1.intermarche.com/pt/Content/images/boitmal/produit/zoom/2C83F1FD0AFF548EA8D64EDCF4B37E1E.jpg,,,,,,,2025-03-12T23:59:59.999999999Z,PROSPECTUS,13,2
405,8712566410910,275.0,Calvé,"Ketchup, embalagem de 275g",,1.49,5.42,0,kg,€/Kg,,,https://driveimg1.intermarche.com/pt/Content/images/boitmal/produit/zoom/9E63EED4B27A252289B8979C188F5B40.jpg,https://driveimg1.intermarche.com/pt/Content/images/boitmal/produit/zoom/0D7B165FF00CA45BD8F6AC077E3CA1EC.jpg,https://driveimg1.intermarche.com/pt/Content/images/boitmal/produit/zoom/0D7B165FF00CA45BD8F6AC077E3CA1EC.jpg,https://driveimg1.intermarche.com/pt/Content/images/boitmal/produit/zoom/0D7B165FF00CA45BD8F6AC077E3CA1EC.jpg,,,,2025-03-12T23:59:59.999999999Z,PROSPECTUS,13,2
40516,5604260286478,2000.0,PorSi,Ração seca cocktail para gato adulto,Embalagem de 2 kg,3.99,2.0,0,kg,€/Kg,,,https://driveimg1.intermarche.com/pt/Content/images/boitmal/produit/zoom/A7253EA013D7B36BAB17B96BFCE9E097.jpg,,,,,,,2025-03-19T23:59:59.999999999Z,PROSPECTUS,13,2
41041,8001480703001,700.0,Neoblanc,Tira nódoas em spray cores,Embalagem de 700 ml,2.99,4.27,700,L,€/L,,,https://driveimg1.intermarche.com/pt/Content/images/boitmal/produit/zoom/1B7BCC034AAC45310DFFCE9E289F80C7.jpg,,,,,,,2025-03-12T23:59:59.999999999Z,PROSPECTUS,13,2
41297,5601050036534,440.0,Danone,"Iogurte oikos pêssego, embalagem de 4 x 110g",,1.99,4.52,0,kg,€/Kg,,,https://driveimg1.intermarche.com/pt/Content/images/boitmal/produit/zoom/C2BCC90FB2B192B3C8BC1E9CCF0DA4AF.jpg,,,,,,,2025-03-12T23:59:59.999999999Z,PROSPECTUS,13,2
43012,5604260307197,300.0,PorSi,Comida húmida para cão de frango,Embalagem de 300 g,0.75,2.5,0,kg,€/Kg,,,https://driveimg1.intermarche.com/pt/Content/images/boitmal/produit/zoom/2225898E3C121DD19FEF9F2C0CEB962C.jpg,https://driveimg1.intermarche.com/pt/Content/images/boitmal/produit/zoom/3FD0F0D9955E6135023C13E6B1D173A7.jpg,https://driveimg1.intermarche.com/pt/Content/images/boitmal/produit/zoom/3FD0F0D9955E6135023C13E6B1D173A7.jpg,https://driveimg1.intermarche.com/pt/Content/images/boitmal/produit/zoom/3FD0F0D9955E6135023C13E6B1D173A7.jpg,https://driveimg1.intermarche.com/pt/Content/images/boitmal/produit/zoom/3FD0F0D9955E6135023C13E6B1D173A7.jpg,https://driveimg1.intermarche.com/pt/Content/images/boitmal/produit/zoom/3FD0F0D9955E6135023C13E6B1D173A7.jpg,https://driveimg1.intermarche.com/pt/Content/images/boitmal/produit/zoom/3FD0F0D9955E6135023C13E6B1D173A7.jpg,2025-03-19T23:59:59.999999999Z,PROSPECTUS,13,2
43071,5604260310449,1500.0,PorSi,Alimento seco raça pequena,Embalagem de 1.5 kg,2.99,1.99,0,kg,€/Kg,,,https://driveimg1.intermarche.com/pt/Content/images/boitmal/produit/zoom/A89809982BAE798F8ECAD3C8B0889114.jpg,,,,,,,2025-03-19T23:59:59.999999999Z,PROSPECTUS,13,2
43316,8711000470961,,LOr,"Café barista, 10 cápsulas",,3.29,3.29,10,,€/Unidade,,,https://driveimg1.intermarche.com/pt/Content/images/boitmal/produit/zoom/E072038BF4C10BF71BF3C7D074D004A0.jpg,,,,,,,2025-03-12T23:59:59.999999999Z,PROSPECTUS,13,2
44634,8711327485082,330.0,Magnum,"Gelados mini double gold caramel billionaire, embalagem de 6x55 ml",,4.49,13.61,330,L,€/L,,Tipo de stockagem,https://driveimg1.intermarche.com/pt/Content/images/boitmal/produit/zoom/42AC7934AA428100845DBDC81A00E314.jpg,,,,,,,2025-03-12T23:59:59.999999999Z,PROSPECTUS,13,2
46824,5603722518270,720.0,Mimosa,"Iogurte magro aroma multi sabores de morango/coco, 6x120g",,1.99,2.76,0,kg,€/Kg,,,https://driveimg1.intermarche.com/pt/Content/images/boitmal/produit/zoom/C1F13564A32ADE4727C9B834FE2B8090.jpg,,,,,,,2025-03-12T23:59:59.999999999Z,PROSPECTUS,13,2
47109,7613287218704,110.0,Nestlé,"Bolsitas de puré de 4 frutas, embalagem de 110g",,0.73,6.64,0,kg,€/Kg,,,https://driveimg1.intermarche.com/pt/Content/images/boitmal/produit/zoom/AAE972318DF3C7B29E7A2F9B4E66DEFB.jpg,,,,,,,2025-03-12T23:59:59.999999999Z,PROSPECTUS,13,2
48011,5603722520068,800.0,Agros,"Leite com chocolate meio gordo sem lactose, 4 x 200 ml",,1.99,2.49,800,L,€/L,,,https://driveimg1.intermarche.com/pt/Content/images/boitmal/produit/zoom/534AAD13A7F896FDBA98EB7001B680B9.jpg,,,,,,,2025-03-12T23:59:59.999999999Z,PROSPECTUS,13,2
48030,7613287495259,1020.0,Felix,"Fantastic seleção de peixes em gelatina, embalagem de 12x100g",,5.99,5.87,0,kg,€/Kg,,,https://driveimg1.intermarche.com/pt/Content/images/boitmal/produit/zoom/6C8C86286E27A01458DD382E5FE02A80.jpg,,,,,,,2025-03-19T23:59:59.999999999Z,PROSPECTUS,13,2
48050,5604260316236,180.0,PorSi,Snack Cão Prodental,Embalagem 180 g,0.99,5.5,0,kg,€/Kg,,,https://driveimg1.intermarche.com/pt/Content/images/boitmal/produit/zoom/F13445921EC30D6F8E3AE5B348ABD8AE.jpg,,,,,,,2025-03-19T23:59:59.999999999Z,PROSPECTUS,13,2
48210,5604260323111,4300.0,PorSi,Detergente líquido máquina de roupa sabão natural,86 Doses,6.19,1.44,4300,L,€/L,,,https://driveimg1.intermarche.com/pt/Content/images/boitmal/produit/zoom/76EACB4A59BF656D1FBA0DCA4A1D2D29.jpg,,,,,,,2025-03-12T23:59:59.999999999Z,PROSPECTUS,13,2
48264,5604260319268,1200.0,PorSi,Comida húmida para gato adulto,Embalagem de 1.2 kg,3.49,2.91,0,kg,€/Kg,,,https://driveimg1.intermarche.com/pt/Content/images/boitmal/produit/zoom/19C43A574A237C6F71740258CF36123E.jpg,,,,,,,2025-03-19T23:59:59.999999999Z,PROSPECTUS,13,2
48907,5604260320769,,PorSi,Penso diário normal,Embalagem de 64 unidades,1.69,1.69,64,,€/Unidade,,,https://driveimg1.intermarche.com/pt/Content/images/boitmal/produit/zoom/DFB079CBF477779AF2A84A2F43E7FF7B.jpg,https://driveimg1.intermarche.com/pt/Content/images/boitmal/produit/zoom/C20F8AD2FC19771FE6AB1B975D7F3E8C.jpg,https://driveimg1.intermarche.com/pt/Content/images/boitmal/produit/zoom/C20F8AD2FC19771FE6AB1B975D7F3E8C.jpg,https://driveimg1.intermarche.com/pt/Content/images/boitmal/produit/zoom/C20F8AD2FC19771FE6AB1B975D7F3E8C.jpg,https://driveimg1.intermarche.com/pt/Content/images/boitmal/produit/zoom/C20F8AD2FC19771FE6AB1B975D7F3E8C.jpg,https://driveimg1.intermarche.com/pt/Content/images/boitmal/produit/zoom/C20F8AD2FC19771FE6AB1B975D7F3E8C.jpg,,2025-03-12T23:59:59.999999999Z,PROSPECTUS,13,2
48918,5604260320905,,PorSi,Tampão super,Embalagem de 32 unidades,1.99,1.99,32,,€/Unidade,,,https://driveimg1.intermarche.com/pt/Content/images/boitmal/produit/zoom/90B8F6662219C89C88E7788A6B9D64AC.jpg,https://driveimg1.intermarche.com/pt/Content/images/boitmal/produit/zoom/1CD06FF772DA863064B46F160C279828.jpg,https://driveimg1.intermarche.com/pt/Content/images/boitmal/produit/zoom/1CD06FF772DA863064B46F160C279828.jpg,https://driveimg1.intermarche.com/pt/Content/images/boitmal/produit/zoom/1CD06FF772DA863064B46F160C279828.jpg,https://driveimg1.intermarche.com/pt/Content/images/boitmal/produit/zoom/1CD06FF772DA863064B46F160C279828.jpg,,,2025-03-12T23:59:59.999999999Z,PROSPECTUS,13,2
49293,8436048962680,128.0,Artiach,Filipinos chocolate leite,Embalagem de 128g,1.49,11.64,0,kg,€/Kg,,,https://driveimg1.intermarche.com/pt/Content/images/boitmal/produit/zoom/E7DC7498034628B663C4AD4FDF70E987.jpg,,,,,,,2025-03-12T23:59:59.999999999Z,PROSPECTUS,13,2
49468,8430094318972,250.0,Nutriben,"Papa 8 cereais e mel bolacha maria, 250g",,1.94,7.76,0,kg,€/Kg,,,https://driveimg1.intermarche.com/pt/Content/images/boitmal/produit/zoom/3F639A995E74C91F0C212FB987D208B8.jpg,,,,,,,2025-03-12T23:59:59.999999999Z,PROSPECTUS,13,2
49475,5601146570027,3750.0,Sagres,"Cerveja com álcool, pack 15 x 25 cl",,7.49,2.0,3750,L,€/L,,,https://driveimg1.intermarche.com/pt/Content/images/boitmal/produit/zoom/6F54A04F24F5E288DCF8E2FC9D030060.jpg,,,,,,,2025-03-12T23:59:59.999999999Z,PROSPECTUS,13,2
49767,5601151969106,1000.0,Frize,"Água com gás ananás, pack 4 x 0.25 l",,2.09,2.09,1000,L,€/L,,,https://driveimg1.intermarche.com/pt/Content/images/boitmal/produit/zoom/894FBD4D289713EED7DB570E33675A74.jpg,,,,,,,2025-03-12T23:59:59.999999999Z,PROSPECTUS,13,2
50405,8445290489173,900.0,Cerelac,"Papa Infantil 12 meses, 900g",,6.29,6.99,0,kg,€/Kg,,,https://driveimg1.intermarche.com/pt/Content/images/boitmal/produit/zoom/79C2E535CBAB06EFF8E7EE2B8A2191BC.jpg,,,,,,,2025-03-12T23:59:59.999999999Z,PROSPECTUS,13,2
50458,5603722521003,160.0,Mimosa,"Manteiga com sal, 160g",,2.24,14.0,0,kg,€/Kg,,,https://driveimg1.intermarche.com/pt/Content/images/boitmal/produit/zoom/09C6645B0E41FE4C659D6FBAFCE3C138.jpg,,,,,,,2025-03-12T23:59:59.999999999Z,PROSPECTUS,13,2
5119,5601066200073,1000.0,Nacional,Farinha p/ bolos extra fina,Embalagem de 1 kg,0.99,0.99,0,kg,€/Kg,,,https://driveimg1.intermarche.com/pt/Content/images/boitmal/produit/zoom/CAC064713C07BACF659239959FBD0E0D.jpg,,,,,,,2025-03-12T23:59:59.999999999Z,PROSPECTUS,13,2
51504,8006540346976,200.0,Pantene,Espuma Caracóis Perfeitos,Embalagem de 200 ml,3.99,19.95,200,L,€/L,,,https://driveimg1.intermarche.com/pt/Content/images/boitmal/produit/zoom/C1FDAB4454796984FFC7BAE683687BFA.jpg,,,,,,,2025-03-12T23:59:59.999999999Z,PROSPECTUS,13,2
51692,5604260326969,300.0,Labell,Máscara Abacate e Karité,Embalagem de 300 ml,2.59,8.63,300,L,€/L,,,https://driveimg1.intermarche.com/pt/Content/images/boitmal/produit/zoom/E9C2D1F2041BDEF2D3EE79C02F98C48F.jpg,,,,,,,2025-03-12T23:59:59.999999999Z,PROSPECTUS,13,2
51751,8720181338502,435.0,Cif,"Spray remove bolores, 435 ml",,2.49,5.72,435,L,€/L,,,https://driveimg1.intermarche.com/pt/Content/images/boitmal/produit/zoom/380C503403FDBF9BBCD37132FDE8F56E.jpg,,,,,,,2025-03-12T23:59:59.999999999Z,PROSPECTUS,13,2
52088,7613032881313,85.0,Purina Gourmet,Comida húmida para gato gourmet gold com coelho 85g,,0.87,10.24,0,kg,€/Kg,,,https://driveimg1.intermarche.com/pt/Content/images/boitmal/produit/zoom/C00E78B2201EC475A2889804E65AE983.jpg,,,,,,,2025-03-19T23:59:59.999999999Z,PROSPECTUS,13,2
52296,3023290072097,160.0,Lindahls,"Iogurte sólido proteico stracciatella, embalagem de 160 g",,1.19,7.44,0,kg,€/Kg,,,https://driveimg1.intermarche.com/pt/Content/images/boitmal/produit/zoom/F40178A8CA528D15DB7CD5F4CB218526.jpg,,,,,,,2025-03-12T23:59:59.999999999Z,PROSPECTUS,13,2
52303,8006540346938,250.0,Pantene,Laca Cabelo Fixação Ultra Forte,Embalagem de 250ml,3.74,14.96,250,L,€/L,,,https://driveimg1.intermarche.com/pt/Content/images/boitmal/produit/zoom/6632C78C08E207404CB393768CB4FAD2.jpg,,,,,,,2025-03-12T23:59:59.999999999Z,PROSPECTUS,13,2
52310,0000042439103,250.0,Nivea,"Creme Corpo Hidratante Manteiga De Cacau, 250ml",,4.54,18.16,250,L,€/L,,,https://driveimg1.intermarche.com/pt/Content/images/boitmal/produit/zoom/162A2A7941F21CB7D71E4C6068C350A3.jpg,,,,,,,2025-03-12T23:59:59.999999999Z,PROSPECTUS,13,2
5247,5601151720752,845.0,Compal,"Feijão frade, lata de 850g",,1.74,2.06,0,kg,€/Kg,,,https://driveimg1.intermarche.com/pt/Content/images/boitmal/produit/zoom/748A199E3B15682C5E3E960F2EBA8A1A.jpg,,,,,,,2025-03-12T23:59:59.999999999Z,PROSPECTUS,13,2
52577,8445290830609,,Nescafé,"Café descafeinado sical intensidade 5, 16 cápsulas",,5.99,5.99,16,,€/Unidade,,,https://driveimg1.intermarche.com/pt/Content/images/boitmal/produit/zoom/9751EE6592A3E7106D0A646390D853FA.jpg,,,,,,,2025-03-12T23:59:59.999999999Z,PROSPECTUS,13,2
52636,8719200269026,400.0,Planta,"Creme vegetal para barrar, 400g",,2.99,7.48,0,kg,€/Kg,,,https://driveimg1.intermarche.com/pt/Content/images/boitmal/produit/zoom/F65911004A3F054AD79E8D4223582388.jpg,,,,,,,2025-03-12T23:59:59.999999999Z,PROSPECTUS,13,2
52934,5603722522550,600.0,Agros,"Bebida láctea café, 3 x 200ml",,1.85,3.08,600,L,€/L,,,https://driveimg1.intermarche.com/pt/Content/images/boitmal/produit/zoom/933624CF1FEE0BDFC20D8185815B8800.jpg,,,,,,,2025-03-12T23:59:59.999999999Z,PROSPECTUS,13,2
53361,5029053580753,,Scottex,Papel Higienico Sensitive 18 rolos,,5.99,5.99,0,,€/Unidade,,,https://driveimg1.intermarche.com/pt/Content/images/boitmal/produit/zoom/9968833B676A4DAAFF241D4D3185820C.jpg,https://driveimg1.intermarche.com/pt/Content/images/boitmal/produit/zoom/449A7C060AED192A33CF62B9797621C7.jpg,https://driveimg1.intermarche.com/pt/Content/images/boitmal/produit/zoom/449A7C060AED192A33CF62B9797621C7.jpg,https://driveimg1.intermarche.com/pt/Content/images/boitmal/produit/zoom/449A7C060AED192A33CF62B9797621C7.jpg,https://driveimg1.intermarche.com/pt/Content/images/boitmal/produit/zoom/449A7C060AED192A33CF62B9797621C7.jpg,https://driveimg1.intermarche.com/pt/Content/images/boitmal/produit/zoom/449A7C060AED192A33CF62B9797621C7.jpg,,2025-03-12T23:59:59.999999999Z,PROSPECTUS,13,3
53551,8001480721326,,Neoblanc,"Lixívia Gentil, 18 Pastilhas",,3.24,3.24,18,,€/Unidade,,,https://driveimg1.intermarche.com/pt/Content/images/boitmal/produit/zoom/A250B24F09D54E26FB8EFE2CB51932C0.jpg,,,,,,,2025-03-12T23:59:59.999999999Z,PROSPECTUS,13,3
543,3228881083241,30.0,Lipton,"20 saquetas chá digestão fácil, embalagem de 30g",,2.1,70.0,0,kg,€/Kg,,,https://driveimg1.intermarche.com/pt/Content/images/boitmal/produit/zoom/62C3C7BA99F1F998410EDAE6BAC40CDF.jpg,,,,,,,2025-03-12T23:59:59.999999999Z,PROSPECTUS,13,3
54348,5601217138064,1332.0,Quanto,"Amaciador roupa concentrado ouro e orquídea branca, 74d",,2.99,2.24,1332,L,€/L,,,https://driveimg1.intermarche.com/pt/Content/images/boitmal/produit/zoom/0C119962D33161B345F6A902867F6FC1.jpg,,,,,,,2025-03-12T23:59:59.999999999Z,PROSPECTUS,13,3
54361,8410104915186,,Finish,"Detergente Loiça Máquina Quantum Limão, 28 Pastilhas",,5.99,5.99,0,,€/Unidade,,,https://driveimg1.intermarche.com/pt/Content/images/boitmal/produit/zoom/AF6445EE2B2537230E8784866A377CB3.jpg,,,,,,,2025-03-12T23:59:59.999999999Z,PROSPECTUS,13,3
54632,5603722523045,1000.0,Gresso,"Leite UHT Meio Gordo, 1L",,0.85,0.85,1000,L,€/L,,,https://driveimg1.intermarche.com/pt/Content/images/boitmal/produit/zoom/ECF816693AC2579C9FB595FD8ABD96D7.jpg,,,,,,,2025-03-12T23:59:59.999999999Z,PROSPECTUS,13,3
54633,5603722523052,1000.0,Gresso,"Leite Uht Magro, 1L",,0.85,0.85,1000,L,€/L,,,https://driveimg1.intermarche.com/pt/Content/images/boitmal/produit/zoom/62FAA0AA671FC5B53B3DDBACCC92B900.jpg,,,,,,,2025-03-12T23:59:59.999999999Z,PROSPECTUS,13,3
54642,8435495842767,,A+,"Detergente Máquina Roupa Líquido Ocean Dream, 56D",,8.99,8.99,0,,€/Unidade,,,https://driveimg1.intermarche.com/pt/Content/images/boitmal/produit/zoom/E7AE89CC1AED35A9F40B3BB43FB44390.jpg,https://driveimg1.intermarche.com/pt/Content/images/boitmal/produit/zoom/1D0AC6E88574EFCB8CB4DBDB7E50F801.jpg,,,,,,2025-03-12T23:59:59.999999999Z,PROSPECTUS,13,3
54669,5000116128754,200.0,Iglo,"Cordon bleu, 200g",,3.99,19.95,0,kg,€/Kg,,Tipo de stockagem,https://driveimg1.intermarche.com/pt/Content/images/boitmal/produit/zoom/9A94E635EDF0DAF7EF8F166E06599C57.jpg,,,,,,,2025-03-12T23:59:59.999999999Z,PROSPECTUS,13,3
54759,5601027118553,500.0,Bimbo,"Pão com codea artesano, 500g",,1.99,3.98,0,kg,€/Kg,,,https://driveimg1.intermarche.com/pt/Content/images/boitmal/produit/zoom/F431D21B075425666A22C8251B20CC07.jpg,,,,,,,2025-03-12T23:59:59.999999999Z,PROSPECTUS,13,3
54789,8711327608665,400.0,Magnum,"4 gelados chocolate e amêndoa, 400 ml",,3.49,8.73,400,L,€/L,,Tipo de stockagem,https://driveimg1.intermarche.com/pt/Content/images/boitmal/produit/zoom/8722D1A85B18DF132EACF542CF5DDE68.jpg,,,,,,,2025-03-12T23:59:59.999999999Z,PROSPECTUS,13,3
55023,8711327650497,256.0,Magnum,"Gelado Caramel & Nuts, 4 x 64ml",,3.59,14.02,256,L,€/L,,Tipo de stockagem,https://driveimg1.intermarche.com/pt/Content/images/boitmal/produit/zoom/5A30860B3FA389C317BE194BD6742DA4.jpg,,,,,,,2025-03-12T23:59:59.999999999Z,PROSPECTUS,13,3
55027,8711327640306,204.0,Magnum,"Gelado Bombom Caramelo Salgado e Amêndoas, 12 x 17ml",,3.59,17.6,204,L,€/L,,Tipo de stockagem,https://driveimg1.intermarche.com/pt/Content/images/boitmal/produit/zoom/F77F67DDB6AF28DC10527F2C42EC7AC2.jpg,,,,,,,2025-03-12T23:59:59.999999999Z,PROSPECTUS,13,3
55113,8410500030650,600.0,Danone,"Iogurte Líquido Defesa Laranja e Multifrutas Tripla Ação, 6 x 100g",,3.19,5.32,0,kg,€/Kg,,,https://driveimg1.intermarche.com/pt/Content/images/boitmal/produit/zoom/5762F1DEEFA584C3F413E0A8C1F308F1.jpg,,,,,,,2025-03-12T23:59:59.999999999Z,PROSPECTUS,13,3
55115,8410500030742,600.0,Danone,"Iogurte Líquido Defesa Natural Kids, 6 x 100g",,1.49,2.48,0,kg,€/Kg,,,https://driveimg1.intermarche.com/pt/Content/images/boitmal/produit/zoom/B4C2D9020C9DA1660CBA3D6FFBCE88DA.jpg,,,,,,,2025-03-12T23:59:59.999999999Z,PROSPECTUS,13,3
55295,8445291325067,250.0,Nestum,"Nestum Morango Proteína, 250g",,2.39,9.56,0,kg,€/Kg,,,https://driveimg1.intermarche.com/pt/Content/images/boitmal/produit/zoom/A2E2A31D60F998AA375BAFA70F3809EE.jpg,,,,,,,2025-03-12T23:59:59.999999999Z,PROSPECTUS,13,3
6205,8001480020450,2000.0,Neoblanc,Lixívia Denso-Activa Harmonias Florais p/ Casa e Roupa,Embalagem de 2 l,2.99,1.5,2000,L,€/L,,,https://driveimg1.intermarche.com/pt/Content/images/boitmal/produit/zoom/C3481E94CAB9959473CAD676E85F2973.jpg,,,,,,,2025-03-12T23:59:59.999999999Z,PROSPECTUS,13,3
6208,8001480020580,2000.0,Neoblanc,Lixívia Denso-Activa Tradicional p/ Casa e Roupa,Embalagem de 2 l,2.99,1.5,2000,L,€/L,,,https://driveimg1.intermarche.com/pt/Content/images/boitmal/produit/zoom/7CE5B1AAB75A1C5E9FE59503408E0B94.jpg,,,,,,,2025-03-12T23:59:59.999999999Z,PROSPECTUS,13,3
7188,3014260020118,,Oral B,Escova de dentes complete 5 benefícios,,1.64,1.64,0,,€/Unidade,,,https://driveimg1.intermarche.com/pt/Content/images/boitmal/produit/zoom/0F4D474DD30CE176CE7DCABD74DD9D03.jpg,,,,,,,2025-03-12T23:59:59.999999999Z,PROSPECTUS,13,3
8399,5601050033809,620.0,Danone,"Iogurte activia líquido morango, embalagem de 4 x 155 g",,1.99,3.21,0,kg,€/Kg,,,https://driveimg1.intermarche.com/pt/Content/images/boitmal/produit/zoom/D308B1FB4C89B3E5388CD017CB0E1529.jpg,,,,,,,2025-03-12T23:59:59.999999999Z,PROSPECTUS,13,3
8413,8410500008932,600.0,Danone,"Actimel iogurte líquido de morango, de 6 x 100g",,2.89,4.82,0,kg,€/Kg,,,https://driveimg1.intermarche.com/pt/Content/images/boitmal/produit/zoom/F5F985DE2C1FEBCCE4ED6002098F416C.jpg,,,,,,,2025-03-12T23:59:59.999999999Z,PROSPECTUS,13,3
8414,0000084105554,600.0,Danone,"Iogurte líquido natural, pack 6 x 100 g",,2.89,4.82,0,kg,€/Kg,,,https://driveimg1.intermarche.com/pt/Content/images/boitmal/produit/zoom/0D1F331132D6ABD29FDCEFD550221808.jpg,,,,,,,2025-03-12T23:59:59.999999999Z,PROSPECTUS,13,3
9279,5603533652002,1000.0,Frize,"Água com gás limão, pack 4 x 0.25 l",,2.09,2.09,1000,L,€/L,,,https://driveimg1.intermarche.com/pt/Content/images/boitmal/produit/zoom/11B7A1FE3C8011649267813E9487639D.jpg,,,,,,,2025-03-12T23:59:59.999999999Z,PROSPECTUS,13,3
944,5601001339301,200.0,Nestlé,"Mistura solúvel mokambo, embalagem de 200g",,4.19,20.95,0,kg,€/Kg,,,https://driveimg1.intermarche.com/pt/Content/images/boitmal/produit/zoom/7654D4A8AEB526591EE0FD0D1A7BE478.jpg,,,,,,,2025-03-12T23:59:59.999999999Z,PROSPECTUS,13,3
26047,8412600070994,650.0,Bimbo,Pão de forma s/ côdea,Embalagem de 650 g,2.14,3.29,0,kg,€/Kg,,,https://driveimg1.intermarche.com/pt/Content/images/boitmal/produit/zoom/29A6957961BACB180F45AAA47CD1FB78.jpg,,,,,,,2025-03-12T23:59:59.999999999Z,PROSPECTUS,13,3
12884,2892009000000,200.0,Fruta,Limão,1 un = 200 gr (aprox.),0.26,1.29,0,,€/Kg,,,https://driveimg1.intermarche.com/pt/Content/images/boitmal/produit/zoom/5223F19D9F11D77A77B2577CB1D4D05C.jpg,,,,,,,2025-03-12T23:59:59.999999999Z,PROSPECTUS,13,3
13981,2696138000000,60.0,Pastelaria,Pastel de Nata,60 g,0.39,6.5,0,kg,€/Kg,,,https://driveimg1.intermarche.com/pt/Content/images/boitmal/produit/zoom/EA9B10BF07D95E268418206A452F7022.jpg,,,,,,,2025-03-12T23:59:59.999999999Z,PROSPECTUS,13,3
23276,5604260281299,175.0,PorSi,Salada Gourmet Programa Origens,Embalagem de 175g,1.29,7.37,0,kg,€/Kg,,,https://driveimg1.intermarche.com/pt/Content/images/boitmal/produit/zoom/4B8FE4793F676EB4D411F04A36543FE6.jpg,,,,,,,2025-03-12T23:59:59.999999999Z,PROSPECTUS,13,3
40769,5604260301942,300.0,PorSi,Comida húmida para cão,Embalagem de 300 g,0.75,2.5,0,kg,€/Kg,,,https://driveimg1.intermarche.com/pt/Content/images/boitmal/produit/zoom/D9C4A619B4359B319F6376BE6477D965.jpg,,,,,,,2025-03-19T23:59:59.999999999Z,PROSPECTUS,13,3
9311,5603722502064,250.0,Mimosa,"Manteiga fácil de barrar, embalagem de 250g",,2.19,8.76,0,kg,€/Kg,,,https://driveimg1.intermarche.com/pt/Content/images/boitmal/produit/zoom/FEF75CFD36A5CE8709DF5D4930F11917.jpg,https://driveimg1.intermarche.com/pt/Content/images/boitmal/produit/zoom/A8C47E9F1F12DFE2439D3530C38E2D87.jpg,https://driveimg1.intermarche.com/pt/Content/images/boitmal/produit/zoom/2EE410FD3A0147BBB442FA96902FFF46.jpg,,,,,2025-03-12T23:59:59.999999999Z,PROSPECTUS,13,3
15027,2892227000000,140.0,Fruta,Maçã Royal Gala,1 un = 140 gr (aprox.),0.19,1.39,0,,€/Kg,,,https://driveimg1.intermarche.com/pt/Content/images/boitmal/produit/zoom/7E1EADDC44BABCBED3CC49D2A4165E58.jpg,,,,,,,2025-03-12T23:59:59.999999999Z,PROSPECTUS,13,3
8752,5601217102065,1000.0,Finish,"Sal para máquina de lavar loiça, embalagem de 1 kg",,1.89,1.89,0,kg,€/Kg,,,https://driveimg1.intermarche.com/pt/Content/images/boitmal/produit/zoom/D8090F73E97416F92FF4C25B1B1ED407.jpg,,,,,,,2025-03-12T23:59:59.999999999Z,PROSPECTUS,13,3
1981,5604260062751,250.0,PorSi,Mostarda top down,Embalagem de 250 g,1.15,4.6,0,kg,€/Kg,,,https://driveimg1.intermarche.com/pt/Content/images/boitmal/produit/zoom/62BD981849DD9367C788CF766A540F5F.jpg,,,,,,,2025-03-12T23:59:59.999999999Z,PROSPECTUS,13,3
23582,5604260281275,175.0,PorSi,Salada premium Origens,embalagem de 175 g,1.29,7.37,0,kg,€/Kg,,,https://driveimg1.intermarche.com/pt/Content/images/boitmal/produit/zoom/A8F765E7D8A6C281765A51B35764D182.jpg,,,,,,,2025-03-12T23:59:59.999999999Z,PROSPECTUS,13,3
35824,5604260292158,,PorSi,Papel higiénico compacto 2 folhas,18 = 36 Rolos,6.79,6.79,0,,€/Unidade,,,https://driveimg1.intermarche.com/pt/Content/images/boitmal/produit/zoom/4689CBD2009C13E1DAEC5A2843608B81.jpg,,,,,,,2025-03-12T23:59:59.999999999Z,PROSPECTUS,13,3
37599,5604260296736,200.0,PorSi,Queijo emmental ralado,Embalagem de 200 g,1.79,8.95,0,kg,€/Kg,,,https://driveimg1.intermarche.com/pt/Content/images/boitmal/produit/zoom/F04EBAB4832A0DA9BCFCD22BDA4669B8.jpg,,,,,,,2025-03-12T23:59:59.999999999Z,PROSPECTUS,13,3
861,5010394996587,500.0,Pedigree,"Guloseima para cão markies, embalagem de 500g",,3.59,7.18,0,kg,€/Kg,,,https://driveimg1.intermarche.com/pt/Content/images/boitmal/produit/zoom/F33E65574F1E1B31A1F045354DE41660.jpg,,,,,,,2025-03-19T23:59:59.999999999Z,PROSPECTUS,13,3
49215,5604260322800,,PorSi,Detergente líquido máquina roupa sabão natural,40 doses,3.3,3.3,0,,€/Unidade,,,https://driveimg1.intermarche.com/pt/Content/images/boitmal/produit/zoom/1050941D8226F2FD6BB56637BBE1285A.jpg,,,,,,,2025-03-12T23:59:59.999999999Z,PROSPECTUS,13,3
48209,5604260322787,1980.0,PorSi,"Detergente líquido máquina de roupa delicada, 66 doses",,2.79,1.41,1980,L,€/L,,,https://driveimg1.intermarche.com/pt/Content/images/boitmal/produit/zoom/D1552534B80C43B5DC20090AA96CB12B.jpg,,,,,,,2025-03-12T23:59:59.999999999Z,PROSPECTUS,13,3
44234,8710522854815,257.0,Calvé,"Mostarda top down, embalagem de 257g",,1.68,6.54,0,kg,€/Kg,,,https://driveimg1.intermarche.com/pt/Content/images/boitmal/produit/zoom/63AC7BC5BB2C7D5CE58B458BE855CC4A.jpg,,,,,,,2025-03-12T23:59:59.999999999Z,PROSPECTUS,13,3
11963,5603722505775,250.0,Mimosa,"Manteiga sem sal, embalagem de 250g",,2.14,8.56,0,kg,€/Kg,,,https://driveimg1.intermarche.com/pt/Content/images/boitmal/produit/zoom/9BCF64C54A7D7626D65710EBF82436CC.jpg,https://driveimg1.intermarche.com/pt/Content/images/boitmal/produit/zoom/1EA90F949357E7F98D48732996035C6E.jpg,https://driveimg1.intermarche.com/pt/Content/images/boitmal/produit/zoom/1F0AD169BB42B947BB5B96F6E89FDECD.jpg,,,,,2025-03-12T23:59:59.999999999Z,PROSPECTUS,13,3
14597,5604260272082,250.0,PorSi,Salsicha bockwurst 5 unidades,Embalagem de 250g,2.49,9.96,0,kg,€/Kg,,,https://driveimg1.intermarche.com/pt/Content/images/boitmal/produit/zoom/E01150DA5C91CBBABADD912A75A484DB.jpg,,,,,,,2025-03-12T23:59:59.999999999Z,PROSPECTUS,13,3
22307,5601019012647,390.0,Guloso,"Tomate em pedaços, embalagem de 390g",,1.45,3.72,0,kg,€/Kg,,,https://driveimg1.intermarche.com/pt/Content/images/boitmal/produit/zoom/5ED4DE98BAC903A7106FCD013B7A79FA.jpg,,,,,,,2025-03-12T23:59:59.999999999Z,PROSPECTUS,13,3
36667,5604260294374,1000.0,PorSi,Arroz Agulha América do Sul,Embalagem de 1 kg,1.45,1.45,0,kg,€/Kg,,,https://driveimg1.intermarche.com/pt/Content/images/boitmal/produit/zoom/760340CDA1C73D35008E600311C41F68.jpg,,,,,,,2025-03-12T23:59:59.999999999Z,PROSPECTUS,13,3
17827,5603344531022,110.0,General,Atum posta em óleo,Embalagem de 110g,0.94,8.55,0,kg,€/Kg,,,https://driveimg1.intermarche.com/pt/Content/images/boitmal/produit/zoom/6CF8780AD6CFF5E4D2703538338330A5.jpg,,,,,,,2025-03-12T23:59:59.999999999Z,PROSPECTUS,13,3
17112,5604260319589,,PorSi,Papel higiénico compacto,24 rolos,9.25,9.25,0,,€/Unidade,,,https://driveimg1.intermarche.com/pt/Content/images/boitmal/produit/zoom/C3591F9DBEF2F62E15D213A80066E204.jpg,,,,,,,2025-03-12T23:59:59.999999999Z,PROSPECTUS,13,3
16042,8410022000025,200.0,Donuts,Donuts classic,Embalagem de 200g,2.19,10.95,0,kg,€/Kg,,,https://driveimg1.intermarche.com/pt/Content/images/boitmal/produit/zoom/E1B9DB77B40B4B4B4AC4E69C7559B6D6.jpg,,,,,,,2025-03-12T23:59:59.999999999Z,PROSPECTUS,13,3
43392,5604260311378,375.0,PorSi,Cereais bolas com mel,Embalagem de 375g,1.79,4.77,0,kg,€/Kg,,,https://driveimg1.intermarche.com/pt/Content/images/boitmal/produit/zoom/E686EAE4A3B1CBA594ADC6301BF9F075.jpg,,,,,,,2025-03-12T23:59:59.999999999Z,PROSPECTUS,13,3
51608,8006540830918,820.0,Fairy,Detergente Líquido p/ Lavar Loiça Limão,Embalagem de 820 ml,4.89,5.96,820,L,€/L,,,https://driveimg1.intermarche.com/pt/Content/images/boitmal/produit/zoom/F542477DBDEED3AD6C2F55650254DA51.jpg,,,,,,,2025-03-12T23:59:59.999999999Z,PROSPECTUS,13,3
20967,5601027002593,175.0,Manhãzitos,5 manhãzitos choco chips,Embalagem de 175 g,2.24,12.8,0,kg,€/Kg,,,https://driveimg1.intermarche.com/pt/Content/images/boitmal/produit/zoom/6EB4FB571FE310CEFF50998F54BCFA17.jpg,,,,,,,2025-03-12T23:59:59.999999999Z,PROSPECTUS,13,3
48092,5604260322435,85.0,PorSi Select,Comida húmida gato adulto c/ frango,Embalagem de 85g,0.59,6.94,0,kg,€/Kg,,,https://driveimg1.intermarche.com/pt/Content/images/boitmal/produit/zoom/D84CC7B70A355206695BB81A8F5D3D9E.jpg,,,,,,,2025-03-19T23:59:59.999999999Z,PROSPECTUS,13,3
48476,5604260323012,400.0,PorSi,Comida húmida para gato júnior,Embalagem de 4 x 100 g,1.89,4.73,0,kg,€/Kg,,,https://driveimg1.intermarche.com/pt/Content/images/boitmal/produit/zoom/132F1547DAD16000C7A850DD746706C0.jpg,,,,,,,2025-03-19T23:59:59.999999999Z,PROSPECTUS,13,3
5095,5601050026405,300.0,Danone,"Queijinho dadoninho petitdino de morango, embalagem de 6 x 50g",,1.99,6.63,0,kg,€/Kg,,,https://driveimg1.intermarche.com/pt/Content/images/boitmal/produit/zoom/285FD05A8135D405134AF6FB325A781F.jpg,,,,,,,2025-03-12T23:59:59.999999999Z,PROSPECTUS,13,3
15489,7613031884247,4000.0,Friskies,"Ração para gato adulto com vaca, frango, embalagem de 4kg",,9.99,2.5,0,kg,€/Kg,,,https://driveimg1.intermarche.com/pt/Content/images/boitmal/produit/zoom/AA74DE430E0D577781082E763F8D5C13.jpg,,,,,,,2025-03-19T23:59:59.999999999Z,PROSPECTUS,13,3
41226,5601050036572,440.0,Danone,"Oikos morango, embalagem de 4 x 110g",,1.99,4.52,0,kg,€/Kg,,,https://driveimg1.intermarche.com/pt/Content/images/boitmal/produit/zoom/2653493E2B1190B7D8AE6B95BAB9D958.jpg,,,,,,,2025-03-12T23:59:59.999999999Z,PROSPECTUS,13,3
939,5601001315107,200.0,Nestlé,"Mistura solúvel tofina despertar, embalagem de 200g",,2.89,14.45,0,kg,€/Kg,,,https://driveimg1.intermarche.com/pt/Content/images/boitmal/produit/zoom/CC5A47735407D4C3B415883C0C674337.jpg,,,,,,,2025-03-12T23:59:59.999999999Z,PROSPECTUS,13,3
27950,5604260281404,450.0,PorSi,Mistura saborosa,Embalagem de 450g,1.49,3.31,0,kg,€/Kg,,,https://driveimg1.intermarche.com/pt/Content/images/boitmal/produit/zoom/9FC1BB19FC125562EBD7537C69EF7799.jpg,,,,,,,2025-03-12T23:59:59.999999999Z,PROSPECTUS,13,3
36910,5604260326068,,PorSi,Fraldas agility T6 para + de 17 kg,30 unidades,5.69,5.69,0,,€/Unidade,,,https://driveimg1.intermarche.com/pt/Content/images/boitmal/produit/zoom/2D6509B4067EF4A8937FE7D6911507B8.jpg,,,,,,,2025-03-12T23:59:59.999999999Z,PROSPECTUS,13,3
44914,5601119345379,160.0,Nobre,"Vegalia especialidade vegetariana de soja, lata com 8 unidades",,2.09,13.06,0,kg,€/Kg,,,https://driveimg1.intermarche.com/pt/Content/images/boitmal/produit/zoom/8AC478A6669D2DB4609CB7280CA417C4.jpg,,,,,,,2025-03-12T23:59:59.999999999Z,PROSPECTUS,13,3
49326,5603722520594,180.0,Milhafre,Queijo açoriano com -50% gordura,Embalagem de 180g,2.15,11.94,0,kg,€/Kg,,,https://driveimg1.intermarche.com/pt/Content/images/boitmal/produit/zoom/47969256C6F61652CFCE8A9B10492F28.jpg,,,,,,,2025-03-12T23:59:59.999999999Z,PROSPECTUS,13,3
6404,8410376017113,500.0,Gullón,"Bolacha recheada mega duo chocolate, embalagem de 500g",,2.69,5.38,0,kg,€/Kg,,,https://driveimg1.intermarche.com/pt/Content/images/boitmal/produit/zoom/C45733893FB084218EB8D5FCB2E025BB.jpg,,,,,,,2025-03-12T23:59:59.999999999Z,PROSPECTUS,13,3
13577,2893572000000,200.0,Peixaria,Pota Inteira Congelada,1 un= 200 gr (aprox.),1.1,5.49,0,,€/Kg,,Avantages !,https://driveimg1.intermarche.com/pt/Content/images/boitmal/produit/zoom/B2D6321EA80C5271A6C9DE3162C36D95.jpg,,,,,,,2025-03-12T23:59:59.999999999Z,PROSPECTUS,13,3
15955,7613032408794,85.0,Purina Gourmet,"Comida húmida para gato peixe do oceano, embalagem de 90g",,0.87,10.24,0,kg,€/Kg,,,https://driveimg1.intermarche.com/pt/Content/images/boitmal/produit/zoom/FEEA8DEA9BB460BB34BF8E0ADF22D62F.jpg,,,,,,,2025-03-19T23:59:59.999999999Z,PROSPECTUS,13,3
28680,5605173897287,2000.0,Maçã da Beira Alta IGP,Maçã Royal Gala,Embalagem de 2 kg,2.45,1.23,0,kg,€/Kg,,,https://driveimg1.intermarche.com/pt/Content/images/boitmal/produit/zoom/2E40710F5884B814CB8315AFA36D74DB.jpg,,,,,,,2025-03-12T23:59:59.999999999Z,PROSPECTUS,13,3
31554,8435257039138,1280.0,Nestlé,"Nestlé - iogurte líquido de tutti-frutti, pack 8 x 160 g",,3.89,3.04,0,kg,€/Kg,,,https://driveimg1.intermarche.com/pt/Content/images/boitmal/produit/zoom/FBACDDE5448B1E7990331AE3CC79D8AF.jpg,,,,,,,2025-03-12T23:59:59.999999999Z,PROSPECTUS,13,3
36909,5604260326051,,PorSi,Fraldas agility T5 de 13 a 18 kg,44 unidades,6.69,6.69,0,,€/Unidade,,,https://driveimg1.intermarche.com/pt/Content/images/boitmal/produit/zoom/F91AD218F09F7463086441C73F6CFCB5.jpg,,,,,,,2025-03-12T23:59:59.999999999Z,PROSPECTUS,13,3
40672,5609060095992,100.0,Delta,Café solúvel intenso,Embalagem de 100g,3.09,30.9,0,kg,€/Kg,,,https://driveimg1.intermarche.com/pt/Content/images/boitmal/produit/zoom/9D4895AD34340D994C0746A03FC85B3A.jpg,,,,,,,2025-03-12T23:59:59.999999999Z,PROSPECTUS,13,3
44252,5601019012890,210.0,Guloso,"Tomate frito, embalagem de 210g",,0.86,4.1,0,kg,€/Kg,,,https://driveimg1.intermarche.com/pt/Content/images/boitmal/produit/zoom/8B263589AC7E30970A012A4A83920952.jpg,,,,,,,2025-03-12T23:59:59.999999999Z,PROSPECTUS,13,3
11942,5603533492202,1000.0,Frize,"Água com gás groselha, pack 4 x 0.25 l",,2.09,2.09,1000,L,€/L,,,https://driveimg1.intermarche.com/pt/Content/images/boitmal/produit/zoom/9F272D120CD1620A52E8FDFD1398797A.jpg,,,,,,,2025-03-12T23:59:59.999999999Z,PROSPECTUS,13,3
13990,2696200000000,,Pastelaria,Folhado de salsichas,1 unidade = 110 g,0.99,0.99,0,,€/Unidade,,,https://driveimg1.intermarche.com/pt/Content/images/boitmal/produit/zoom/4DCF72DC736051BE772FEB48C9B7E455.jpg,,,,,,,2025-03-12T23:59:59.999999999Z,PROSPECTUS,13,3
15503,8410500018931,400.0,Danonino Danone,"Iogurte líquido danonino tutti frutti, embalagem de 4 x 100 g",,1.99,4.98,0,kg,€/Kg,,,https://driveimg1.intermarche.com/pt/Content/images/boitmal/produit/zoom/49D4DFA8C6DABEB79926D4F0312C64D8.jpg,,,,,,,2025-03-12T23:59:59.999999999Z,PROSPECTUS,13,3
16857,5603344531114,110.0,General,Atum natural,Embalagem de 110g,1.1,10.0,0,kg,€/Kg,,,https://driveimg1.intermarche.com/pt/Content/images/boitmal/produit/zoom/D147FF3405CBBBAF67756FEDE1B5317A.jpg,,,,,,,2025-03-12T23:59:59.999999999Z,PROSPECTUS,13,3
16933,5604260277292,55.0,PorSi,Café em cápsulas fortíssimo,Embalagem de 55g,1.89,34.36,0,kg,€/Kg,,,https://driveimg1.intermarche.com/pt/Content/images/boitmal/produit/zoom/D2685B35A81DF08A80F802272D6D4C46.jpg,,,,,,,2025-03-12T23:59:59.999999999Z,PROSPECTUS,13,3
17892,5601082039800,220.0,Delta Q,Café xl qalidus cápsulas,Embalagem de 220g,15.99,72.68,0,kg,€/Kg,,,https://driveimg1.intermarche.com/pt/Content/images/boitmal/produit/zoom/CC1942C4B68078F0368F602F327C039D.jpg,,,,,,,2025-03-12T23:59:59.999999999Z,PROSPECTUS,13,3
48093,5604260322459,85.0,PorSi Select,Comida húmida gato adulto c/ peixe,Embalagem de 85g,0.59,6.94,0,kg,€/Kg,,,https://driveimg1.intermarche.com/pt/Content/images/boitmal/produit/zoom/82A558BEAF47320C40149C066B08F2E8.jpg,,,,,,,2025-03-19T23:59:59.999999999Z,PROSPECTUS,13,3
50416,8410500028268,900.0,Danone,"Iogurte Natural Oikos,  900g",,4.19,4.66,0,kg,€/Kg,,,https://driveimg1.intermarche.com/pt/Content/images/boitmal/produit/zoom/BE2729F7AF85DB2F2D16166480DF9AA2.jpg,,,,,,,2025-03-12T23:59:59.999999999Z,PROSPECTUS,13,3
1453,5601286207579,500.0,Milaneza,"Massa para lasanha com ovo, embalagem de 500g",,1.93,3.86,0,kg,€/Kg,,,https://driveimg1.intermarche.com/pt/Content/images/boitmal/produit/zoom/CF24B89A0856350191ED577D5DB60D92.jpg,,,,,,,2025-03-12T23:59:59.999999999Z,PROSPECTUS,13,3
2281,5604260270118,55.0,PorSi,Café em Cápsulas veneza,10 Unidades,1.89,34.36,0,kg,€/Kg,,,https://driveimg1.intermarche.com/pt/Content/images/boitmal/produit/zoom/D116B291766A226D4C93852C6F88B818.jpg,,,,,,,2025-03-12T23:59:59.999999999Z,PROSPECTUS,13,3
36952,7613036862295,,Nescafé,"Café em cápsulas dolce gusto intenso, 16 cápsulas",,5.59,5.59,16,,€/Unidade,,,https://driveimg1.intermarche.com/pt/Content/images/boitmal/produit/zoom/E961429E3414F1C39643E5CB1F2C82A7.jpg,,,,,,,2025-03-12T23:59:59.999999999Z,PROSPECTUS,13,3
45405,3023290053508,150.0,Lindahls,"Pudim de baunilha + proteína, 150g",,1.69,11.27,0,kg,€/Kg,,,https://driveimg1.intermarche.com/pt/Content/images/boitmal/produit/zoom/CD482C5BF61320A2B85EA62D20469CB9.jpg,,,,,,,2025-03-12T23:59:59.999999999Z,PROSPECTUS,13,3
48391,5604260320776,,PorSi,Pensos diários aloé vera,Embalagem de 30 unidades,1.49,1.49,30,,€/Unidade,,,https://driveimg1.intermarche.com/pt/Content/images/boitmal/produit/zoom/426BC6B3A43ECA8BD3AF55D0BF70998F.jpg,,,,,,,2025-03-12T23:59:59.999999999Z,PROSPECTUS,13,3
51539,8410436441971,1250.0,Sonasol,"Lava Tudo Amoniacal, 1.25 litros",,2.09,1.67,1250,L,€/L,,,https://driveimg1.intermarche.com/pt/Content/images/boitmal/produit/zoom/ADC2C768ECFDB2F140F8B3BBFE7C6F66.jpg,,,,,,,2025-03-12T23:59:59.999999999Z,PROSPECTUS,13,3
854,5010394133852,500.0,Pedigree,"Guloseima para cão biscrok, embalagem de 500 g",,3.49,6.98,0,kg,€/Kg,,,https://driveimg1.intermarche.com/pt/Content/images/boitmal/produit/zoom/0D226EB3269B404D077B080902C1C0AC.jpg,,,,,,,2025-03-19T23:59:59.999999999Z,PROSPECTUS,13,3
8672,5601164902589,5000.0,Super Bock,"Cerveja com álcool, pack 20 x 25 cl",,9.99,2.0,5000,L,€/L,,,https://driveimg1.intermarche.com/pt/Content/images/boitmal/produit/zoom/2F3621A27B73789EDA7DDA7347F7A8AE.jpg,,,,,,,2025-03-12T23:59:59.999999999Z,PROSPECTUS,13,3
12471,8435257040868,640.0,Nestlé,"Iogurte líquido yoggi morango/banana, embalagem de 4 x 160g",,1.99,3.11,0,kg,€/Kg,,,https://driveimg1.intermarche.com/pt/Content/images/boitmal/produit/zoom/E92C48D7A1A5BA67322D0E6250F5BAFF.jpg,,,,,,,2025-03-12T23:59:59.999999999Z,PROSPECTUS,13,3
18596,8410500016029,400.0,Danone,"Iogurte líquido danonino morango/banana, embalagem de 4 x 100 g",,1.99,4.98,0,kg,€/Kg,,,https://driveimg1.intermarche.com/pt/Content/images/boitmal/produit/zoom/79AABB1D751FE6F57112090F819DD6BE.jpg,,,,,,,2025-03-12T23:59:59.999999999Z,PROSPECTUS,13,3
24410,8710908859502,750.0,Cif,"Spray power&shine multiusos com lixívia, de 750 ml",,2.69,3.59,750,L,€/L,,,https://driveimg1.intermarche.com/pt/Content/images/boitmal/produit/zoom/BC1FC8E39B43E72D32F4657C6D001534.jpg,,,,,,,2025-03-12T23:59:59.999999999Z,PROSPECTUS,13,3
41300,5601050036596,440.0,Danone,"Iogurte oikos manga papaya, embalagem de 4 x 110g",,1.99,4.52,0,kg,€/Kg,,,https://driveimg1.intermarche.com/pt/Content/images/boitmal/produit/zoom/407B76EA9B8AB5CE288E3F687A8DBF84.jpg,,,,,,,2025-03-12T23:59:59.999999999Z,PROSPECTUS,13,3
41384,5601050036602,440.0,Danone,"Iogurte grego oikos stracciatella, embalagem de 4 x 110g",,1.99,4.52,0,kg,€/Kg,,,https://driveimg1.intermarche.com/pt/Content/images/boitmal/produit/zoom/4F7A349ED222FA644F51711D6A4D74B4.jpg,,,,,,,2025-03-12T23:59:59.999999999Z,PROSPECTUS,13,3
44804,3023290048924,150.0,Lindahls,"Pudim de chocolate + proteína, 150g",,1.69,11.27,0,kg,€/Kg,,,https://driveimg1.intermarche.com/pt/Content/images/boitmal/produit/zoom/989B5F16D9E5F4A7EB2B3AE42115DF4A.jpg,,,,,,,2025-03-12T23:59:59.999999999Z,PROSPECTUS,13,3
8068,5011417544679,400.0,Finish,Abrilhantador p/ máquina de lavar loiça,Garrafa de 400 ml,3.99,9.98,400,L,€/L,,,https://driveimg1.intermarche.com/pt/Content/images/boitmal/produit/zoom/5D045CC65EE222532216DB5B0BF2A582.jpg,,,,,,,2025-03-12T23:59:59.999999999Z,PROSPECTUS,13,3
815,5000116106172,250.0,Capitão Iglo,"Douradinhos de frango, 10 unidades, embalagem de 250g",,3.49,13.96,0,kg,€/Kg,,Tipo de stockagem,https://driveimg1.intermarche.com/pt/Content/images/boitmal/produit/zoom/C5A8F3400BD1CDAA3A658C1B6BE7A4E1.jpg,,,,,,,2025-03-12T23:59:59.999999999Z,PROSPECTUS,13,3
8388,5601049152993,1000.0,Mimosa,"Leite especial cálcio + vitamina d m/g, de 1l",,0.98,0.98,1000,L,€/L,,,https://driveimg1.intermarche.com/pt/Content/images/boitmal/produit/zoom/AE995344CF7D57F674EA8EE465C57CA4.jpg,,,,,,,2025-03-12T23:59:59.999999999Z,PROSPECTUS,13,3
1191,5601119009660,180.0,Nobre,"Mini salsichas cocktail, lata de 180g",,1.79,9.94,0,kg,€/Kg,,,https://driveimg1.intermarche.com/pt/Content/images/boitmal/produit/zoom/FEBC979069AC159E9B8E5F8DD02E763D.jpg,,,,,,,2025-03-12T23:59:59.999999999Z,PROSPECTUS,13,3
1982,5604260062768,500.0,PorSi,Mostarda Top Down,500 g,1.89,3.78,0,kg,€/Kg,,,https://driveimg1.intermarche.com/pt/Content/images/boitmal/produit/zoom/D6C181660EA01FCCBFCCCE2AF9CE1997.jpg,,,,,,,2025-03-12T23:59:59.999999999Z,PROSPECTUS,13,3
21749,7613035766532,250.0,Nestum,"Nestum chocolate, embalagem de 250g",,2.14,8.56,0,kg,€/Kg,,,https://driveimg1.intermarche.com/pt/Content/images/boitmal/produit/zoom/56615AB89B36DE078E553AF04539E1E0.jpg,,,,,,,2025-03-12T23:59:59.999999999Z,PROSPECTUS,13,3
34598,5600376210192,250.0,Pasta do Dia,"Folhas de massa fresca para lasanha, embalagem de 250g",,1.89,7.56,0,kg,€/Kg,,,https://driveimg1.intermarche.com/pt/Content/images/boitmal/produit/zoom/F25BB23250A74E5C6160321C93D6A266.jpg,,,,,,,2025-03-12T23:59:59.999999999Z,PROSPECTUS,13,3
37814,5604260301089,,PorSi,Fraldas premium T5 - 13 a 18 kg,42 unidades,8.1,8.1,0,,€/Unidade,,,https://driveimg1.intermarche.com/pt/Content/images/boitmal/produit/zoom/C13EDAEA790705BF6C3FF3D6193E73D1.jpg,,,,,,,2025-03-12T23:59:59.999999999Z,PROSPECTUS,13,3
41582,5601050036626,440.0,Danone,"Iogurte grego café, embalagem de 4 x 110g",,1.99,4.52,0,kg,€/Kg,,,https://driveimg1.intermarche.com/pt/Content/images/boitmal/produit/zoom/EF95F2D28E70847A0AC4BCB56F85C051.jpg,,,,,,,2025-03-12T23:59:59.999999999Z,PROSPECTUS,13,3
41823,5604260304820,1200.0,PorSi,Água tonica,pack 6 x 0.2 l,2.69,2.24,1200,L,€/L,,,https://driveimg1.intermarche.com/pt/Content/images/boitmal/produit/zoom/23FF6661A5D3545FE0EB9E7F7E7E7BDB.jpg,,,,,,,2025-03-12T23:59:59.999999999Z,PROSPECTUS,13,3
42849,5604260308019,1000.0,PorSi Bio,Bio bebida soja natural,embalagem de 1 litro,0.94,0.94,1000,L,€/L,,Produtos Bio,https://driveimg1.intermarche.com/pt/Content/images/boitmal/produit/zoom/D68BCA87C01974D9C9D9721C9B8735AE.jpg,https://driveimg1.intermarche.com/pt/Content/images/boitmal/produit/zoom/A719986887CCAA7BB37BDD96A9897A6B.jpg,https://driveimg1.intermarche.com/pt/Content/images/boitmal/produit/zoom/A719986887CCAA7BB37BDD96A9897A6B.jpg,https://driveimg1.intermarche.com/pt/Content/images/boitmal/produit/zoom/A719986887CCAA7BB37BDD96A9897A6B.jpg,https://driveimg1.intermarche.com/pt/Content/images/boitmal/produit/zoom/A719986887CCAA7BB37BDD96A9897A6B.jpg,,,2025-03-12T23:59:59.999999999Z,PROSPECTUS,13,4
43011,5604260307210,300.0,PorSi,Comida húmida para cão de peru,Embalagem de 300 g,0.75,2.5,0,kg,€/Kg,,,https://driveimg1.intermarche.com/pt/Content/images/boitmal/produit/zoom/AE75F326B51996BD6ABA74276377C9ED.jpg,https://driveimg1.intermarche.com/pt/Content/images/boitmal/produit/zoom/A5C82BE522F15BBA14EEE2D9C8DA8265.jpg,https://driveimg1.intermarche.com/pt/Content/images/boitmal/produit/zoom/A5C82BE522F15BBA14EEE2D9C8DA8265.jpg,https://driveimg1.intermarche.com/pt/Content/images/boitmal/produit/zoom/A5C82BE522F15BBA14EEE2D9C8DA8265.jpg,https://driveimg1.intermarche.com/pt/Content/images/boitmal/produit/zoom/A5C82BE522F15BBA14EEE2D9C8DA8265.jpg,https://driveimg1.intermarche.com/pt/Content/images/boitmal/produit/zoom/A5C82BE522F15BBA14EEE2D9C8DA8265.jpg,https://driveimg1.intermarche.com/pt/Content/images/boitmal/produit/zoom/A5C82BE522F15BBA14EEE2D9C8DA8265.jpg,2025-03-19T23:59:59.999999999Z,PROSPECTUS,13,4
48912,5604260320738,,PorSi,Penso diário flexível,Embalagem de 30 unidades,1.19,1.19,30,,€/Unidade,,,https://driveimg1.intermarche.com/pt/Content/images/boitmal/produit/zoom/02DA833588073BDC561C23CFA4731F20.jpg,https://driveimg1.intermarche.com/pt/Content/images/boitmal/produit/zoom/6C708E86324811EC4E28BFC0CD3C11BA.jpg,https://driveimg1.intermarche.com/pt/Content/images/boitmal/produit/zoom/6C708E86324811EC4E28BFC0CD3C11BA.jpg,https://driveimg1.intermarche.com/pt/Content/images/boitmal/produit/zoom/6C708E86324811EC4E28BFC0CD3C11BA.jpg,https://driveimg1.intermarche.com/pt/Content/images/boitmal/produit/zoom/6C708E86324811EC4E28BFC0CD3C11BA.jpg,,,2025-03-12T23:59:59.999999999Z,PROSPECTUS,13,4
10148,8410188012092,500.0,KelloggS,"Cereais corn flakes, embalagem de 500g",,3.49,6.98,0,kg,€/Kg,,,https://driveimg1.intermarche.com/pt/Content/images/boitmal/produit/zoom/50134096BD8DC39E1EABB6827BC545AE.jpg,,,,,,,2025-03-12T23:59:59.999999999Z,PROSPECTUS,13,4
13522,2893514000000,200.0,Peixaria,Choco Pequeno Congelado,1 un= 200 gr (aprox.),1.9,9.49,0,,€/Kg,,Avantages !,https://driveimg1.intermarche.com/pt/Content/images/boitmal/produit/zoom/37754AAC1A8B81BA5D21C470572981B5.jpg,,,,,,,2025-03-12T23:59:59.999999999Z,PROSPECTUS,13,4
15741,7613034945808,1500.0,Friskies,Ração para gato bolas de pelo com frango,"Embalagem de 1,5kg",5.84,3.89,0,kg,€/Kg,,,https://driveimg1.intermarche.com/pt/Content/images/boitmal/produit/zoom/C4F10147F3FEEC714C8DFD0AEDE562BD.jpg,,,,,,,2025-03-19T23:59:59.999999999Z,PROSPECTUS,13,4
18351,8410320029971,80.0,Campofrio,"Salsichão fatiado, embalagem de 80g",,1.59,19.88,0,kg,€/Kg,,,https://driveimg1.intermarche.com/pt/Content/images/boitmal/produit/zoom/C191CA814FABA5218D4DFA0D00F6C92A.jpg,,,,,,,2025-03-12T23:59:59.999999999Z,PROSPECTUS,13,4
20264,5000116110872,180.0,Iglo,"Crocantes frango parmesão e ervas, embalagem de 180g",,3.74,20.78,0,kg,€/Kg,,Tipo de stockagem,https://driveimg1.intermarche.com/pt/Content/images/boitmal/produit/zoom/FA238D0C01D11590AA8A8E09CE288246.jpg,,,,,,,2025-03-12T23:59:59.999999999Z,PROSPECTUS,13,4
2503,7613033156212,85.0,Purina Gourmet,"Comida húmida para gato mousse com salmão, embalagem de 90g",,0.87,10.24,0,kg,€/Kg,,,https://driveimg1.intermarche.com/pt/Content/images/boitmal/produit/zoom/BCD32627F59A029C2931D459EC84583E.jpg,,,,,,,2025-03-19T23:59:59.999999999Z,PROSPECTUS,13,4
27897,5604260326952,385.0,Labell,Condicionador Abacate e Karité Cabelos Secos,Embalagem de 385 ml,2.29,5.95,385,L,€/L,,,https://driveimg1.intermarche.com/pt/Content/images/boitmal/produit/zoom/2440E034AE7EDE430723A913429FCE83.jpg,,,,,,,2025-03-12T23:59:59.999999999Z,PROSPECTUS,13,4
28609,5604260282951,55.0,PorSi,Café em cápsulas ristreto,Embalagem de 55g,1.89,34.36,0,kg,€/Kg,,,https://driveimg1.intermarche.com/pt/Content/images/boitmal/produit/zoom/98A2B27B97561600F2789C49300E14CC.jpg,,,,,,,2025-03-12T23:59:59.999999999Z,PROSPECTUS,13,4
35652,5603722517440,750.0,Mimosa,"Bebida cálcio sem lactose + proteína, embalagem de 3 x 250 ml",,2.69,3.59,750,L,€/L,,,https://driveimg1.intermarche.com/pt/Content/images/boitmal/produit/zoom/3BF01E4C848A88E512E9DE591C8608E4.jpg,https://driveimg1.intermarche.com/pt/Content/images/boitmal/produit/zoom/125C9D1092125B3BF7F626465A710366.jpg,https://driveimg1.intermarche.com/pt/Content/images/boitmal/produit/zoom/D55403D07574DB9841CBC2E986BD092B.jpg,https://driveimg1.intermarche.com/pt/Content/images/boitmal/produit/zoom/9CE43F9767873E3B88A8F371593A237D.jpg,,,,2025-03-12T23:59:59.999999999Z,PROSPECTUS,13,4
37510,7613036841498,90.0,Nestlé,"Pacote maçã e pêssego, embalagem de 90g",,0.63,7.0,0,kg,€/Kg,,,https://driveimg1.intermarche.com/pt/Content/images/boitmal/produit/zoom/E9135C730A89C3C259880AD7C684D6EF.jpg,,,,,,,2025-03-12T23:59:59.999999999Z,PROSPECTUS,13,4
37989,8410063071206,1000.0,Pescanova,"Tiras do mar, embalagem de 1 kg",,7.79,7.79,0,kg,€/Kg,,Tipo de stockagem,https://driveimg1.intermarche.com/pt/Content/images/boitmal/produit/zoom/05601F6E04A5D43B974FEF47AA3F0757.jpg,,,,,,,2025-03-12T23:59:59.999999999Z,PROSPECTUS,13,4
41299,5601050036565,440.0,Danone,"Iogurte oikos maracujá, embalagem de 4 x 110g",,1.99,4.52,0,kg,€/Kg,,,https://driveimg1.intermarche.com/pt/Content/images/boitmal/produit/zoom/29553156A2F0422FEBEDFC7E0CF7883D.jpg,,,,,,,2025-03-12T23:59:59.999999999Z,PROSPECTUS,13,4
41447,5601082047812,,Delta Q,Café mythiq,Embalagem com 40 cápsulas,15.99,15.99,0,,€/Unidade,,,https://driveimg1.intermarche.com/pt/Content/images/boitmal/produit/zoom/B58BECEDE4BA3A9AAD2A25898792041E.jpg,,,,,,,2025-03-12T23:59:59.999999999Z,PROSPECTUS,13,4
43009,5604260307180,300.0,PorSi,Comida húmida para cão de borrego,Embalagem de 300 g,0.75,2.5,0,kg,€/Kg,,,https://driveimg1.intermarche.com/pt/Content/images/boitmal/produit/zoom/46BB006F9006760CC3B996BFB49A1540.jpg,https://driveimg1.intermarche.com/pt/Content/images/boitmal/produit/zoom/2B27BF4714216FFB4E9E5882412593BE.jpg,https://driveimg1.intermarche.com/pt/Content/images/boitmal/produit/zoom/2B27BF4714216FFB4E9E5882412593BE.jpg,https://driveimg1.intermarche.com/pt/Content/images/boitmal/produit/zoom/2B27BF4714216FFB4E9E5882412593BE.jpg,https://driveimg1.intermarche.com/pt/Content/images/boitmal/produit/zoom/2B27BF4714216FFB4E9E5882412593BE.jpg,https://driveimg1.intermarche.com/pt/Content/images/boitmal/produit/zoom/2B27BF4714216FFB4E9E5882412593BE.jpg,,2025-03-19T23:59:59.999999999Z,PROSPECTUS,13,4
44241,5601050036886,120.0,Danone,"Iogrute twix, embalagem de 120g",,0.99,8.25,0,kg,€/Kg,,,https://driveimg1.intermarche.com/pt/Content/images/boitmal/produit/zoom/E4E89664DF24BCB428B25457942D3E4C.jpg,,,,,,,2025-03-12T23:59:59.999999999Z,PROSPECTUS,13,4
4716,5000204593242,72.0,Pato,Discos Sanitários Activos Recarga Lima,Embalagem de 2x36 ml,3.49,48.47,72,L,€/L,,,https://driveimg1.intermarche.com/pt/Content/images/boitmal/produit/zoom/6E8BEEF9B9E1E763C6D9B6E49B0D85F6.jpg,,,,,,,2025-03-12T23:59:59.999999999Z,PROSPECTUS,13,4
477,3010470159051,2000.0,Friskies,"Ração para gato adulto com coelho, frango e legumes",Embalagem de 2kg,6.74,3.37,0,kg,€/Kg,,,https://driveimg1.intermarche.com/pt/Content/images/boitmal/produit/zoom/7DEEDCA72B128992156D55C0C8DE0876.jpg,,,,,,,2025-03-19T23:59:59.999999999Z,PROSPECTUS,13,4
52079,8711327585782,330.0,Magnum,"Gelado mini double caramel e gold caramel billionaire, embalagem de 330 ml",,4.49,13.61,330,L,€/L,,Tipo de stockagem,https://driveimg1.intermarche.com/pt/Content/images/boitmal/produit/zoom/FEAEC9F2D0E413EBB73552CF9D06BA73.jpg,,,,,,,2025-03-12T23:59:59.999999999Z,PROSPECTUS,13,4
52171,5449000217189,1980.0,Coca-Cola,Coca-cola sabor original,Pack 6x330 ml,4.49,2.27,1980,L,€/L,,,https://driveimg1.intermarche.com/pt/Content/images/boitmal/produit/zoom/336CEDBCCB7EF720ED08209839FA8640.jpg,,,,,,,2025-03-12T23:59:59.999999999Z,PROSPECTUS,13,4
52859,8410063094571,1000.0,Pescanova,"Peskitos pescada panada sem glúten, 1 kg",,7.49,7.49,0,kg,€/Kg,,Tipo de stockagem,https://driveimg1.intermarche.com/pt/Content/images/boitmal/produit/zoom/7BDF38BE112B6C73B2BBE43BC17C505D.jpg,https://driveimg1.intermarche.com/pt/Content/images/boitmal/produit/zoom/68AC33F24F2A838C3801DAA9F2505E5E.jpg,https://driveimg1.intermarche.com/pt/Content/images/boitmal/produit/zoom/68AC33F24F2A838C3801DAA9F2505E5E.jpg,https://driveimg1.intermarche.com/pt/Content/images/boitmal/produit/zoom/68AC33F24F2A838C3801DAA9F2505E5E.jpg,,,,2025-03-12T23:59:59.999999999Z,PROSPECTUS,13,4
540,3222270158428,1500.0,Friskies,Ração para gato adulto de interior,"Embalagem de 1,5 kg",5.84,3.89,0,kg,€/Kg,,,https://driveimg1.intermarche.com/pt/Content/images/boitmal/produit/zoom/CD7C5B2E4322F0515EAC25F0F1ADD782.jpg,,,,,,,2025-03-19T23:59:59.999999999Z,PROSPECTUS,13,4
6993,0000056091151,100.0,Eru,"Queijo creme, presunto",Embalagem de 100 g,1.3,13.0,0,kg,€/Kg,,,https://driveimg1.intermarche.com/pt/Content/images/boitmal/produit/zoom/18F3A18A3116B3716EC2E65028430488.jpg,,,,,,,2025-03-12T23:59:59.999999999Z,PROSPECTUS,13,4
8415,8410500007836,600.0,Danone,"Actimel iogurte líquido tutti frutti, embalagem de 6 x 100g",,2.89,4.82,0,kg,€/Kg,,,https://driveimg1.intermarche.com/pt/Content/images/boitmal/produit/zoom/0712AE23BC1EFB6DA91FF7C37F68326A.jpg,,,,,,,2025-03-12T23:59:59.999999999Z,PROSPECTUS,13,4
11392,5410076960651,75.0,Oral B,Dentífrico Complete Elixir e Branqueador,Embalagem de 75 ml,2.24,29.87,75,L,€/L,,,https://driveimg1.intermarche.com/pt/Content/images/boitmal/produit/zoom/C5C5A58B628F316596E5658453B319FF.jpg,,,,,,,2025-03-12T23:59:59.999999999Z,PROSPECTUS,13,4
16714,5601319049251,400.0,Ferbar,"Marmelada, embalagem de 400g",,1.69,4.23,0,kg,€/Kg,,,https://driveimg1.intermarche.com/pt/Content/images/boitmal/produit/zoom/107A78167D3C3F5F7E86E454AB18B7F4.jpg,,,,,,,2025-03-12T23:59:59.999999999Z,PROSPECTUS,13,4
20202,5601151976456,1000.0,Frize,"Água com gás limão/pepino/gengibre, pack 4 x 0.25 l",,2.09,2.09,1000,L,€/L,,,https://driveimg1.intermarche.com/pt/Content/images/boitmal/produit/zoom/8CC607BECDA933771553297655559077.jpg,,,,,,,2025-03-12T23:59:59.999999999Z,PROSPECTUS,13,4
2506,7613033269707,400.0,Friskies,Ração para gato adulto com atum e legumes selecionados,Embalagem de 400g,1.86,4.65,0,kg,€/Kg,,,https://driveimg1.intermarche.com/pt/Content/images/boitmal/produit/zoom/78CC0CA3CDAE4BE7B2C258204163FE70.jpg,,,,,,,2025-03-19T23:59:59.999999999Z,PROSPECTUS,13,4
25275,5775345121578,700.0,Sunquick,Concentrado de laranja,Garrafa de 700 ml,4.86,6.94,700,L,€/L,,,https://driveimg1.intermarche.com/pt/Content/images/boitmal/produit/zoom/60CE4BBE254D671FC1E542A0A73849E2.jpg,,,,,,,2025-03-12T23:59:59.999999999Z,PROSPECTUS,13,4
25538,7613035800281,1500.0,Friskies,Ração para gato esterilizado com peru,"Embalagem de 1,5 kg",5.84,3.89,0,kg,€/Kg,,,https://driveimg1.intermarche.com/pt/Content/images/boitmal/produit/zoom/FF9C78F9FCA49B5C5370D6F754BBF1C8.jpg,,,,,,,2025-03-19T23:59:59.999999999Z,PROSPECTUS,13,4
2778,8410168399939,4000.0,Friskies,"Ração para gato adulto com coelho, embalagem de 4 kg",,9.99,2.5,0,kg,€/Kg,,,https://driveimg1.intermarche.com/pt/Content/images/boitmal/produit/zoom/48E426D2CA0EFD97E75332E6A0553A7B.jpg,,,,,,,2025-03-19T23:59:59.999999999Z,PROSPECTUS,13,4
28678,5605173897348,2000.0,Maçã da Beira Alta IGP,Maçã Golden,Embalagem de 2 kg,2.45,1.23,0,kg,€/Kg,,,https://driveimg1.intermarche.com/pt/Content/images/boitmal/produit/zoom/FD501586D19B3686949652632F7B3864.jpg,,,,,,,2025-03-12T23:59:59.999999999Z,PROSPECTUS,13,4
32326,8002205352009,2000.0,Friskies,Ração para gato adulto com salmão e legumes,Embalagem de 2 kg,6.74,3.37,0,kg,€/Kg,,,https://driveimg1.intermarche.com/pt/Content/images/boitmal/produit/zoom/7BB16DEB21172930AE30D98EA700F916.jpg,,,,,,,2025-03-19T23:59:59.999999999Z,PROSPECTUS,13,4
33400,5604260285228,4000.0,PorSi,Alimento seco para cão mix,Embalagem de 4 kg,5.99,1.5,0,kg,€/Kg,,,https://driveimg1.intermarche.com/pt/Content/images/boitmal/produit/zoom/3AA045D73049470D10C23032126C6A0F.jpg,,,,,,,2025-03-19T23:59:59.999999999Z,PROSPECTUS,13,4
372,8711200532391,260.0,Calvé,"Molho big burguer, embalagem de 260g",,1.94,7.46,0,kg,€/Kg,,,https://driveimg1.intermarche.com/pt/Content/images/boitmal/produit/zoom/274182EF6D0EFA8A84998CA913A7016C.jpg,https://driveimg1.intermarche.com/pt/Content/images/boitmal/produit/zoom/122719564EBC4BB4D52F039A6C0EDAF1.jpg,,,,,,2025-03-12T23:59:59.999999999Z,PROSPECTUS,13,4
3819,3250390727002,700.0,On/Off,Tequila,Garrafa de 70 cl,12.79,18.27,700,L,€/L,,,https://driveimg1.intermarche.com/pt/Content/images/boitmal/produit/zoom/997FF584E2D23FD608B64329027568B1.jpg,,,,,,,2025-03-12T23:59:59.999999999Z,PROSPECTUS,13,4
38555,5601019012807,500.0,Guloso,"Polpa de tomate com manjericão e oregãos, 500 g",,1.49,2.98,0,kg,€/Kg,,,https://driveimg1.intermarche.com/pt/Content/images/boitmal/produit/zoom/DD3F790AD3540766E8551E7402E008AE.jpg,,,,,,,2025-03-12T23:59:59.999999999Z,PROSPECTUS,13,4
46518,5000204208856,750.0,Pato,"Líquido sanitário ação total menta, 750 ml",,1.94,2.59,750,L,€/L,,,https://driveimg1.intermarche.com/pt/Content/images/boitmal/produit/zoom/8D02BC7C70B0CBFEDA11FE724DDAAE84.jpg,,,,,,,2025-03-12T23:59:59.999999999Z,PROSPECTUS,13,4
48044,5604260316304,60.0,PorSi,Snack Gato Anti Bolas de Pelo,Embalagem 60 g,0.89,14.83,0,kg,€/Kg,,,https://driveimg1.intermarche.com/pt/Content/images/boitmal/produit/zoom/D89DDEE3AB023A90C2B010422B623F96.jpg,,,,,,,2025-03-19T23:59:59.999999999Z,PROSPECTUS,13,4
