identifier,produitEan13,capacite,marque,libelle,conditionnement,prix,unitPrice,volume,typeProduit_uniteByCode,unit_value,pictogrammes_0,pictogrammes_libelleCategorie,images_0,images_1,images_2,images_3,images_4,avantages_dateFin,avantages_categorie,nro_paginas,page,images_5,images_6,images_7
1433,5601260036102,1000.0,Cigala,"Arroz carolino, embalagem de 1 kg",,1.14,1.14,0,kg,€/Kg,,,https://driveimg1.intermarche.com/pt/Content/images/boitmal/produit/zoom/D96A08349D04F12B168FA774344BCEF6.jpg,,,,,2025-08-27T23:59:59.999999999+01:00,PROSPECTUS,13,1,,,
30958,5449000957955,3500.0,Coca-Cola,"Refrigerante zero, pack 2 x 1.75 l",,3.32,0.95,3500,L,€/L,,,https://driveimg1.intermarche.com/pt/Content/images/boitmal/produit/zoom/F2EAD17F7ACB8ABDBC63DEE76B961767.jpg,,,,,2025-08-27T23:59:59.999999999+01:00,PROSPECTUS,13,1,,,
3526,2894034000000,150.0,Nobre,Fiambre da Perna Extra,1 un = 150 gr (aprox.),2.32,15.49,0,,€/Kg,,,https://driveimg1.intermarche.com/pt/Content/images/boitmal/produit/zoom/C76D05EF052819EDC79567520AD2D260.jpg,,,,,2025-08-27T23:59:59.999999999+01:00,PROSPECTUS,13,1,,,
54321,8718951477957,100.0,Colgate,"Pasta De Dentes Tripla Ação, 100ml",,2.14,21.4,100,L,€/L,,,https://driveimg1.intermarche.com/pt/Content/images/boitmal/produit/zoom/314A8AD6D21192FE5E061EE56C598725.jpg,https://driveimg1.intermarche.com/pt/Content/images/boitmal/produit/zoom/9ADDEB220D16C8DAE54C517CBC09DC55.jpg,https://driveimg1.intermarche.com/pt/Content/images/boitmal/produit/zoom/9ADDEB220D16C8DAE54C517CBC09DC55.jpg,https://driveimg1.intermarche.com/pt/Content/images/boitmal/produit/zoom/9ADDEB220D16C8DAE54C517CBC09DC55.jpg,,2025-08-27T23:59:59.999999999+01:00,PROSPECTUS,13,1,,,
13048,2893561000000,250.0,Marisco,Ameijoa Branca Vietnamita Congelada,Vendido a partir de 250 gr  (aprox.),0.5,1.99,0,,€/Kg,,Avantages !,https://driveimg1.intermarche.com/pt/Content/images/boitmal/produit/zoom/EB1BC296FF41180E6F3E1626AD4F78AA.jpg,,,,,2025-08-27T23:59:59.999999999+01:00,PROSPECTUS,13,1,,,
11671,5601217126382,1650.0,Woolite,Detergente líquido p/ máquina lavar roupa cores,"Garrafa de 1,65 l",6.99,4.24,1650,L,€/L,,,https://driveimg1.intermarche.com/pt/Content/images/boitmal/produit/zoom/8C38ED746381E210259B37EA8CABFD0A.jpg,,,,,2025-08-27T23:59:59.999999999+01:00,PROSPECTUS,13,1,,,
12972,2892040000000,200.0,Fruta,Banana,1 un = 200 gr (aprox.),0.2,0.99,0,,€/Kg,,,https://driveimg1.intermarche.com/pt/Content/images/boitmal/produit/zoom/1515327A77B72426B2932390DFBE18E5.jpg,,,,,2025-08-27T23:59:59.999999999+01:00,PROSPECTUS,13,1,,,
12309,8004300653241,750.0,Maestri Cantinieri,Lambrusco rose,Garrafa de 750 ml,1.99,2.65,750,L,€/L,,,https://driveimg1.intermarche.com/pt/Content/images/boitmal/produit/zoom/1F405B42A3CBAD229063F06FC94847E8.jpg,,,,,2025-08-27T23:59:59.999999999+01:00,PROSPECTUS,13,1,,,
48018,7613287492111,340.0,Felix,Comida Húmida Gato Seleção do Campo Gelatina,Embalagem de 4 x 85 g,2.24,6.59,0,kg,€/Kg,,,https://driveimg1.intermarche.com/pt/Content/images/boitmal/produit/zoom/C0DE4D13141D71FBD5B676052866AD04.jpg,,,,,2025-08-27T23:59:59.999999999+01:00,PROSPECTUS,13,1,,,
768,4005500030300,400.0,Yogolino,Sobremesa láctea morango 4x100g,,1.99,4.98,0,kg,€/Kg,,,https://driveimg1.intermarche.com/pt/Content/images/boitmal/produit/zoom/99F1004C0805AFB08F42231532FA4DAF.jpg,,,,,2025-08-27T23:59:59.999999999+01:00,PROSPECTUS,13,1,,,
51056,8006540614259,650.0,Fairy,Detergente líquido manual loiça ultra power,Embalagem de 650 ml,3.59,5.52,650,L,€/L,,,https://driveimg1.intermarche.com/pt/Content/images/boitmal/produit/zoom/013BD8DA7E562B3CB09BBCDE80C53A02.jpg,,,,,2025-08-27T23:59:59.999999999+01:00,PROSPECTUS,13,1,,,
1035,5601045105313,6000.0,Serra da estrela,"Água mineral sem gás, pack 4 x 1.5 l",,1.79,0.3,6000,L,€/L,,,https://driveimg1.intermarche.com/pt/Content/images/boitmal/produit/zoom/0358268AAE386D7F610EBE003FAAE9E0.jpg,,,,,2025-08-27T23:59:59.999999999+01:00,PROSPECTUS,13,1,,,
11503,5601050019100,600.0,Danone,"Danacol frutos exóticos, embalagem de 6 x 100 g",,2.99,4.98,0,kg,€/Kg,,,https://driveimg1.intermarche.com/pt/Content/images/boitmal/produit/zoom/2A16EAD58E7A10ECD338C77C33D25273.jpg,,,,,2025-08-27T23:59:59.999999999+01:00,PROSPECTUS,13,1,,,
4244,3600521704424,250.0,Elvive,Champô total repair,Embalagem de 250 ml,3.19,12.76,250,L,€/L,,,https://driveimg1.intermarche.com/pt/Content/images/boitmal/produit/zoom/B7F64C1FAFD5414DB28EE38D63F47E24.jpg,,,,,2025-08-27T23:59:59.999999999+01:00,PROSPECTUS,13,1,,,
10858,3023290400111,400.0,Nestlé,"Sobremesa banana/laranja/bolacha, de 4 x 100 g",,1.99,4.98,0,kg,€/Kg,,,https://driveimg1.intermarche.com/pt/Content/images/boitmal/produit/zoom/AA7F3DC46AC09289F6D53195CFF3F502.jpg,,,,,2025-08-27T23:59:59.999999999+01:00,PROSPECTUS,13,1,,,
16567,5000116110070,750.0,Iglo,"Esparregado de espinafres, embalagem de 750g",,3.49,4.65,0,kg,€/Kg,,Tipo de stockagem,https://driveimg1.intermarche.com/pt/Content/images/boitmal/produit/zoom/F70E4F5A76F097E6E455FB2FF67D9B6F.jpg,,,,,2025-08-27T23:59:59.999999999+01:00,PROSPECTUS,13,1,,,
10512,8435250439577,232.0,Nestlé,"Iogurte mix in nesquik, embalagem de 2 x 115g",,2.19,9.44,0,kg,€/Kg,,,https://driveimg1.intermarche.com/pt/Content/images/boitmal/produit/zoom/6C2207480393D760FBF1824B2B4CD877.jpg,,,,,2025-08-27T23:59:59.999999999+01:00,PROSPECTUS,13,1,,,
49272,7613287494368,340.0,Felix,Comida húmida gato gelatinas seleções peixes,Embalagem de 4 x 85 g,2.24,6.59,0,kg,€/Kg,,,https://driveimg1.intermarche.com/pt/Content/images/boitmal/produit/zoom/3C2E56D05EBF932F594A6A4250517820.jpg,,,,,2025-08-27T23:59:59.999999999+01:00,PROSPECTUS,13,1,,,
29899,2696008000000,,Padaria,Bola Rústica,85 g,0.27,0.27,0,,€/Unidade,,,https://driveimg1.intermarche.com/pt/Content/images/boitmal/produit/zoom/06C705452DA793A390CC49C0690F6BDD.jpg,,,,,2025-08-27T23:59:59.999999999+01:00,PROSPECTUS,13,1,,,
13783,2892309000000,250.0,Fruta,Uva Branca,1 un = 250 gr  (aprox.),0.5,1.99,0,,€/Kg,,,https://driveimg1.intermarche.com/pt/Content/images/boitmal/produit/zoom/46D5C18E4CCEA1EBE0EC2064D73FB81C.jpg,,,,,2025-08-27T23:59:59.999999999+01:00,PROSPECTUS,13,1,,,
9131,5602016011039,750.0,Leziria,"Vinho branco lezíria meio seco, garrafa de 750 ml",,1.34,1.79,750,L,€/L,,,https://driveimg1.intermarche.com/pt/Content/images/boitmal/produit/zoom/56FFF823291267434D7B5E15EFA4522A.jpg,,,,,2025-08-27T23:59:59.999999999+01:00,PROSPECTUS,13,1,,,
8383,5601049132995,1000.0,Mimosa,"Leite uht meio gordo, embalagem de 1litro",,0.9,0.9,1000,L,€/L,,,https://driveimg1.intermarche.com/pt/Content/images/boitmal/produit/zoom/6FB52C843F677BD37D399D45BB10B38B.jpg,https://driveimg1.intermarche.com/pt/Content/images/boitmal/produit/zoom/AE810093A08CEBD60415DCC626CF5804.jpg,https://driveimg1.intermarche.com/pt/Content/images/boitmal/produit/zoom/A0562293538F541B1B99592AA046327B.jpg,,,2025-08-27T23:59:59.999999999+01:00,PROSPECTUS,13,1,,,
40750,5604260304165,1000.0,PorSi,Detergente liquido loiça limão,Garrafa de 1 litro,0.79,0.79,1000,L,€/L,,,https://driveimg1.intermarche.com/pt/Content/images/boitmal/produit/zoom/2532D260202FF646D416E5D63E3F4DF5.jpg,,,,,2025-08-27T23:59:59.999999999+01:00,PROSPECTUS,13,1,,,
13865,2891042000000,1000.0,Porco,Costeletas do Cachaço,Vendido ao peso a partir de 1 kg,4.99,4.99,0,,€/Kg,,,https://driveimg1.intermarche.com/pt/Content/images/boitmal/produit/zoom/D0D96FA697CD7DF7D0B353E0ED0B1193.jpg,,,,,2025-08-27T23:59:59.999999999+01:00,PROSPECTUS,13,1,,,
13894,2891044000000,1000.0,Porco,Entremeada sem Entrecosto,Vendido ao peso a partir de 1 kg,4.39,4.39,0,,€/Kg,,,https://driveimg1.intermarche.com/pt/Content/images/boitmal/produit/zoom/033DDCE7C7F9A9CD99F0A4BEB2F74462.jpg,,,,,2025-08-27T23:59:59.999999999+01:00,PROSPECTUS,13,1,,,
13954,2891192000000,500.0,Porco,Tiras da Costela/Piano,1 un = 500 gr (aprox.),3.3,6.59,0,,€/Kg,,,https://driveimg1.intermarche.com/pt/Content/images/boitmal/produit/zoom/7D0B09E93398DFB0B31D06D5AFBD6B99.jpg,,,,,2025-08-27T23:59:59.999999999+01:00,PROSPECTUS,13,1,,,
13947,2891125000000,150.0,Peru,Espetadas de Peru,1 un = 150 gr (aprox.),1.02,6.79,0,,€/Kg,,,https://driveimg1.intermarche.com/pt/Content/images/boitmal/produit/zoom/7051DD49B64096A6B46E7815DD618A85.jpg,,,,,2025-08-27T23:59:59.999999999+01:00,PROSPECTUS,13,1,,,
27629,5604260282845,500.0,PorSi,Iogurte Natural 4X125G,,0.79,1.58,0,kg,€/Kg,,,https://driveimg1.intermarche.com/pt/Content/images/boitmal/produit/zoom/4C81FD0AD483BCDBB41B470432B5F2B0.jpg,,,,,2025-08-27T23:59:59.999999999+01:00,PROSPECTUS,13,1,,,
12998,2892529000000,200.0,Legumes,Cogumelos Granel,1 un = 200 gr (aprox.),0.8,3.99,0,,€/Kg,,,https://driveimg1.intermarche.com/pt/Content/images/boitmal/produit/zoom/21980CA05745F31B22EE237361B7FEB6.jpg,,,,,2025-08-27T23:59:59.999999999+01:00,PROSPECTUS,13,1,,,
14847,2892476000000,100.0,Programa Origens,Alho Seco,Vendido a partir de 100 gr,0.5,4.99,0,,€/Kg,,,https://driveimg1.intermarche.com/pt/Content/images/boitmal/produit/zoom/CFA3B1E723D71FB9BFAE5D5B250C3BB3.jpg,,,,,2025-08-27T23:59:59.999999999+01:00,PROSPECTUS,13,1,,,
9727,5604260273058,200.0,PorSi,Queijo Mozzarela Ralado 200G,,1.64,8.2,0,kg,€/Kg,,,https://driveimg1.intermarche.com/pt/Content/images/boitmal/produit/zoom/D767CFC30304ACED37F1FA78A6E123BE.jpg,,,,,2025-08-27T23:59:59.999999999+01:00,PROSPECTUS,13,1,,,
1269,5601151021750,845.0,Compal,"Feijão preto, lata de 850g",,1.74,2.06,845,L,€/L,,,https://driveimg1.intermarche.com/pt/Content/images/boitmal/produit/zoom/9B352604A3E93D2F850CFCA0A305498A.jpg,,,,,2025-08-27T23:59:59.999999999+01:00,PROSPECTUS,13,1,,,
14372,8712100599392,550.0,Calvé,"Ketchup top down, embalagem de 550g",,2.59,4.71,0,kg,€/Kg,,,https://driveimg1.intermarche.com/pt/Content/images/boitmal/produit/zoom/6D3218F33B22BC3205033BC41E176600.jpg,https://driveimg1.intermarche.com/pt/Content/images/boitmal/produit/zoom/FE7F103C359D2D1FD7BF3FDC8DD381BA.jpg,https://driveimg1.intermarche.com/pt/Content/images/boitmal/produit/zoom/FE7F103C359D2D1FD7BF3FDC8DD381BA.jpg,https://driveimg1.intermarche.com/pt/Content/images/boitmal/produit/zoom/FE7F103C359D2D1FD7BF3FDC8DD381BA.jpg,,2025-08-27T23:59:59.999999999+01:00,PROSPECTUS,13,1,,,
15039,2892256000000,4000.0,Fruta,Melão Verde,Vendido ao peso | 1 un = 4kg (aprox.),2.76,0.69,0,,€/Kg,,,https://driveimg1.intermarche.com/pt/Content/images/boitmal/produit/zoom/25FE547830213D1C98E9F3B3D9687685.jpg,,,,,2025-08-27T23:59:59.999999999+01:00,PROSPECTUS,13,1,,,
15067,2892316000000,250.0,Fruta,Uva Preta,Vendido a partir de 250 gr,0.72,2.89,0,,€/Kg,,,https://driveimg1.intermarche.com/pt/Content/images/boitmal/produit/zoom/4F4795348FA586A8E3CABDD66C4FA2E8.jpg,,,,,2025-08-27T23:59:59.999999999+01:00,PROSPECTUS,13,1,,,
16105,5601146703463,7500.0,Sagres,"Cerveja com álcool, pack 30 x 0.25 l",,13.85,1.85,7500,L,€/L,,,https://driveimg1.intermarche.com/pt/Content/images/boitmal/produit/zoom/03A5259A936839E6AA1FD95014E0E2CF.jpg,,,,,2025-08-27T23:59:59.999999999+01:00,PROSPECTUS,13,1,,,
19224,5601146000302,330.0,Sagres,"Cerveja com álcool, 0,33l",,0.59,1.79,330,L,€/L,,,https://driveimg1.intermarche.com/pt/Content/images/boitmal/produit/zoom/4FBBFE93B69939E932B871A2326C4206.jpg,,,,,2025-08-27T23:59:59.999999999+01:00,PROSPECTUS,13,1,,,
35132,5604260292691,400.0,PorSi,Preparado De Carne De Novilho 400 G,,4.99,12.48,0,kg,€/Kg,,,https://driveimg1.intermarche.com/pt/Content/images/boitmal/produit/zoom/A98B26D7DE1BDBE7F7D03AF21D9EFFB7.jpg,,,,,2025-08-27T23:59:59.999999999+01:00,PROSPECTUS,13,1,,,
40925,8710522652138,240.0,Calvé,"Maionese top down, embalagem de 240g",,1.48,6.17,0,kg,€/Kg,,,https://driveimg1.intermarche.com/pt/Content/images/boitmal/produit/zoom/ECF2C8ABFC985CAC5B87AA78A2E96931.jpg,https://driveimg1.intermarche.com/pt/Content/images/boitmal/produit/zoom/8E23B17512BCD2C444A6228885CC4217.jpg,https://driveimg1.intermarche.com/pt/Content/images/boitmal/produit/zoom/8E23B17512BCD2C444A6228885CC4217.jpg,https://driveimg1.intermarche.com/pt/Content/images/boitmal/produit/zoom/8E23B17512BCD2C444A6228885CC4217.jpg,https://driveimg1.intermarche.com/pt/Content/images/boitmal/produit/zoom/8E23B17512BCD2C444A6228885CC4217.jpg,2025-08-27T23:59:59.999999999+01:00,PROSPECTUS,13,1,,,
49090,5600261006435,500.0,Fruta,Mirtilos Categoria: II,Embalagem de 500 g,4.99,9.98,0,kg,€/Kg,,,https://driveimg1.intermarche.com/pt/Content/images/boitmal/produit/zoom/DDFB3EECD27A0597513A0267C588A137.jpg,,,,,2025-08-27T23:59:59.999999999+01:00,PROSPECTUS,13,1,,,
8384,5601049133992,1000.0,Mimosa,"Leite uht magro, embalagem de 1litro",,0.9,0.9,1000,L,€/L,,,https://driveimg1.intermarche.com/pt/Content/images/boitmal/produit/zoom/128AB814EBA9C0783B386EB2E0A38CC9.jpg,https://driveimg1.intermarche.com/pt/Content/images/boitmal/produit/zoom/8C350978140C257D0AAD7365CD133F0C.jpg,https://driveimg1.intermarche.com/pt/Content/images/boitmal/produit/zoom/B9BED9F397071733FB4D36CBE39ECDBA.jpg,,,2025-08-27T23:59:59.999999999+01:00,PROSPECTUS,13,1,,,
929,5601001187803,625.0,Nestlé,"Cereais chocapic, 625 g",,3.49,5.58,0,kg,€/Kg,,,https://driveimg1.intermarche.com/pt/Content/images/boitmal/produit/zoom/8DB31C1F3066D48D593AE11B75516670.jpg,,,,,2025-08-27T23:59:59.999999999+01:00,PROSPECTUS,13,1,,,
9689,5604260270569,1000.0,PorSi,Leite Uht Meio-Gordo Dos Açores 1L,,0.89,0.89,1000,L,€/L,,,https://driveimg1.intermarche.com/pt/Content/images/boitmal/produit/zoom/0A3AA54822C30F0497B3ACA5DD5DF689.jpg,,,,,2025-08-27T23:59:59.999999999+01:00,PROSPECTUS,13,1,,,
11961,5603722505607,1000.0,Mimosa,"Leite sem lactose meio gordo, de 1l",,1.15,1.15,1000,L,€/L,,,https://driveimg1.intermarche.com/pt/Content/images/boitmal/produit/zoom/A98ED8A0E5E675A3AC1A551BCE75B0AB.jpg,https://driveimg1.intermarche.com/pt/Content/images/boitmal/produit/zoom/4E57BFE09E8D859BDBE1705476BB9F1B.jpg,https://driveimg1.intermarche.com/pt/Content/images/boitmal/produit/zoom/E1F70144AAFCC0EAEBFF05614177D009.jpg,,,2025-08-27T23:59:59.999999999+01:00,PROSPECTUS,13,1,,,
14198,5604260273683,800.0,PorSi,Bolacha Tostada 800 G,,1.69,2.11,0,kg,€/Kg,,,https://driveimg1.intermarche.com/pt/Content/images/boitmal/produit/zoom/B2D5FAAB4BD35CE24623ED7F165261C0.jpg,,,,,2025-08-27T23:59:59.999999999+01:00,PROSPECTUS,13,1,,,
17665,8712100745591,754.0,Calvé,"Maionese top down, embalagem de 753 g",,3.49,4.63,0,kg,€/Kg,,,https://driveimg1.intermarche.com/pt/Content/images/boitmal/produit/zoom/C6F00A8AA4D7D21E56D34CFA61170423.jpg,,,,,2025-08-27T23:59:59.999999999+01:00,PROSPECTUS,13,1,,,
25720,5601151976449,1980.0,Seven Up,"Refrigerante com gás lima limão sem açúcar, pack 6 x 0.33 l",,3.69,1.86,1980,L,€/L,,,https://driveimg1.intermarche.com/pt/Content/images/boitmal/produit/zoom/11A80084516D6B37EA9F4CA1131F7A90.jpg,,,,,2025-08-27T23:59:59.999999999+01:00,PROSPECTUS,13,1,,,
33532,8410375110228,150.0,Bonduelle,"Milho doce, 150 g",,1.09,7.27,0,kg,€/Kg,,,https://driveimg1.intermarche.com/pt/Content/images/boitmal/produit/zoom/D0EEA0C89CFBBF992B36A2468831EAC1.jpg,,,,,2025-08-27T23:59:59.999999999+01:00,PROSPECTUS,13,1,,,
36186,8715700017006,570.0,Heinz,"Ketchup top down, 570g",,3.24,5.68,0,kg,€/Kg,,,https://driveimg1.intermarche.com/pt/Content/images/boitmal/produit/zoom/61C6EABD68232C332B75678207D54C3E.jpg,,,,,2025-08-27T23:59:59.999999999+01:00,PROSPECTUS,13,1,,,
36188,0000087157635,342.0,Heinz,"Ketchup squeeze, 342 g",,2.43,7.11,0,kg,€/Kg,,,https://driveimg1.intermarche.com/pt/Content/images/boitmal/produit/zoom/EE52B25D49D994FEB41D538040399913.jpg,,,,,2025-08-27T23:59:59.999999999+01:00,PROSPECTUS,13,1,,,
405,8712566410910,275.0,Calvé,"Ketchup, embalagem de 275g",,1.48,5.38,0,kg,€/Kg,,,https://driveimg1.intermarche.com/pt/Content/images/boitmal/produit/zoom/9E63EED4B27A252289B8979C188F5B40.jpg,https://driveimg1.intermarche.com/pt/Content/images/boitmal/produit/zoom/0D7B165FF00CA45BD8F6AC077E3CA1EC.jpg,https://driveimg1.intermarche.com/pt/Content/images/boitmal/produit/zoom/0D7B165FF00CA45BD8F6AC077E3CA1EC.jpg,https://driveimg1.intermarche.com/pt/Content/images/boitmal/produit/zoom/0D7B165FF00CA45BD8F6AC077E3CA1EC.jpg,,2025-08-27T23:59:59.999999999+01:00,PROSPECTUS,13,1,,,
5119,5601066200073,1000.0,Nacional,Farinha p/ bolos extra fina,Embalagem de 1 kg,0.99,0.99,0,kg,€/Kg,,,https://driveimg1.intermarche.com/pt/Content/images/boitmal/produit/zoom/CAC064713C07BACF659239959FBD0E0D.jpg,,,,,2025-08-27T23:59:59.999999999+01:00,PROSPECTUS,13,1,,,
10157,8410199007056,130.0,LayS,"Batata frita forno camponesas, embalagem de 130g",,1.49,11.46,0,kg,€/Kg,,,https://driveimg1.intermarche.com/pt/Content/images/boitmal/produit/zoom/5C8380EFFD1C6F13E27398E498BE2AE2.jpg,,,,,2025-08-27T23:59:59.999999999+01:00,PROSPECTUS,13,1,,,
12718,5604260297023,230.0,PorSi,Massa Folhada 230G,,0.99,4.3,0,kg,€/Kg,,,https://driveimg1.intermarche.com/pt/Content/images/boitmal/produit/zoom/6C1FA409E5C8134DE9FAB02BCA4DC1FA.jpg,,,,,2025-08-27T23:59:59.999999999+01:00,PROSPECTUS,13,1,,,
12723,5604260297030,230.0,PorSi,Massa Quebrada 230G,,0.99,4.3,0,kg,€/Kg,,,https://driveimg1.intermarche.com/pt/Content/images/boitmal/produit/zoom/59441B0A1A3AA87C68C2FF2729BD7609.jpg,,,,,2025-08-27T23:59:59.999999999+01:00,PROSPECTUS,13,1,,,
12887,2892089000000,500.0,Fruta,Manga Barco,1 un = 500 gr (aprox.),1.3,2.59,0,,€/Kg,,,https://driveimg1.intermarche.com/pt/Content/images/boitmal/produit/zoom/7DE73DFAB226CDE947BB89C61333D3FE.jpg,,,,,2025-08-27T23:59:59.999999999+01:00,PROSPECTUS,13,1,,,
1302,5601151700754,845.0,Compal,"Grão de bico, lata de 850g",,1.74,2.06,0,kg,€/Kg,,,https://driveimg1.intermarche.com/pt/Content/images/boitmal/produit/zoom/DA244D258ED9A9EF750825CAFFB70E24.jpg,,,,,2025-08-27T23:59:59.999999999+01:00,PROSPECTUS,13,1,,,
13897,2891053000000,1000.0,Porco,Lombo sem Osso,Vendido ao peso a partir de 1 kg,4.99,4.99,0,,€/Kg,,,https://driveimg1.intermarche.com/pt/Content/images/boitmal/produit/zoom/415564DA70574ED3C1D7475F1F28BDB6.jpg,,,,,2025-08-27T23:59:59.999999999+01:00,PROSPECTUS,13,1,,,
13977,2696106000000,,Pastelaria,Folhado de Maçã,1 unidade= 100 g,0.89,0.89,0,,€/Unidade,,,https://driveimg1.intermarche.com/pt/Content/images/boitmal/produit/zoom/C92497D9C6A75CD832651E848AF344C3.jpg,,,,,2025-08-27T23:59:59.999999999+01:00,PROSPECTUS,13,1,,,
14202,5604260273942,500.0,PorSi,Pão Brioche Fatiado 500G,,2.79,5.58,0,kg,€/Kg,,,https://driveimg1.intermarche.com/pt/Content/images/boitmal/produit/zoom/DC79C0DA633B2DF5CA7AC0982CBE9A64.jpg,,,,,2025-08-27T23:59:59.999999999+01:00,PROSPECTUS,13,1,,,
20100,5601010131279,120.0,Ramirez,"Atum ao natural, embalagem de 120g",,1.19,9.92,0,kg,€/Kg,,,https://driveimg1.intermarche.com/pt/Content/images/boitmal/produit/zoom/D6D7337A327D39309C10A263E366779D.jpg,,,,,2025-08-27T23:59:59.999999999+01:00,PROSPECTUS,13,1,,,
23590,5603722514142,1600.0,Agros,"Leite com chocolate, embalagem de 8x200 ml",,2.88,1.8,1600,L,€/L,,,https://driveimg1.intermarche.com/pt/Content/images/boitmal/produit/zoom/4B07C2A65AC5D9D66E12210391EDB136.jpg,,,,,2025-08-27T23:59:59.999999999+01:00,PROSPECTUS,13,1,,,
26047,8412600070994,650.0,Bimbo,Pão de forma s/ côdea,Embalagem de 650 g,2.14,3.29,0,kg,€/Kg,,,https://driveimg1.intermarche.com/pt/Content/images/boitmal/produit/zoom/29A6957961BACB180F45AAA47CD1FB78.jpg,,,,,2025-08-27T23:59:59.999999999+01:00,PROSPECTUS,13,1,,,
35542,7613036867405,,Nescafé,"Café em cápsulas dolce gusto ristreto intenso, embalagem de 210g",,10.49,10.49,30,,€/Unidade,,,https://driveimg1.intermarche.com/pt/Content/images/boitmal/produit/zoom/FC99456EA03268527FE0EC549A21D081.jpg,,,,,2025-08-27T23:59:59.999999999+01:00,PROSPECTUS,13,1,,,
46881,5604260310111,500.0,PorSi,Tortilha Batata C/ Cebola 500G,,2.69,5.38,0,kg,€/Kg,,,https://driveimg1.intermarche.com/pt/Content/images/boitmal/produit/zoom/3D1C16BAC8BB44CE1D63140EAB3EBE28.jpg,,,,,2025-08-27T23:59:59.999999999+01:00,PROSPECTUS,13,1,,,
48860,5604260319794,150.0,Porsi Vivabem,Queijo Mozzarella Light Ralado 150G,,1.59,10.6,0,kg,€/Kg,,,https://driveimg1.intermarche.com/pt/Content/images/boitmal/produit/zoom/35271112CCD07C945317D670793A0A37.jpg,,,,,2025-08-27T23:59:59.999999999+01:00,PROSPECTUS,13,1,,,
49334,8712100889288,270.0,Olá,Solero exotic 3x90ml,,1.99,7.37,270,L,€/L,,Tipo de stockagem,https://driveimg1.intermarche.com/pt/Content/images/boitmal/produit/zoom/CBA3F8F869AC87BD3FC1AC526946C417.jpg,,,,,2025-08-27T23:59:59.999999999+01:00,PROSPECTUS,13,1,,,
5247,5601151720752,845.0,Compal,"Feijão frade, lata de 850g",,1.74,2.06,0,kg,€/Kg,,,https://driveimg1.intermarche.com/pt/Content/images/boitmal/produit/zoom/748A199E3B15682C5E3E960F2EBA8A1A.jpg,,,,,2025-08-27T23:59:59.999999999+01:00,PROSPECTUS,13,1,,,
53208,8719200268647,1000.0,Vaqueiro,"Creme vegetal culinária clássico, 1 kg",,2.99,2.99,0,kg,€/Kg,,,https://driveimg1.intermarche.com/pt/Content/images/boitmal/produit/zoom/0735A691FAA77E120C1E24086E19EA16.jpg,https://driveimg1.intermarche.com/pt/Content/images/boitmal/produit/zoom/DD9C237337ADB2608A1427FA94442244.jpg,https://driveimg1.intermarche.com/pt/Content/images/boitmal/produit/zoom/DD9C237337ADB2608A1427FA94442244.jpg,https://driveimg1.intermarche.com/pt/Content/images/boitmal/produit/zoom/DD9C237337ADB2608A1427FA94442244.jpg,,2025-08-27T23:59:59.999999999+01:00,PROSPECTUS,13,1,,,
8396,5601049614330,250.0,Milhafre,"Manteiga com sal, embalagem de 250g",,2.19,8.76,0,kg,€/Kg,,,https://driveimg1.intermarche.com/pt/Content/images/boitmal/produit/zoom/8DCB9F2F3B36086D35B7173891ABA268.jpg,,,,,2025-08-27T23:59:59.999999999+01:00,PROSPECTUS,13,1,,,
10175,8410375110211,300.0,Bonduelle,Milho tenro e doce,Embalagem de 300 g,1.74,5.8,0,kg,€/Kg,,,https://driveimg1.intermarche.com/pt/Content/images/boitmal/produit/zoom/7DBD23167EE67669947EBE9FBBED55C3.jpg,,,,,2025-08-27T23:59:59.999999999+01:00,PROSPECTUS,13,1,,,
11641,5601180001020,1000.0,Vigor,Leite pasteurizado meio gordo,Garrafa de 1 l,1.0,1.0,1000,L,€/L,,,https://driveimg1.intermarche.com/pt/Content/images/boitmal/produit/zoom/C25BCB5001E1A92DAA543A65EC5B2802.jpg,,,,,2025-08-27T23:59:59.999999999+01:00,PROSPECTUS,13,1,,,
11642,5601180002003,1000.0,Vigor,Leite pasteurizado magro,Garrafa de 1 l,1.0,1.0,1000,L,€/L,,,https://driveimg1.intermarche.com/pt/Content/images/boitmal/produit/zoom/F8C109F76B61C34DDC541F6014AEA1D3.jpg,,,,,2025-08-27T23:59:59.999999999+01:00,PROSPECTUS,13,1,,,
11656,5601195510128,1000.0,Pedras Salgadas,"Água com gás limão, pack 4 x 0.25 l",,2.19,2.19,1000,L,€/L,,,https://driveimg1.intermarche.com/pt/Content/images/boitmal/produit/zoom/B17C3B681260FB1EF3C3D602C2A48DB7.jpg,,,,,2025-08-27T23:59:59.999999999+01:00,PROSPECTUS,13,1,,,
12946,2892155000000,250.0,Fruta,Ameixa Vermelha,1 un = 250 gr  (aprox.),0.6,2.39,0,,€/Kg,,,https://driveimg1.intermarche.com/pt/Content/images/boitmal/produit/zoom/DA65FE52200EF35EEAAD64E8BD7CE484.jpg,,,,,2025-08-27T23:59:59.999999999+01:00,PROSPECTUS,13,1,,,
13892,2891041000000,1000.0,Porco,Costeletas do Lombo,Vendido ao peso a partir de 1 kg,4.89,4.89,0,,€/Kg,,,https://driveimg1.intermarche.com/pt/Content/images/boitmal/produit/zoom/589E4AFE71E19AF7FEB32FB0C0E176FF.jpg,,,,,2025-08-27T23:59:59.999999999+01:00,PROSPECTUS,13,1,,,
14543,5606293100226,100.0,Vitacress,"Salada riva, embalagem de 100g",,1.69,16.9,0,kg,€/Kg,,,https://driveimg1.intermarche.com/pt/Content/images/boitmal/produit/zoom/A879736C03118BEA183E593C95961B3B.jpg,,,,,2025-08-27T23:59:59.999999999+01:00,PROSPECTUS,13,1,,,
14858,2696002000000,250.0,PorSi,Baguete,250 g,0.46,1.84,0,kg,€/Kg,,,https://driveimg1.intermarche.com/pt/Content/images/boitmal/produit/zoom/E4FC9EECB7B8225F27BCA96C630D54A7.jpg,,,,,2025-08-27T23:59:59.999999999+01:00,PROSPECTUS,13,1,,,
15156,2892099000000,500.0,Fruta,Papaia Avião,1 un = 500 g (aprox.),2.0,3.99,0,,€/Kg,,,https://driveimg1.intermarche.com/pt/Content/images/boitmal/produit/zoom/103067E524772C956478A94460D63E34.jpg,,,,,2025-08-27T23:59:59.999999999+01:00,PROSPECTUS,13,1,,,
15687,5000116109234,700.0,Iglo,"Ervilhas, embalagem de 700g",,3.39,4.84,0,kg,€/Kg,,Tipo de stockagem,https://driveimg1.intermarche.com/pt/Content/images/boitmal/produit/zoom/AC9F197DD289CE6E6A9903FC824FDD75.jpg,,,,,2025-08-27T23:59:59.999999999+01:00,PROSPECTUS,13,1,,,
15979,5601119242364,650.0,Nobre,"Salsichas de aves extra suculentas, frasco de 650g",,2.23,3.43,0,kg,€/Kg,,,https://driveimg1.intermarche.com/pt/Content/images/boitmal/produit/zoom/F9B3EEFB29AFDD46B059DC76A73501AE.jpg,,,,,2025-08-27T23:59:59.999999999+01:00,PROSPECTUS,13,1,,,
2137,5604260253845,320.0,PorSi,Hambúrguer De Frango 320G,,2.99,9.34,0,kg,€/Kg,,Tipo de stockagem,https://driveimg1.intermarche.com/pt/Content/images/boitmal/produit/zoom/2AF3897012E66693610989391E83CB50.jpg,,,,,2025-08-27T23:59:59.999999999+01:00,PROSPECTUS,13,1,,,
25881,5601151155257,3000.0,Serra da estrela,"Água sem gás, pack 6 x 0,50 l",,1.99,0.66,3000,L,€/L,,,https://driveimg1.intermarche.com/pt/Content/images/boitmal/produit/zoom/984AE28FD91E1C697070D2BD18A4765A.jpg,,,,,2025-08-27T23:59:59.999999999+01:00,PROSPECTUS,13,1,,,
30477,3083681070187,225.0,Bonduelle,"Milho doce, embalagem 3 x 75g",,1.78,7.91,0,kg,€/Kg,,,https://driveimg1.intermarche.com/pt/Content/images/boitmal/produit/zoom/21305BEE4D64377736F1C50D030AC0E3.jpg,,,,,2025-08-27T23:59:59.999999999+01:00,PROSPECTUS,13,1,,,
35889,5601151974070,1750.0,Seven Up,"Refrigerante de lima limão free, garrafa de 1.75 l",,1.99,1.14,1750,L,€/L,,,https://driveimg1.intermarche.com/pt/Content/images/boitmal/produit/zoom/9A2F3176B60F6901274BE6108F1FBC7A.jpg,,,,,2025-08-27T23:59:59.999999999+01:00,PROSPECTUS,13,1,,,
36263,5601027973060,480.0,Bimbo,Pão de forma integral,Embalagem de 480 g,1.89,3.94,0,kg,€/Kg,,,https://driveimg1.intermarche.com/pt/Content/images/boitmal/produit/zoom/34F016B3F162809D8E0423F1C3245DFD.jpg,,,,,2025-08-27T23:59:59.999999999+01:00,PROSPECTUS,13,1,,,
38970,5603722518805,,Castelões,"Queijo curado -30% gordura, 500 g",,6.29,6.29,1,,€/Unidade,,,https://driveimg1.intermarche.com/pt/Content/images/boitmal/produit/zoom/72A7031F9A56666D6A179BF7A6411A71.jpg,,,,,2025-08-27T23:59:59.999999999+01:00,PROSPECTUS,13,1,,,
41622,5604260304585,5000.0,PorSi,Areia Para Gatos Mineral Perfumada 5Kg,,1.79,0.36,0,kg,€/Kg,,,https://driveimg1.intermarche.com/pt/Content/images/boitmal/produit/zoom/471523428A34BCB5DDD5150968022974.jpg,,,,,2025-08-27T23:59:59.999999999+01:00,PROSPECTUS,13,1,,,
44059,5601363012683,160.0,LayS,"Batata frita lisas originais, embalagem de 160g",,1.39,8.69,0,kg,€/Kg,,,https://driveimg1.intermarche.com/pt/Content/images/boitmal/produit/zoom/D6B617CBD0A985504B50100E928DB47C.jpg,,,,,2025-08-27T23:59:59.999999999+01:00,PROSPECTUS,13,1,,,
44351,5604260315697,400.0,PorSi,Hambúrgueres De Novilho 400 G,,4.99,12.48,0,kg,€/Kg,,,https://driveimg1.intermarche.com/pt/Content/images/boitmal/produit/zoom/E779911F1889640C1045E57E0C7E319A.jpg,,,,,2025-08-27T23:59:59.999999999+01:00,PROSPECTUS,13,1,,,
46721,5604260315482,1000.0,PorSi,Sardinha Nacional 1Kg,,4.99,4.99,0,kg,€/Kg,,Tipo de stockagem,https://driveimg1.intermarche.com/pt/Content/images/boitmal/produit/zoom/71944109C5660D22ACE0FE8DFB6D3FA2.jpg,,,,,2025-08-27T23:59:59.999999999+01:00,PROSPECTUS,13,1,,,
47671,5604260315475,450.0,PorSi,Mix Frutas P/ Smoothie 450G,,3.59,7.98,0,kg,€/Kg,,Tipo de stockagem,https://driveimg1.intermarche.com/pt/Content/images/boitmal/produit/zoom/E3A0B5F170B153BD1B9F51F13436BB64.jpg,,,,,2025-08-27T23:59:59.999999999+01:00,PROSPECTUS,13,1,,,
49335,8711327326750,270.0,Olá,Solero mpk red berries 3x90ml,,1.99,7.37,270,L,€/L,,Tipo de stockagem,https://driveimg1.intermarche.com/pt/Content/images/boitmal/produit/zoom/AE67DE344F885AB0380E7773FB61B722.jpg,,,,,2025-08-27T23:59:59.999999999+01:00,PROSPECTUS,13,1,,,
49892,2892448000000,250.0,Legumes,Tomate Kumato | categoria: II,Vendido ao peso,0.4,1.59,0,,€/Kg,,,https://driveimg1.intermarche.com/pt/Content/images/boitmal/produit/zoom/BCFD7C85266A9186AC9846E74D3951C4.jpg,,,,,2025-08-27T23:59:59.999999999+01:00,PROSPECTUS,13,1,,,
54807,5603722521249,604.0,Mimosa,"Iogurte magro liquido frutos tropicais, 4 x 151 ml",,1.49,2.47,604,L,€/L,,,https://driveimg1.intermarche.com/pt/Content/images/boitmal/produit/zoom/C77456F505DA2CCD8DCF28975C13CB45.jpg,,,,,2025-08-27T23:59:59.999999999+01:00,PROSPECTUS,13,1,,,
55018,5601027117303,430.0,Bimbo,"Pão de forma com Côdea, 430g",,1.74,4.05,0,kg,€/Kg,,,https://driveimg1.intermarche.com/pt/Content/images/boitmal/produit/zoom/4C17DB6C614697DA1B5FB0CE80A911CD.jpg,,,,,2025-08-27T23:59:59.999999999+01:00,PROSPECTUS,13,1,,,
55264,8445291133273,200.0,Buondi,"Café Moído Torrado Moagem Universal Original Int 9, 200g",,3.39,16.95,0,kg,€/Kg,,,https://driveimg1.intermarche.com/pt/Content/images/boitmal/produit/zoom/12B7362029AD0E17CC16AA453025E6E9.jpg,,,,,2025-08-27T23:59:59.999999999+01:00,PROSPECTUS,13,1,,,
5844,5604260129010,500.0,PorSi,"Detergente manual de loiça, ultra limão",Embalagem de 500 ml,0.95,1.9,500,L,€/L,,,https://driveimg1.intermarche.com/pt/Content/images/boitmal/produit/zoom/11A18090A3116B615638013F259093D1.jpg,,,,,2025-08-27T23:59:59.999999999+01:00,PROSPECTUS,13,1,,,
7324,3228020390131,250.0,President,"Manteiga magra meio sal, embalagem de 250g",,2.65,10.6,0,kg,€/Kg,,,https://driveimg1.intermarche.com/pt/Content/images/boitmal/produit/zoom/331DC0C2868698A1CF61BBA910E6E1D6.jpg,,,,,2025-08-27T23:59:59.999999999+01:00,PROSPECTUS,13,1,,,
8371,5601045000489,1980.0,Sumol,"Refrigerante com gás de laranja, em lata, pack 6 x 0.33 l",,3.98,2.01,1980,L,€/L,,,https://driveimg1.intermarche.com/pt/Content/images/boitmal/produit/zoom/4B005EF2E9D33856D507FE94921D3E26.jpg,,,,,2025-08-27T23:59:59.999999999+01:00,PROSPECTUS,13,1,,,
8994,5601511000012,200.0,Limiano,"Queijo flamengo, fatias, embalagem de 200g",,2.29,11.45,0,kg,€/Kg,,,https://driveimg1.intermarche.com/pt/Content/images/boitmal/produit/zoom/07BB1CEE38CC53EE2C814734D4592DE0.jpg,,,,,2025-08-27T23:59:59.999999999+01:00,PROSPECTUS,13,2,,,
9315,5603722509544,1000.0,Mimosa,"Leite 0% lactose magro, de 1l",,1.15,1.15,1000,L,€/L,,,https://driveimg1.intermarche.com/pt/Content/images/boitmal/produit/zoom/0350D0DE44A653A9AB01722B06443E94.jpg,https://driveimg1.intermarche.com/pt/Content/images/boitmal/produit/zoom/DC5219EC1E15E09529E323B7D196FADA.jpg,https://driveimg1.intermarche.com/pt/Content/images/boitmal/produit/zoom/DC48BFFA4281D8016E9FB40168ED4485.jpg,,,2025-08-27T23:59:59.999999999+01:00,PROSPECTUS,13,2,,,
980,5601024134488,750.0,Oliveira da Serra,Azeite virgem extra clássico,Embalagem de 750 ml,5.69,7.59,750,L,€/L,,,https://driveimg1.intermarche.com/pt/Content/images/boitmal/produit/zoom/01EF39EFE8396CC9ACA95DC25E9D3412.jpg,,,,,2025-08-27T23:59:59.999999999+01:00,PROSPECTUS,13,2,,,
10153,8410199002402,150.0,LayS,"Batata frita forno originais, embalagem de 150g",,1.49,9.93,0,kg,€/Kg,,,https://driveimg1.intermarche.com/pt/Content/images/boitmal/produit/zoom/86C3E77514816B61352453CDEA14189F.jpg,,,,,2025-08-27T23:59:59.999999999+01:00,PROSPECTUS,13,2,,,
10509,8435250297955,256.0,Nestlé,"Iogurte mix in smarties baunilha, embalagem de 2 x 128 g",,2.19,8.55,0,kg,€/Kg,,,https://driveimg1.intermarche.com/pt/Content/images/boitmal/produit/zoom/5355941DC0922592DB9EDB46788FEE19.jpg,,,,,2025-08-27T23:59:59.999999999+01:00,PROSPECTUS,13,2,,,
10859,3023290400395,230.0,Nestlé,"Iogurte mix in kit kat, embalagem de 2 x 115g",,2.19,9.52,0,kg,€/Kg,,,https://driveimg1.intermarche.com/pt/Content/images/boitmal/produit/zoom/46A338E8D7EAC63B8EF63808F7DF5998.jpg,,,,,2025-08-27T23:59:59.999999999+01:00,PROSPECTUS,13,2,,,
10900,3228021920191,250.0,President,"Manteiga fácil de barrar, embalagem de 250g",,3.59,14.36,0,kg,€/Kg,,,https://driveimg1.intermarche.com/pt/Content/images/boitmal/produit/zoom/AD6F66474E604C53FDAA16EA65E09D09.jpg,,,,,2025-08-27T23:59:59.999999999+01:00,PROSPECTUS,13,2,,,
1135,5601082022758,250.0,Delta,Café torrado lote chávena máquina,Embalagem de 250g,3.99,15.96,0,kg,€/Kg,,,https://driveimg1.intermarche.com/pt/Content/images/boitmal/produit/zoom/13E9F03FF8FB53EE57516E14277CD628.jpg,,,,,2025-08-27T23:59:59.999999999+01:00,PROSPECTUS,13,2,,,
11959,5603722504945,200.0,Mimosa,"Nata para culinária ligeira, embalagem de 200 ml",,0.91,4.55,200,L,€/L,,,https://driveimg1.intermarche.com/pt/Content/images/boitmal/produit/zoom/34074ECCE8C9D0028618D923D64DF04D.jpg,,,,,2025-08-27T23:59:59.999999999+01:00,PROSPECTUS,13,2,,,
11974,5603722508752,200.0,Castelões,"Queijo em fatias original, embalagem de 200g",,2.19,10.95,0,kg,€/Kg,,,https://driveimg1.intermarche.com/pt/Content/images/boitmal/produit/zoom/9709716796DE3B121923F09B97DF17ED.jpg,,,,,2025-08-27T23:59:59.999999999+01:00,PROSPECTUS,13,2,,,
13095,2893071000000,100.0,Peixaria,Carapau Pequeno,1 un = 100 g (aprox.),0.35,3.49,0,,€/Kg,,,https://driveimg1.intermarche.com/pt/Content/images/boitmal/produit/zoom/07606BE143D22CF4796A63CA9C752E5B.jpg,,,,,2025-08-27T23:59:59.999999999+01:00,PROSPECTUS,13,2,,,
13582,2893577000000,400.0,Peixaria,Solha Congelada,,2.28,5.69,0,,€/Kg,,Avantages !,https://driveimg1.intermarche.com/pt/Content/images/boitmal/produit/zoom/09CD29C77ECA15BC59D0A288B72C20B4.jpg,,,,,2025-08-27T23:59:59.999999999+01:00,PROSPECTUS,13,2,,,
13585,2893580000000,250.0,Marisco,Gambão Congelado 20/30,Vendido a partir de 250 (aprox.),2.25,8.99,0,,€/Kg,,Avantages !,https://driveimg1.intermarche.com/pt/Content/images/boitmal/produit/zoom/8045A02528560B0A77B8815B2FADD1B4.jpg,,,,,2025-08-27T23:59:59.999999999+01:00,PROSPECTUS,13,2,,,
13990,2696200000000,,Pastelaria,Folhado de salsichas,1 unidade = 110 g,0.89,0.89,0,,€/Unidade,,,https://driveimg1.intermarche.com/pt/Content/images/boitmal/produit/zoom/4DCF72DC736051BE772FEB48C9B7E455.jpg,,,,,2025-08-27T23:59:59.999999999+01:00,PROSPECTUS,13,2,,,
1457,5601286218575,500.0,Milaneza,"Massa spaghetti tricolore, embalagem de 500g",,1.26,2.52,0,kg,€/Kg,,,https://driveimg1.intermarche.com/pt/Content/images/boitmal/produit/zoom/6B9BA7FC4D3F653ECA0B2B44CB0BA38A.jpg,,,,,2025-08-27T23:59:59.999999999+01:00,PROSPECTUS,13,2,,,
14653,5601119225442,110.0,Nobre,"Fiambre da perna extra fatias finas, embalagem de 110g",,1.99,18.09,0,kg,€/Kg,,,https://driveimg1.intermarche.com/pt/Content/images/boitmal/produit/zoom/7FD7D9E34952BFCF466D7D36B77539B0.jpg,,,,,2025-08-27T23:59:59.999999999+01:00,PROSPECTUS,13,2,,,
15038,2892255000000,2500.0,Programa Origens,Melão Branco,Vendido ao peso | 1 un = 2.5 kg (aprox.),1.73,0.69,0,,€/Kg,,,https://driveimg1.intermarche.com/pt/Content/images/boitmal/produit/zoom/005D1DBE085639370AB2D6A0E6687717.jpg,,,,,2025-08-27T23:59:59.999999999+01:00,PROSPECTUS,13,2,,,
16343,5601151978856,6000.0,Serra da estrela,"Água sem gás, garrafão de 6l",,1.49,0.25,6000,L,€/L,,,https://driveimg1.intermarche.com/pt/Content/images/boitmal/produit/zoom/8D402342781DACEBEA13B36CE32D8EBF.jpg,,,,,2025-08-27T23:59:59.999999999+01:00,PROSPECTUS,13,2,,,
16695,7622210480002,154.0,Oreo,Bolacha golden,Embalagem de 154 g,1.49,9.68,0,kg,€/Kg,,,https://driveimg1.intermarche.com/pt/Content/images/boitmal/produit/zoom/838CC6F368FD2767C7E228B5A889ABC3.jpg,,,,,2025-08-27T23:59:59.999999999+01:00,PROSPECTUS,13,2,,,
17595,5411188115366,1000.0,Alpro,"Bebida aveia, embalagem de 1 litro",,1.99,1.99,1000,L,€/L,,,https://driveimg1.intermarche.com/pt/Content/images/boitmal/produit/zoom/F5E08DFF719942D46F9D4BF500500435.jpg,,,,,2025-08-27T23:59:59.999999999+01:00,PROSPECTUS,13,2,,,
18048,3600523183845,85.0,L'oreal,Creme Active Antirrugas Dia,Embalagem de 35+50 ml,7.69,90.47,85,L,€/L,,,https://driveimg1.intermarche.com/pt/Content/images/boitmal/produit/zoom/22E4BD881EE93CD344F6F09982DD8BA8.jpg,,,,,2025-08-27T23:59:59.999999999+01:00,PROSPECTUS,13,2,,,
19586,8435257028057,720.0,Longa vida,"Iogurte aroma 0% tutti fruti/coco, embalagem de 6 x 120g",,2.29,3.18,0,kg,€/Kg,,,https://driveimg1.intermarche.com/pt/Content/images/boitmal/produit/zoom/6FEC33DAE59256CBE3074F3F03199908.jpg,,,,,2025-08-27T23:59:59.999999999+01:00,PROSPECTUS,13,2,,,
20967,5601027002593,175.0,Manhãzitos,5 manhãzitos choco chips,Embalagem de 175 g,2.24,12.8,0,kg,€/Kg,,,https://driveimg1.intermarche.com/pt/Content/images/boitmal/produit/zoom/6EB4FB571FE310CEFF50998F54BCFA17.jpg,,,,,2025-08-27T23:59:59.999999999+01:00,PROSPECTUS,13,2,,,
2309,5604260271801,2000.0,PorSi,Cola Zero 2L,,0.79,0.4,2000,L,€/L,,,https://driveimg1.intermarche.com/pt/Content/images/boitmal/produit/zoom/B3B2D30749328B98E0A5409203C1AF4C.jpg,,,,,2025-08-27T23:59:59.999999999+01:00,PROSPECTUS,13,2,,,
23231,5604260275861,320.0,PorSi,Hambúrguer De Peru 320G,,2.99,9.34,0,kg,€/Kg,,Tipo de stockagem,https://driveimg1.intermarche.com/pt/Content/images/boitmal/produit/zoom/1C67BD92628637A2AF8B94BB34C50585.jpg,,,,,2025-08-27T23:59:59.999999999+01:00,PROSPECTUS,13,2,,,
26645,8434165483965,570.0,Cuétara,"Bolachas tosta rica, embalagem de 570g",,2.99,5.25,0,kg,€/Kg,,,https://driveimg1.intermarche.com/pt/Content/images/boitmal/produit/zoom/402DF03975BD5CCC8DA72A23C6033A51.jpg,,,,,2025-08-27T23:59:59.999999999+01:00,PROSPECTUS,13,2,,,
2675,8410000802771,160.0,Chips Ahoy!,Bolachas mini chips ahoy,Embalagem de 160g,1.84,11.5,0,kg,€/Kg,,,https://driveimg1.intermarche.com/pt/Content/images/boitmal/produit/zoom/3707DD444CDD44D20F774875B91B068B.jpg,,,,,2025-08-27T23:59:59.999999999+01:00,PROSPECTUS,13,2,,,
2749,8410063046532,350.0,Pescanova,"Miolo de camarão 80/100, embalagem de 350g",,6.99,19.97,0,kg,€/Kg,,Tipo de stockagem,https://driveimg1.intermarche.com/pt/Content/images/boitmal/produit/zoom/0EA75135180DC26543A97F342303334A.jpg,,,,,2025-08-27T23:59:59.999999999+01:00,PROSPECTUS,13,2,,,
27775,8410500017699,480.0,Danone,"Activia 0% Frutos Silvestres Cremoso,  4x120 g",,1.99,4.15,0,kg,€/Kg,,,https://driveimg1.intermarche.com/pt/Content/images/boitmal/produit/zoom/4E62DCF5F4DD4F8D2F37C752D5F96412.jpg,,,,,2025-08-27T23:59:59.999999999+01:00,PROSPECTUS,13,2,,,
31436,5607233508829,750.0,Panrico,Pão de forma especial torradas,Embalagem de 750g,1.95,2.6,0,kg,€/Kg,,,https://driveimg1.intermarche.com/pt/Content/images/boitmal/produit/zoom/E55F9FC30ED3A9561F136B69689D41FE.jpg,,,,,2025-08-27T23:59:59.999999999+01:00,PROSPECTUS,13,2,,,
33391,7613036525893,250.0,Pensal,"Farinha com cacau, embalagem de 250g",,2.24,8.96,0,kg,€/Kg,,,https://driveimg1.intermarche.com/pt/Content/images/boitmal/produit/zoom/68797A6078949F0AB61C8E5E40A31566.jpg,,,,,2025-08-27T23:59:59.999999999+01:00,PROSPECTUS,13,2,,,
37602,5603722518782,,Castelões,"Queijo curado pequeno, embalagem de 500g",,6.29,6.29,1,,€/Unidade,,,https://driveimg1.intermarche.com/pt/Content/images/boitmal/produit/zoom/5DFFAAD500F2992E98C505840753B8C7.jpg,,,,,2025-08-27T23:59:59.999999999+01:00,PROSPECTUS,13,2,,,
39305,5601195640122,1000.0,Pedras Salgadas,"Pedras maracujá, pack 4 x 25 cl",,2.19,2.19,1000,L,€/L,,,https://driveimg1.intermarche.com/pt/Content/images/boitmal/produit/zoom/4530A5F4C57E573DC822AE65FB3AE7F0.jpg,,,,,2025-08-27T23:59:59.999999999+01:00,PROSPECTUS,13,2,,,
41129,5604260303762,200.0,PorSi,Salsicha Aves Lata 8 Unidades,,1.09,5.45,0,kg,€/Kg,,,https://driveimg1.intermarche.com/pt/Content/images/boitmal/produit/zoom/9EA05D92F833661969A8EB1078BF37A5.jpg,,,,,2025-08-27T23:59:59.999999999+01:00,PROSPECTUS,13,2,,,
43213,5603722519789,,Castelões,"Queijo cura especial barrado pimentão, 500 g",,6.29,6.29,1,,€/Unidade,,,https://driveimg1.intermarche.com/pt/Content/images/boitmal/produit/zoom/7F9659307338C4018D4890FC3B81F84B.jpg,,,,,2025-08-27T23:59:59.999999999+01:00,PROSPECTUS,13,2,,,
43625,5604260309047,140.0,PorSi,Fiambre Cubos 2X70G,,1.29,9.21,0,kg,€/Kg,,,https://driveimg1.intermarche.com/pt/Content/images/boitmal/produit/zoom/798CE7FD19298D3D78CE3B58BC9C32ED.jpg,https://driveimg1.intermarche.com/pt/Content/images/boitmal/produit/zoom/257270CA2E82FDBD7804782135AFF633.jpg,https://driveimg1.intermarche.com/pt/Content/images/boitmal/produit/zoom/257270CA2E82FDBD7804782135AFF633.jpg,https://driveimg1.intermarche.com/pt/Content/images/boitmal/produit/zoom/257270CA2E82FDBD7804782135AFF633.jpg,,2025-08-27T23:59:59.999999999+01:00,PROSPECTUS,13,2,,,
43719,5604260312313,450.0,PorSi,Mist. Frutos Exoticos 450G,,2.99,6.64,0,kg,€/Kg,,Tipo de stockagem,https://driveimg1.intermarche.com/pt/Content/images/boitmal/produit/zoom/29016CD4E3CFB1CF21ED9B36ADF36932.jpg,,,,,2025-08-27T23:59:59.999999999+01:00,PROSPECTUS,13,2,,,
44234,8710522854815,257.0,Calvé,"Mostarda top down, embalagem de 257g",,1.68,6.54,0,kg,€/Kg,,,https://driveimg1.intermarche.com/pt/Content/images/boitmal/produit/zoom/63AC7BC5BB2C7D5CE58B458BE855CC4A.jpg,,,,,2025-08-27T23:59:59.999999999+01:00,PROSPECTUS,13,2,,,
44594,5606999030223,400.0,Fruta,Kiwi amarelo Categoria: II,embalagem de 400 g,3.19,7.98,0,kg,€/Kg,,,https://driveimg1.intermarche.com/pt/Content/images/boitmal/produit/zoom/595466AB79BDB9351F6B699AD9427D4B.jpg,,,,,2025-08-27T23:59:59.999999999+01:00,PROSPECTUS,13,2,,,
44702,5053990155354,175.0,Pringles,"Snacks batata sour cream & onion, embalagem de 175g",,2.99,17.09,0,kg,€/Kg,,,https://driveimg1.intermarche.com/pt/Content/images/boitmal/produit/zoom/0C0E56E5BC42C468A1D6A594D5BD0C63.jpg,https://driveimg1.intermarche.com/pt/Content/images/boitmal/produit/zoom/3743B152C095FACA5BB155343DC8A7EE.jpg,https://driveimg1.intermarche.com/pt/Content/images/boitmal/produit/zoom/3743B152C095FACA5BB155343DC8A7EE.jpg,https://driveimg1.intermarche.com/pt/Content/images/boitmal/produit/zoom/3743B152C095FACA5BB155343DC8A7EE.jpg,https://driveimg1.intermarche.com/pt/Content/images/boitmal/produit/zoom/3743B152C095FACA5BB155343DC8A7EE.jpg,2025-08-27T23:59:59.999999999+01:00,PROSPECTUS,13,2,,,
47678,5604260319572,96.0,PorSi,Cápsulas Café Velutatto Cdgx16,,3.85,40.1,0,kg,€/Kg,,,https://driveimg1.intermarche.com/pt/Content/images/boitmal/produit/zoom/BE18676367C8B5BB22F7EEF5D41DB56F.jpg,,,,,2025-08-27T23:59:59.999999999+01:00,PROSPECTUS,13,2,,,
47788,5604260325740,330.0,PorSi,6 Salsichas Frescas Chipolatas Com Ervas 330 G,,4.59,13.91,0,kg,€/Kg,,,https://driveimg1.intermarche.com/pt/Content/images/boitmal/produit/zoom/5F51FE6C2AF9B50236E3907CACEE0AB3.jpg,,,,,2025-08-27T23:59:59.999999999+01:00,PROSPECTUS,13,2,,,
48712,5000159386821,200.0,M&MS,"M&ms drageias de amendoim e chocolate de leite, 200g",,3.74,18.7,0,kg,€/Kg,,,https://driveimg1.intermarche.com/pt/Content/images/boitmal/produit/zoom/FE32591FFCD809E27B474A6B5953C548.jpg,,,,,2025-08-27T23:59:59.999999999+01:00,PROSPECTUS,13,2,,,
49177,3600523966752,150.0,Elvive,Spray Protetor de Calor Cabelo Comprido e Liso,150 ml,5.59,37.27,150,L,€/L,,,https://driveimg1.intermarche.com/pt/Content/images/boitmal/produit/zoom/210A21B9957FF3EBFDB7D3F2679513DF.jpg,,,,,2025-08-27T23:59:59.999999999+01:00,PROSPECTUS,13,2,,,
49215,5604260322800,2000.0,PorSi,Detergente Máquina Sabão Natural 40D,,2.99,1.5,2000,L,€/L,,,https://driveimg1.intermarche.com/pt/Content/images/boitmal/produit/zoom/1050941D8226F2FD6BB56637BBE1285A.jpg,,,,,2025-08-27T23:59:59.999999999+01:00,PROSPECTUS,13,2,,,
49258,8718951476271,75.0,Colgate,Pasta de Dentes Gengivas Limpeza Interdentária,Embalagem de 75 ml,3.24,43.2,75,L,€/L,,,https://driveimg1.intermarche.com/pt/Content/images/boitmal/produit/zoom/71413787DADCB43D7EE037F2CCCABD18.jpg,,,,,2025-08-27T23:59:59.999999999+01:00,PROSPECTUS,13,2,,,
49866,5604260324897,300.0,PorSi Select,Miolo Gambao 20/40 300G,,8.99,29.97,0,kg,€/Kg,,Tipo de stockagem,https://driveimg1.intermarche.com/pt/Content/images/boitmal/produit/zoom/DADD0E84F5469BFE47FAD9CBEE84853B.jpg,,,,,2025-08-27T23:59:59.999999999+01:00,PROSPECTUS,13,2,,,
49882,5604260319336,200.0,PorSi,Paio Lombo Fatiado 200G,,2.49,12.45,0,kg,€/Kg,,,https://driveimg1.intermarche.com/pt/Content/images/boitmal/produit/zoom/D86DCD95306C4475736A71E01CBAE1B6.jpg,,,,,2025-08-27T23:59:59.999999999+01:00,PROSPECTUS,13,2,,,
49964,8719200238176,225.0,Becel,"Creme de barrar, embalagem de 225g",,1.99,8.84,0,kg,€/Kg,,,https://driveimg1.intermarche.com/pt/Content/images/boitmal/produit/zoom/02C3B8CB4BF40DA381639A6BD63AEBA6.jpg,,,,,2025-08-27T23:59:59.999999999+01:00,PROSPECTUS,13,2,,,
50040,3600542297943,200.0,Ambre Solaire,Leite Hidratante c/ Aloé Vera,Embalagem de 200 ml,3.89,19.45,200,L,€/L,,,https://driveimg1.intermarche.com/pt/Content/images/boitmal/produit/zoom/21079F2C68ABB9D7610DECFCD2F36297.jpg,,,,,2025-08-27T23:59:59.999999999+01:00,PROSPECTUS,13,2,,,
51607,8718951472846,400.0,Colgate,Elixir Cuidado das Gengivas PerioGard,400 ml,4.84,12.1,400,L,€/L,,,https://driveimg1.intermarche.com/pt/Content/images/boitmal/produit/zoom/4FEC2183E1AC0E3EB4E96AF1F412B444.jpg,,,,,2025-08-27T23:59:59.999999999+01:00,PROSPECTUS,13,2,,,
52797,8711327616332,825.0,Carte DOr,"Gelado brownie chocolate, 825 ml",,3.59,4.35,825,L,€/L,,Tipo de stockagem,https://driveimg1.intermarche.com/pt/Content/images/boitmal/produit/zoom/86933FC9C9D9EA2E9FB58FB8E0DC69F7.jpg,https://driveimg1.intermarche.com/pt/Content/images/boitmal/produit/zoom/89D187521E159B499F9E24CFA10981D6.jpg,https://driveimg1.intermarche.com/pt/Content/images/boitmal/produit/zoom/89D187521E159B499F9E24CFA10981D6.jpg,,,2025-08-27T23:59:59.999999999+01:00,PROSPECTUS,13,2,,,
52883,8719200267824,1000.0,Planta,"Creme vegetal para barrar original, 1 kg",,4.99,4.99,0,kg,€/Kg,,,https://driveimg1.intermarche.com/pt/Content/images/boitmal/produit/zoom/936FEB2670E44E85562B9564D40B3E6A.jpg,https://driveimg1.intermarche.com/pt/Content/images/boitmal/produit/zoom/CBB4812E883E0A943660F7C5BD667E18.jpg,https://driveimg1.intermarche.com/pt/Content/images/boitmal/produit/zoom/CBB4812E883E0A943660F7C5BD667E18.jpg,,,2025-08-27T23:59:59.999999999+01:00,PROSPECTUS,13,2,,,
53898,5604260330768,1980.0,PorSi,Detergente Máquina Roupa Bebé 66D,,4.99,2.52,1980,L,€/L,,,https://driveimg1.intermarche.com/pt/Content/images/boitmal/produit/zoom/95C82A06CDEEFF586AB56E691DC886AF.jpg,,,,,2025-08-27T23:59:59.999999999+01:00,PROSPECTUS,13,2,,,
55049,5601027119567,450.0,Bimbo,"Pão de Forma 10 Cereais e Sementes sem Côdea, 450g",,1.99,4.42,0,kg,€/Kg,,,https://driveimg1.intermarche.com/pt/Content/images/boitmal/produit/zoom/599690F08967F62D33B6420CCF1AEF7E.jpg,,,,,2025-08-27T23:59:59.999999999+01:00,PROSPECTUS,13,2,,,
5845,5604260129027,500.0,PorSi,"Detergente manual de loiça, maçã",Embalagem de 500 ml,1.39,2.78,500,L,€/L,,,https://driveimg1.intermarche.com/pt/Content/images/boitmal/produit/zoom/FA3C8FC31B47D9DC966718AF0B1180EB.jpg,,,,,2025-08-27T23:59:59.999999999+01:00,PROSPECTUS,13,2,,,
7105,2894508000000,100.0,Primor,Bacon Extra,"Vendido ao peso, fatiado a partir de 100 gr",1.2,11.99,0,,€/Kg,,,https://driveimg1.intermarche.com/pt/Content/images/boitmal/produit/zoom/BE4896B3454C5EEBE0D9BE9663BD4C36.jpg,,,,,2025-08-27T23:59:59.999999999+01:00,PROSPECTUS,13,2,,,
8222,5411188553304,1000.0,Alpro,"Bebida de soja com cálcio, embalagem de 1 l",,1.69,1.69,1000,L,€/L,,,https://driveimg1.intermarche.com/pt/Content/images/boitmal/produit/zoom/E93FBC9C48DDB0A312E01AACFB10CDEE.jpg,,,,,2025-08-27T23:59:59.999999999+01:00,PROSPECTUS,13,2,,,
8282,5601010111240,125.0,Ramirez,"Sardinhas em tomate, 130g",,1.04,8.32,0,kg,€/Kg,,,https://driveimg1.intermarche.com/pt/Content/images/boitmal/produit/zoom/82946281D1909F6ABBCF4E74D88EF8AB.jpg,,,,,2025-08-27T23:59:59.999999999+01:00,PROSPECTUS,13,2,,,
8376,5601045107003,1980.0,Seven Up,"Refrigerante com gás lima limão, pack 6 x 0.33 l",,3.98,2.01,1980,L,€/L,,,https://driveimg1.intermarche.com/pt/Content/images/boitmal/produit/zoom/508EC42C49450A0AD41D0A1AE84376FF.jpg,,,,,2025-08-27T23:59:59.999999999+01:00,PROSPECTUS,13,2,,,
8382,5601049131998,1000.0,Mimosa,"Leite uht gordo, embalagem de 1litro",,1.05,1.05,1000,L,€/L,,,https://driveimg1.intermarche.com/pt/Content/images/boitmal/produit/zoom/5D46937192D7E0425B02DA44F0AF6CA9.jpg,https://driveimg1.intermarche.com/pt/Content/images/boitmal/produit/zoom/85426DF0A207BC5690BA7486D86DBCDC.jpg,https://driveimg1.intermarche.com/pt/Content/images/boitmal/produit/zoom/85C3489AE589A6300942C731BCB55282.jpg,,,2025-08-27T23:59:59.999999999+01:00,PROSPECTUS,13,2,,,
8397,5601050016017,600.0,Danone,"Danacol morango, embalagem de 6 x 100 g",,2.99,4.98,0,kg,€/Kg,,,https://driveimg1.intermarche.com/pt/Content/images/boitmal/produit/zoom/F76543BD64340CC9668C447CAE3F75A1.jpg,,,,,2025-08-27T23:59:59.999999999+01:00,PROSPECTUS,13,2,,,
8996,5601511000357,200.0,Limiano,"Queijo em fatias -50% gordura, 200g",,2.39,11.95,0,kg,€/Kg,,,https://driveimg1.intermarche.com/pt/Content/images/boitmal/produit/zoom/5203F2A7A115B3ECA4D9EF7A3500C13D.jpg,,,,,2025-08-27T23:59:59.999999999+01:00,PROSPECTUS,13,2,,,
9683,5604260270217,270.0,PorSi,Arroz Doce 2X135G,,1.7,6.3,0,kg,€/Kg,,,https://driveimg1.intermarche.com/pt/Content/images/boitmal/produit/zoom/758D7EF72EC59C0CDECF806DDB002542.jpg,,,,,2025-08-27T23:59:59.999999999+01:00,PROSPECTUS,13,2,,,
10842,2895207000000,250.0,Santiago,Queijo 3 Igrejas Cura 2m Pimentão,Vendido ao peso a partir de 250 gr,3.0,11.99,0,,€/Kg,,,https://driveimg1.intermarche.com/pt/Content/images/boitmal/produit/zoom/2F11F4EC63EB49EF2522FB61028743A0.jpg,,,,,2025-08-27T23:59:59.999999999+01:00,PROSPECTUS,13,2,,,
10899,3228021000084,250.0,President,"Manteiga la motte sal do mar, embalagem de 250g",,3.95,15.8,0,kg,€/Kg,,,https://driveimg1.intermarche.com/pt/Content/images/boitmal/produit/zoom/F02DC28B5940DB25AE13C684F975BF0B.jpg,,,,,2025-08-27T23:59:59.999999999+01:00,PROSPECTUS,13,2,,,
1138,5601082022796,250.0,Delta,Café em grão,Embalagem de 250g,3.99,15.96,0,kg,€/Kg,,,https://driveimg1.intermarche.com/pt/Content/images/boitmal/produit/zoom/A8B4C93555D2897E7B184C0C3550DF4C.jpg,,,,,2025-08-27T23:59:59.999999999+01:00,PROSPECTUS,13,2,,,
11496,5601049213991,200.0,Mimosa,"Nata uht, embalagem de 200 ml",,0.91,4.55,200,L,€/L,,,https://driveimg1.intermarche.com/pt/Content/images/boitmal/produit/zoom/8FC5ABCE23EB48F851FFE29C53BFA5D9.jpg,,,,,2025-08-27T23:59:59.999999999+01:00,PROSPECTUS,13,2,,,
12175,5604661000109,,Seia,"Queijo ovelha curado amanteigado, 250g",,4.99,4.99,1,,€/Unidade,,,https://driveimg1.intermarche.com/pt/Content/images/boitmal/produit/zoom/20943ADC2C471E1614C3A2236E0F510B.jpg,,,,,2025-08-27T23:59:59.999999999+01:00,PROSPECTUS,13,2,,,
1225,5601146000319,500.0,Sagres,"Cerveja com álcool, lata de 500ml",,0.85,1.7,500,L,€/L,,,https://driveimg1.intermarche.com/pt/Content/images/boitmal/produit/zoom/55C192466A5F674CBE2BDA0D6226A730.jpg,,,,,2025-08-27T23:59:59.999999999+01:00,PROSPECTUS,13,2,,,
13529,2893521000000,1000.0,Peixaria,Pescada do Chile Congelada Nº3,1 un= 1 kg (aprox.),8.99,8.99,0,,€/Kg,,Avantages !,https://driveimg1.intermarche.com/pt/Content/images/boitmal/produit/zoom/40D57D35BBDBDF72027C959F41A6E90C.jpg,,,,,2025-08-27T23:59:59.999999999+01:00,PROSPECTUS,13,2,,,
13839,2891006000000,800.0,Novilho,Bife da Pá,Vendido ao peso a partir de 800 g,9.51,11.89,0,,€/Kg,,,https://driveimg1.intermarche.com/pt/Content/images/boitmal/produit/zoom/5626B1315F40E59D057B37FBCA18064B.jpg,,,,,2025-08-27T23:59:59.999999999+01:00,PROSPECTUS,13,2,,,
13915,2891249000000,2000.0,Peru,Perna com Osso,Vendido ao peso,7.98,3.99,0,,€/Kg,,,https://driveimg1.intermarche.com/pt/Content/images/boitmal/produit/zoom/EA6C55F440DB29FDE55EB019973B1FE5.jpg,,,,,2025-08-27T23:59:59.999999999+01:00,PROSPECTUS,13,2,,,
14302,5000116109104,500.0,Iglo,"Ervilhas primavera, embalagem de 500g",,2.98,5.96,0,kg,€/Kg,,Tipo de stockagem,https://driveimg1.intermarche.com/pt/Content/images/boitmal/produit/zoom/331AE4FF3620F211D8048BD43B1F93FF.jpg,,,,,2025-08-27T23:59:59.999999999+01:00,PROSPECTUS,13,2,,,
14509,5411188115533,1000.0,Alpro,Bebida de soja baunilha,Embalagem de 1L,1.99,1.99,1000,L,€/L,,,https://driveimg1.intermarche.com/pt/Content/images/boitmal/produit/zoom/218A8B639B241166E3D114746FC92529.jpg,,,,,2025-08-27T23:59:59.999999999+01:00,PROSPECTUS,13,2,,,
1475,5601286273789,500.0,Milaneza,"Massa fusilli tricolor, embalagem de 500g",,1.26,2.52,0,kg,€/Kg,,,https://driveimg1.intermarche.com/pt/Content/images/boitmal/produit/zoom/89BD68C65931C04722FA40DDD3898CB2.jpg,,,,,2025-08-27T23:59:59.999999999+01:00,PROSPECTUS,13,2,,,
14854,2891117000000,2350.0,PorSi,Pato inteiro com miúdos,1 un = 2.250 kg (aprox.),10.53,4.48,0,,€/Kg,,,https://driveimg1.intermarche.com/pt/Content/images/boitmal/produit/zoom/E5F2031D60089F4C13D404725928D593.jpg,,,,,2025-08-27T23:59:59.999999999+01:00,PROSPECTUS,13,2,,,
15886,5601027003859,210.0,Manhãzitos,Manhãzitos original,Embalagem 6x2 unidades,2.44,11.62,0,kg,€/Kg,,,https://driveimg1.intermarche.com/pt/Content/images/boitmal/produit/zoom/E3BD264A0F36C19CDFE09BE15A0F5910.jpg,,,,,2025-08-27T23:59:59.999999999+01:00,PROSPECTUS,13,2,,,
16493,8718951037939,500.0,Ajax,"Limpa vidros pistola, cristal, embalagem de 500 ml",,1.97,3.94,500,L,€/L,,,https://driveimg1.intermarche.com/pt/Content/images/boitmal/produit/zoom/B2152E81252C8B3ECCDB87063FC44E64.jpg,,,,,2025-08-27T23:59:59.999999999+01:00,PROSPECTUS,13,2,,,
17174,2891285000000,1000.0,Novilho,Costeletão,Vendido ao peso a partir de 1 kg,10.99,10.99,0,,€/Kg,,,https://driveimg1.intermarche.com/pt/Content/images/boitmal/produit/zoom/3119B572BBCB66D5B0D8D4234718B722.jpg,,,,,2025-08-27T23:59:59.999999999+01:00,PROSPECTUS,13,2,,,
17419,5601119243781,110.0,Nobre,"Peito de frango fatias finas, embalagem de 110g",,2.19,19.91,0,kg,€/Kg,,,https://driveimg1.intermarche.com/pt/Content/images/boitmal/produit/zoom/568E87E8AE328D133D5414163DCC53D1.jpg,,,,,2025-08-27T23:59:59.999999999+01:00,PROSPECTUS,13,2,,,
17523,2891246000000,1000.0,Porco,Pá York c/ Osso c/ Couro,Vendido ao peso a partir de 1 kg,3.79,3.79,0,,€/Kg,,,https://driveimg1.intermarche.com/pt/Content/images/boitmal/produit/zoom/B1774B7150E1E65399A00A5F3DC93922.jpg,,,,,2025-08-27T23:59:59.999999999+01:00,PROSPECTUS,13,2,,,
18618,5601027004870,210.0,Manhãzitos,Manhãzitos -50% açúcares,Embalagem 6x2 unidades,2.44,11.62,0,kg,€/Kg,,,https://driveimg1.intermarche.com/pt/Content/images/boitmal/produit/zoom/08521722BDB8760A47A03446C3145802.jpg,,,,,2025-08-27T23:59:59.999999999+01:00,PROSPECTUS,13,2,,,
18628,5601028002707,,Renova,Rolo de Cozinha Multi,4 Rolos,1.49,1.49,0,,€/Unidade,,,https://driveimg1.intermarche.com/pt/Content/images/boitmal/produit/zoom/A6A18C9DEB55952EA54214B88A2CC38D.jpg,,,,,2025-08-27T23:59:59.999999999+01:00,PROSPECTUS,13,2,,,
18778,5604260274963,200.0,Porsi Sel.,Alheira De Mirandela Ig 200G,,1.29,6.45,0,kg,€/Kg,,,https://driveimg1.intermarche.com/pt/Content/images/boitmal/produit/zoom/93E265B38537CF7D9CC71734EEF39C20.jpg,,,,,2025-08-27T23:59:59.999999999+01:00,PROSPECTUS,13,2,,,
19004,8410104274160,200.0,Veet,"Creme depilatório peles sensíveis, embalagem de 200 ml",,6.99,34.95,200,L,€/L,,,https://driveimg1.intermarche.com/pt/Content/images/boitmal/produit/zoom/873F0880AE5560A48B4AFDD06A8FA174.jpg,,,,,2025-08-27T23:59:59.999999999+01:00,PROSPECTUS,13,2,,,
19893,5601119250840,160.0,Nobre,"Salsichas de frango, lata de 160g",,1.79,11.19,0,kg,€/Kg,,,https://driveimg1.intermarche.com/pt/Content/images/boitmal/produit/zoom/9BC7CEDE7731E65B0F588C346A868820.jpg,,,,,2025-08-27T23:59:59.999999999+01:00,PROSPECTUS,13,2,,,
20101,5601010131231,120.0,Ramirez,"Atum em azeite, embalagem de 120g",,1.49,12.42,0,kg,€/Kg,,,https://driveimg1.intermarche.com/pt/Content/images/boitmal/produit/zoom/4E16DC667779622705519F8CE1EA40F5.jpg,,,,,2025-08-27T23:59:59.999999999+01:00,PROSPECTUS,13,2,,,
20929,2696295000000,800.0,Pastelaria,Bolo de Bolacha,800g,7.99,9.99,0,kg,€/Kg,,,https://driveimg1.intermarche.com/pt/Content/images/boitmal/produit/zoom/77258F26E87A03D0BFE68689C0433A11.jpg,,,,,2025-08-27T23:59:59.999999999+01:00,PROSPECTUS,13,2,,,
2206,5604260265084,800.0,PorSi,Bacalhau em lombos,Embalagem de 800g,15.99,19.99,0,kg,€/Kg,,Tipo de stockagem,https://driveimg1.intermarche.com/pt/Content/images/boitmal/produit/zoom/75C602CADA3F956410C970E554FA55DE.jpg,,,,,2025-08-27T23:59:59.999999999+01:00,PROSPECTUS,13,2,,,
22338,8715700422084,400.0,Heinz,Maionese top down de 400 ml,,2.46,6.15,400,L,€/L,,,https://driveimg1.intermarche.com/pt/Content/images/boitmal/produit/zoom/612634FE8A5F525F53CC12FEFDCD73F6.jpg,,,,,2025-08-27T23:59:59.999999999+01:00,PROSPECTUS,13,2,,,
2308,5604260271795,2000.0,PorSi,Cola 2L,,1.35,0.68,2000,L,€/L,,,https://driveimg1.intermarche.com/pt/Content/images/boitmal/produit/zoom/FAE084877CD5F49373EA9981F15AE891.jpg,,,,,2025-08-27T23:59:59.999999999+01:00,PROSPECTUS,13,2,,,
2460,7613031501649,400.0,Nestlé,"Fruta para bebé maçã banana +4 meses, embalagem de 4 x 100g",,2.39,5.98,0,kg,€/Kg,,,https://driveimg1.intermarche.com/pt/Content/images/boitmal/produit/zoom/4A8A0DFCA0CA8581AB62B34FED196414.jpg,,,,,2025-08-27T23:59:59.999999999+01:00,PROSPECTUS,13,2,,,
2525,7613033865848,400.0,Cerelac,Leite e cereais 8 cereais e mel +6 meses,Garrafa de 400 ml,2.16,5.4,400,L,€/L,,,https://driveimg1.intermarche.com/pt/Content/images/boitmal/produit/zoom/F3FA0505F84763AD463A118D9C701F18.jpg,,,,,2025-08-27T23:59:59.999999999+01:00,PROSPECTUS,13,2,,,
25262,5000116112166,208.0,Capitão Iglo,"10 nuggets de frango, embalagem de 210g",,2.99,14.38,0,kg,€/Kg,,Tipo de stockagem,https://driveimg1.intermarche.com/pt/Content/images/boitmal/produit/zoom/CF1467DF1CD91C352F5C2C303E0557A7.jpg,,,,,2025-08-27T23:59:59.999999999+01:00,PROSPECTUS,13,2,,,
25539,7613035799837,3000.0,Friskies,Ração para gato esterilizado com peru,Embalagem de 3 kg,8.59,2.86,0,kg,€/Kg,,,https://driveimg1.intermarche.com/pt/Content/images/boitmal/produit/zoom/6753096F838736845D00B1BB9E9BE49E.jpg,,,,,2025-08-27T23:59:59.999999999+01:00,PROSPECTUS,13,2,,,
25735,5000116112173,208.0,Capitão Iglo,"10 nuggets peito de frango e queijo, embalagem de 210g",,3.49,16.78,0,kg,€/Kg,,Tipo de stockagem,https://driveimg1.intermarche.com/pt/Content/images/boitmal/produit/zoom/C51CDDEB144DBFB12E5D153B5560BAD5.jpg,,,,,2025-08-27T23:59:59.999999999+01:00,PROSPECTUS,13,2,,,
26414,5000116110919,1042.0,Capitão Iglo,"50 nuggets de frango, embalagem de 1042g",,12.99,12.47,0,kg,€/Kg,,Tipo de stockagem,https://driveimg1.intermarche.com/pt/Content/images/boitmal/produit/zoom/D97E3080A57234D7462734347713E694.jpg,,,,,2025-08-27T23:59:59.999999999+01:00,PROSPECTUS,13,2,,,
2660,8004300653234,750.0,Maestri Cantinieri,Lambrusco tinto,Garrafa de 750 ml,1.99,2.65,750,L,€/L,,,https://driveimg1.intermarche.com/pt/Content/images/boitmal/produit/zoom/23FE3FF66C5DEC80393C362239C53C5B.jpg,,,,,2025-08-27T23:59:59.999999999+01:00,PROSPECTUS,13,2,,,
26605,5601286260413,500.0,Milaneza,"Lirios tricolores, embalagem de 500g",,1.26,2.52,0,kg,€/Kg,,,https://driveimg1.intermarche.com/pt/Content/images/boitmal/produit/zoom/63CDDC85B2197BFAD340C2342FB893AA.jpg,,,,,2025-08-27T23:59:59.999999999+01:00,PROSPECTUS,13,2,,,
2672,8410000002904,130.0,Chips Ahoy!,Bolachas chips ahoy,Embalagem de 130g,1.69,13.0,0,kg,€/Kg,,,https://driveimg1.intermarche.com/pt/Content/images/boitmal/produit/zoom/BD589AC15D17690FDC8560DC4300A108.jpg,,,,,2025-08-27T23:59:59.999999999+01:00,PROSPECTUS,13,3,,,
2753,8410066113484,400.0,Heinz,Maionese de cebola e alho 400 ml,,2.89,7.23,400,L,€/L,,,https://driveimg1.intermarche.com/pt/Content/images/boitmal/produit/zoom/CB59DADB624294DBACBA357544AFD162.jpg,,,,,2025-08-27T23:59:59.999999999+01:00,PROSPECTUS,13,3,,,
28062,5603722516764,150.0,Castelões,"Queijo sem lactose fatiado, 150g",,1.85,12.33,0,kg,€/Kg,,,https://driveimg1.intermarche.com/pt/Content/images/boitmal/produit/zoom/8EBB127CA4F30289FAEAD0130F803FFA.jpg,,,,,2025-08-27T23:59:59.999999999+01:00,PROSPECTUS,13,3,,,
28497,3222270502450,680.0,Purina Gourmet,Comida Húmida para Gato Seleção de Mousses,Embalagem de 680g,4.64,6.82,0,kg,€/Kg,,,https://driveimg1.intermarche.com/pt/Content/images/boitmal/produit/zoom/48B98515C30D063D1F85A14F56AAE58A.jpg,,,,,2025-08-27T23:59:59.999999999+01:00,PROSPECTUS,13,3,,,
28507,8006540618752,,Dodot,Fraldas Bebé Seco Extra +14kg T6,Embalagem c/ 48 un.,13.49,13.49,0,,€/Unidade,,,https://driveimg1.intermarche.com/pt/Content/images/boitmal/produit/zoom/3B2C8C276E6D8600A83CC88CD26B6A19.jpg,,,,,2025-08-27T23:59:59.999999999+01:00,PROSPECTUS,13,3,,,
30348,3600524029920,400.0,Elvive,Champô Hidra Hialurónico,400 ml,4.24,10.6,400,L,€/L,,,https://driveimg1.intermarche.com/pt/Content/images/boitmal/produit/zoom/00D7F464F5357E3A8D0AC719ED012FCF.jpg,,,,,2025-08-27T23:59:59.999999999+01:00,PROSPECTUS,13,3,,,
30709,5603089007738,500.0,Parmalat,"Bechamel sem glúten, 500 ml",,2.33,4.66,500,L,€/L,,,https://driveimg1.intermarche.com/pt/Content/images/boitmal/produit/zoom/A45D4AD7BDD866FA75167D46D503ED8D.jpg,,,,,2025-08-27T23:59:59.999999999+01:00,PROSPECTUS,13,3,,,
30879,5601195620124,1000.0,Pedras Salgadas,"Pedras salgadas frutos vermelhos, pack 4 x 0.25 l",,2.19,2.19,1000,L,€/L,,,https://driveimg1.intermarche.com/pt/Content/images/boitmal/produit/zoom/DACC98E3A99D2D4256E058D5E52543E9.jpg,,,,,2025-08-27T23:59:59.999999999+01:00,PROSPECTUS,13,3,,,
30966,3155250213117,400.0,Nestlé,"Iogurte para bebé frutas variadas, embalagem de 4 x 100 g",,1.99,4.98,0,kg,€/Kg,,,https://driveimg1.intermarche.com/pt/Content/images/boitmal/produit/zoom/C54F5A49E812A6A0E57DCBFB36C2C2B3.jpg,,,,,2025-08-27T23:59:59.999999999+01:00,PROSPECTUS,13,3,,,
32408,5601050034967,600.0,Danone,"Danacol aveia, embalagem de 6 x 100g",,2.99,4.98,0,kg,€/Kg,,,https://driveimg1.intermarche.com/pt/Content/images/boitmal/produit/zoom/5CE656F263120C59B9C0953B21D516B7.jpg,,,,,2025-08-27T23:59:59.999999999+01:00,PROSPECTUS,13,3,,,
3294,5604260030057,,PorSi,Caderno Agrafado Capa Preta A4 Pautado 80Folhas 60G,,0.99,0.99,0,,€/Unidade,,,https://driveimg1.intermarche.com/pt/Content/images/boitmal/produit/zoom/800E6735812F976CF3CE3FFF47A95EA7.jpg,,,,,2025-09-17T23:59:59.999999999+01:00,PROSPECTUS,13,3,,,
33090,5411188112709,1000.0,Alpro,"Bebida amêndoa torrada sem açúcar, embalagem de 1litro",,1.99,1.99,1000,L,€/L,,,https://driveimg1.intermarche.com/pt/Content/images/boitmal/produit/zoom/66C6488BDB769AFC2D2A2697199C34D6.jpg,,,,,2025-08-27T23:59:59.999999999+01:00,PROSPECTUS,13,3,,,
34353,5604260282852,500.0,PorSi,Iogurte Natural Açucarado 4X125G,,0.79,1.58,0,kg,€/Kg,,,https://driveimg1.intermarche.com/pt/Content/images/boitmal/produit/zoom/6C9F39B841A9DDA8724CC748244C792C.jpg,,,,,2025-08-27T23:59:59.999999999+01:00,PROSPECTUS,13,3,,,
34404,7613034675842,198.0,Lion,Chocolate lion mini,Embalagem de 198 g,3.99,20.15,0,kg,€/Kg,,,https://driveimg1.intermarche.com/pt/Content/images/boitmal/produit/zoom/E28536C14F7B040FA228E53807A4A467.jpg,,,,,2025-08-27T23:59:59.999999999+01:00,PROSPECTUS,13,3,,,
34456,5604260325726,330.0,PorSi,6 Salsichas Frescas Merguez 330 G,,5.39,16.33,0,kg,€/Kg,,,https://driveimg1.intermarche.com/pt/Content/images/boitmal/produit/zoom/5AF24CB9ECB0552B9DC2158D80B5D568.jpg,,,,,2025-08-27T23:59:59.999999999+01:00,PROSPECTUS,13,3,,,
34598,5600376210192,250.0,Pasta do Dia,"Folhas de massa fresca para lasanha, embalagem de 250g",,1.89,7.56,0,kg,€/Kg,,,https://driveimg1.intermarche.com/pt/Content/images/boitmal/produit/zoom/0CEEA1978173FA9894E7203CF87E29BB.jpg,,,,,2025-08-27T23:59:59.999999999+01:00,PROSPECTUS,13,3,,,
35441,5604260291168,420.0,PorSi,Cogumelos Laminados 780G,,2.19,5.21,0,kg,€/Kg,,,https://driveimg1.intermarche.com/pt/Content/images/boitmal/produit/zoom/F874C2D913FFAAA6855A523B2803F053.jpg,,,,,2025-08-27T23:59:59.999999999+01:00,PROSPECTUS,13,3,,,
35884,7613036886536,400.0,Yogolino,Yogolino morango banana 0% açúcares adicionados 4x100g,Embalagem de 400g,1.99,4.98,0,kg,€/Kg,,,https://driveimg1.intermarche.com/pt/Content/images/boitmal/produit/zoom/7807C1DC6FDB66074A291996AEB79A89.jpg,,,,,2025-08-27T23:59:59.999999999+01:00,PROSPECTUS,13,3,,,
36001,8001841215556,,Evax,Penso diário salvaslip multiforma,embalagem de 34 unidades,2.44,2.44,0,,€/Unidade,,,https://driveimg1.intermarche.com/pt/Content/images/boitmal/produit/zoom/E0557F5F441F2E3275BAD526FB959717.jpg,,,,,2025-08-27T23:59:59.999999999+01:00,PROSPECTUS,13,3,,,
36582,7613036514576,2500.0,Purina One,"Alimento seco para cão esterilizado medium/maxi >10 kg, embalagem de 2,5 kg",,11.59,4.64,0,kg,€/Kg,,,https://driveimg1.intermarche.com/pt/Content/images/boitmal/produit/zoom/377C052FC8F66A7483AE41B0DF5DCB91.jpg,,,,,2025-08-27T23:59:59.999999999+01:00,PROSPECTUS,13,3,,,
37872,5604260296552,300.0,PorSi,Aerossol Limpa Moveis Cera Abelhas 300 Ml,,1.79,5.97,300,L,€/L,,,https://driveimg1.intermarche.com/pt/Content/images/boitmal/produit/zoom/B83A41BC8BFCE2E6E0D88C1C89312704.jpg,,,,,2025-08-27T23:59:59.999999999+01:00,PROSPECTUS,13,3,,,
38330,7613036886994,400.0,Yogolino,Yogolino pêssego banana 0% açúcares adicionados 4x100g,Embalagem de 400g,1.99,4.98,0,kg,€/Kg,,,https://driveimg1.intermarche.com/pt/Content/images/boitmal/produit/zoom/46F9E1E8ECDF4D5D7026305EEF6FB459.jpg,,,,,2025-08-27T23:59:59.999999999+01:00,PROSPECTUS,13,3,,,
38417,5411188124689,1000.0,Alpro,"Bebida aveia sem açúcar, embalagem de 1l",,1.99,1.99,1000,L,€/L,,,https://driveimg1.intermarche.com/pt/Content/images/boitmal/produit/zoom/242D83F75D71A1E8390A9D4AC652F0B9.jpg,,,,,2025-08-27T23:59:59.999999999+01:00,PROSPECTUS,13,3,,,
386,8712100479298,260.0,Calvé,"Molho mad chips top down, embalagem de 260g",,1.94,7.46,0,kg,€/Kg,,,https://driveimg1.intermarche.com/pt/Content/images/boitmal/produit/zoom/21B88C464F7BBC164FDD806BA18E0B84.jpg,https://driveimg1.intermarche.com/pt/Content/images/boitmal/produit/zoom/5EE595CA865FFD7654A8E18623535097.jpg,https://driveimg1.intermarche.com/pt/Content/images/boitmal/produit/zoom/5EE595CA865FFD7654A8E18623535097.jpg,,,2025-08-27T23:59:59.999999999+01:00,PROSPECTUS,13,3,,,
38634,5060639121915,500.0,Monster,"Bebida energética mango loco, garrafa de 500 ml",,1.39,2.78,500,L,€/L,,,https://driveimg1.intermarche.com/pt/Content/images/boitmal/produit/zoom/4F4B4D9575A74844B519A2C1EA42C17E.jpg,,,,,2025-08-27T23:59:59.999999999+01:00,PROSPECTUS,13,3,,,
40356,5604260301478,1000.0,PorSi,Gaspacho 1L,,1.99,1.99,1000,L,€/L,,,https://driveimg1.intermarche.com/pt/Content/images/boitmal/produit/zoom/F0F3BBA4B912EB1FF01225CCB69C7B03.jpg,,,,,2025-08-27T23:59:59.999999999+01:00,PROSPECTUS,13,3,,,
40778,8001841536873,,Tampax,Tampões Compak Pearl Regular Com Aplicador,16 unidades,3.19,3.19,0,,€/Unidade,,,https://driveimg1.intermarche.com/pt/Content/images/boitmal/produit/zoom/6E8F76C50C94D56A631CAAD7215A451F.jpg,,,,,2025-08-27T23:59:59.999999999+01:00,PROSPECTUS,13,3,,,
40779,8001841536903,,Tampax,Tampões Compak Pearl Super Com Aplicador,16 unidades,3.19,3.19,0,,€/Unidade,,,https://driveimg1.intermarche.com/pt/Content/images/boitmal/produit/zoom/4E53A948A2AA1E5D97C19A10AF36CD5A.jpg,,,,,2025-08-27T23:59:59.999999999+01:00,PROSPECTUS,13,3,,,
40847,5604260304042,500.0,PorSi,Detergente líquido Ultra Concentrado Loiça Platinium Limão,Embalagem de 500 ml,1.59,3.18,500,L,€/L,,,https://driveimg1.intermarche.com/pt/Content/images/boitmal/produit/zoom/1B7D590AD7AA8004F2E59C6232CC1311.jpg,,,,,2025-08-27T23:59:59.999999999+01:00,PROSPECTUS,13,3,,,
41098,5604260303649,2000.0,PorSi,Alimento Seco Gatinhos Frango/Legumes 2 Kg,,4.99,2.5,0,kg,€/Kg,,,https://driveimg1.intermarche.com/pt/Content/images/boitmal/produit/zoom/E9D3471E68E59A8E96AADF7F1B35FF01.jpg,,,,,2025-08-27T23:59:59.999999999+01:00,PROSPECTUS,13,3,,,
41328,7613038918822,190.0,Nestlé,"As minhas primeiras receitas, refeição batata, abóbora e peru, 190g",,1.49,7.84,0,kg,€/Kg,,,https://driveimg1.intermarche.com/pt/Content/images/boitmal/produit/zoom/65432E716E47CEE2E7787A598028A0B3.jpg,,,,,2025-08-27T23:59:59.999999999+01:00,PROSPECTUS,13,3,,,
41447,5601082047812,,Delta Q,Café mythiq,Embalagem com 40 cápsulas,15.99,15.99,0,,€/Unidade,,,https://driveimg1.intermarche.com/pt/Content/images/boitmal/produit/zoom/B58BECEDE4BA3A9AAD2A25898792041E.jpg,,,,,2025-08-27T23:59:59.999999999+01:00,PROSPECTUS,13,3,,,
41819,5601082047737,,Delta Q,Café XL Deqafeinatus intensidade 1,40 cápsulas,15.99,15.99,0,,€/Unidade,,,https://driveimg1.intermarche.com/pt/Content/images/boitmal/produit/zoom/7C9048D70006F117EC54BB13DF259BB8.jpg,,,,,2025-08-27T23:59:59.999999999+01:00,PROSPECTUS,13,3,,,
41895,5000116125784,220.0,Capitão Iglo,"12 nuggets frango polme americano, embalagem de 220g",,3.49,15.86,0,kg,€/Kg,,Tipo de stockagem,https://driveimg1.intermarche.com/pt/Content/images/boitmal/produit/zoom/E342C1C812C93A809F88301C9A1AFE84.jpg,,,,,2025-08-27T23:59:59.999999999+01:00,PROSPECTUS,13,3,,,
4247,3600521708514,300.0,Elvive,Máscara color vive,Embalagem de 300 ml,4.99,16.63,300,L,€/L,,,https://driveimg1.intermarche.com/pt/Content/images/boitmal/produit/zoom/C9AB066AAF67EA797A223EB0744FE03A.jpg,,,,,2025-08-27T23:59:59.999999999+01:00,PROSPECTUS,13,3,,,
4254,3600521848449,50.0,L'oreal Men Expert,Desodorizante roll-on fresh extra,Embalagem de 50 ml,2.69,53.8,50,L,€/L,,,https://driveimg1.intermarche.com/pt/Content/images/boitmal/produit/zoom/E57536F1DBA38F68B80006805ED4ECFF.jpg,,,,,2025-08-27T23:59:59.999999999+01:00,PROSPECTUS,13,3,,,
43215,5603722519802,300.0,Castelões,"Queijo curado fatias sem lactose, 2x150g",,3.49,11.63,0,kg,€/Kg,,,https://driveimg1.intermarche.com/pt/Content/images/boitmal/produit/zoom/00AFD4E031A3F72FB642915439BD8EFE.jpg,,,,,2025-08-27T23:59:59.999999999+01:00,PROSPECTUS,13,3,,,
43645,8718951179042,500.0,Colgate,Elixir menta,embalagem de 500 ml,4.19,8.38,500,L,€/L,,,https://driveimg1.intermarche.com/pt/Content/images/boitmal/produit/zoom/D63AAB9E6AE7A4647F5DE6B236EC0C33.jpg,,,,,2025-08-27T23:59:59.999999999+01:00,PROSPECTUS,13,3,,,
43763,7613038110295,,Nescafé,"Cápsulas café ristretto napoli intensidade 13, 30 capsulas",,10.49,10.49,30,,€/Unidade,,,https://driveimg1.intermarche.com/pt/Content/images/boitmal/produit/zoom/ED8F7D7F4F41519AE941D5A6761C77F5.jpg,,,,,2025-08-27T23:59:59.999999999+01:00,PROSPECTUS,13,3,,,
43794,5604260296200,1000.0,PorSi,Sorvete De Lima 1L,,2.19,2.19,1000,L,€/L,,Tipo de stockagem,https://driveimg1.intermarche.com/pt/Content/images/boitmal/produit/zoom/2CAFF78C45E506915C53D0E8EB9413FC.jpg,,,,,2025-08-27T23:59:59.999999999+01:00,PROSPECTUS,13,3,,,
44645,8710604741859,36.0,Knorr,"Esparguete à carbonara 1, 2, 3...sabor!, embalagem de 36g",,1.19,33.06,0,kg,€/Kg,,,https://driveimg1.intermarche.com/pt/Content/images/boitmal/produit/zoom/3A9ADB7151712EC69C622800C5116043.jpg,,,,,2025-08-27T23:59:59.999999999+01:00,PROSPECTUS,13,3,,,
44701,5053990156009,175.0,Pringles,"Snacks batata original, embalagem de 175g",,2.99,17.09,0,kg,€/Kg,,,https://driveimg1.intermarche.com/pt/Content/images/boitmal/produit/zoom/BE87AADF1BA674A5818FDF008937F90A.jpg,https://driveimg1.intermarche.com/pt/Content/images/boitmal/produit/zoom/843E1395B62C4B40E91467CF90852642.jpg,https://driveimg1.intermarche.com/pt/Content/images/boitmal/produit/zoom/843E1395B62C4B40E91467CF90852642.jpg,https://driveimg1.intermarche.com/pt/Content/images/boitmal/produit/zoom/843E1395B62C4B40E91467CF90852642.jpg,,2025-08-27T23:59:59.999999999+01:00,PROSPECTUS,13,3,,,
44832,7613287235497,7.0,Cerelac,"Nutripuffs de banana 8 meses sem açúcar, embalagem de 7g",,0.57,81.43,0,kg,€/Kg,,,https://driveimg1.intermarche.com/pt/Content/images/boitmal/produit/zoom/6798487E853B53B30C64658DB94F26AA.jpg,,,,,2025-08-27T23:59:59.999999999+01:00,PROSPECTUS,13,3,,,
44833,7613287235756,7.0,Cerelac,Nutripuffs de framboesa 8 meses s/ açúcar,Embalagem de 7g,0.57,81.43,0,kg,€/Kg,,,https://driveimg1.intermarche.com/pt/Content/images/boitmal/produit/zoom/6A9D9D09B0B737ABCD74CAEF7A48F840.jpg,,,,,2025-08-27T23:59:59.999999999+01:00,PROSPECTUS,13,3,,,
44895,8710604741842,33.0,Knorr,"Chili com carne 1, 2, 3...sabor!, embalagem de 33g",,1.19,36.06,0,kg,€/Kg,,,https://driveimg1.intermarche.com/pt/Content/images/boitmal/produit/zoom/E0FC3FD038BB457F02AE1D4A0906FFDD.jpg,,,,,2025-08-27T23:59:59.999999999+01:00,PROSPECTUS,13,3,,,
45213,5604260313457,,PorSi,Toalhitas Bebé Recarga,Embalagem de 72 unidades,1.29,1.29,0,,€/Unidade,,,https://driveimg1.intermarche.com/pt/Content/images/boitmal/produit/zoom/1996F880CAB177D56AAE94C8688AC6DA.jpg,,,,,2025-08-27T23:59:59.999999999+01:00,PROSPECTUS,13,3,,,
45452,5604260314560,,PorSi,"Detergente máquina para roupa concentrado peonia, 29 doses",,3.79,3.79,0,,€/Unidade,,,https://driveimg1.intermarche.com/pt/Content/images/boitmal/produit/zoom/C0971DAE1C12C29F230E9F9FCCF3BA76.jpg,,,,,2025-08-27T23:59:59.999999999+01:00,PROSPECTUS,13,3,,,
45709,5604260315543,400.0,PorSi,Alimento Humido Gato Almondega Aves 400G,,0.89,2.23,0,kg,€/Kg,,,https://driveimg1.intermarche.com/pt/Content/images/boitmal/produit/zoom/013746A7C670F854414E2EA5DF08FD00.jpg,,,,,2025-08-27T23:59:59.999999999+01:00,PROSPECTUS,13,3,,,
46129,3083681138023,600.0,Bonduelle,"Legumes primavera, embalagem de 600g",,2.49,4.15,0,kg,€/Kg,,,https://driveimg1.intermarche.com/pt/Content/images/boitmal/produit/zoom/FD54419D66A7659216101458C2691B3B.jpg,,,,,2025-08-27T23:59:59.999999999+01:00,PROSPECTUS,13,3,,,
46345,5604260314553,,PorSi,"Detergente máquina para roupa concentrado algodão, 29 doses",,3.79,3.79,0,,€/Unidade,,,https://driveimg1.intermarche.com/pt/Content/images/boitmal/produit/zoom/B40D3C5E8AE2774FBFFE2C9684DAA305.jpg,,,,,2025-08-27T23:59:59.999999999+01:00,PROSPECTUS,13,3,,,
46828,5601195650121,1000.0,Pedras Salgadas,"Água com gás tangerina, pack 4 x 25 cl",,2.19,2.19,1000,L,€/L,,,https://driveimg1.intermarche.com/pt/Content/images/boitmal/produit/zoom/C741A105A5ADD4B4B95BF633150AA653.jpg,,,,,2025-08-27T23:59:59.999999999+01:00,PROSPECTUS,13,3,,,
48017,7613287492098,340.0,Felix,Comida Húmida Gato Fantastic Duo Peixes,Embalagem de 4 x 85 g,2.24,6.59,0,kg,€/Kg,,,https://driveimg1.intermarche.com/pt/Content/images/boitmal/produit/zoom/6D73CBB8396200FD3FACE7D9C1206C18.jpg,,,,,2025-08-27T23:59:59.999999999+01:00,PROSPECTUS,13,3,,,
48075,5604260320868,,PorSi,Pensos Higiénicos Ultrafinos Noite Com Abas - 10 Unidades,,1.05,1.05,0,,€/Unidade,,,https://driveimg1.intermarche.com/pt/Content/images/boitmal/produit/zoom/12ADA0D268721D24041379800219E3C0.jpg,,,,,2025-08-27T23:59:59.999999999+01:00,PROSPECTUS,13,3,,,
48209,5604260322787,2000.0,PorSi,Detergente Máquina Roupa Delicada 66D,,2.79,1.4,2000,L,€/L,,,https://driveimg1.intermarche.com/pt/Content/images/boitmal/produit/zoom/D1552534B80C43B5DC20090AA96CB12B.jpg,,,,,2025-08-27T23:59:59.999999999+01:00,PROSPECTUS,13,3,,,
48210,5604260323111,4300.0,PorSi,Detergente Máquina Sabão Natural 86D,,6.19,1.44,4300,L,€/L,,,https://driveimg1.intermarche.com/pt/Content/images/boitmal/produit/zoom/76EACB4A59BF656D1FBA0DCA4A1D2D29.jpg,,,,,2025-08-27T23:59:59.999999999+01:00,PROSPECTUS,13,3,,,
48459,7613287495792,1020.0,Felix,"Comida húmida para gato duo seleção do campo, embalagem de 12x100 g",,5.99,5.87,0,kg,€/Kg,,,https://driveimg1.intermarche.com/pt/Content/images/boitmal/produit/zoom/9C79A22F67594AD9DD1EF334A5976D4B.jpg,,,,,2025-08-27T23:59:59.999999999+01:00,PROSPECTUS,13,3,,,
4866,5410036145227,600.0,Vanish,"Limpa alcatifa mousse activa, 600 ml",,5.19,8.65,600,L,€/L,,,https://driveimg1.intermarche.com/pt/Content/images/boitmal/produit/zoom/6C27E2DD194F3A92D0082DB1D4838686.jpg,,,,,2025-08-27T23:59:59.999999999+01:00,PROSPECTUS,13,3,,,
48738,7613287785398,100.0,Yogolino,Nestle yogolino alimento lact. maca morango +8m 90g,Embalagem de 100g,1.08,10.8,0,kg,€/Kg,,,https://driveimg1.intermarche.com/pt/Content/images/boitmal/produit/zoom/099E6FED97461079E3762698578C9B20.jpg,,,,,2025-08-27T23:59:59.999999999+01:00,PROSPECTUS,13,3,,,
48744,7622201500047,157.0,Oreo,Bolachas Remix Framboesa,Embalagem de 157g,1.49,9.49,0,kg,€/Kg,,,https://driveimg1.intermarche.com/pt/Content/images/boitmal/produit/zoom/4D6A404E4927B697641C957FC456754C.jpg,,,,,2025-08-27T23:59:59.999999999+01:00,PROSPECTUS,13,3,,,
49097,5604260322817,2000.0,PorSi,Detergente Máquina Roupa Lavanda 40D,,4.79,2.4,2000,L,€/L,,,https://driveimg1.intermarche.com/pt/Content/images/boitmal/produit/zoom/A80DDC6C9ABC2D3952F31585A06F39B2.jpg,,,,,2025-08-27T23:59:59.999999999+01:00,PROSPECTUS,13,3,,,
49270,7613287494306,340.0,Felix,Comida Húmida Gato Fantastic Gelatina,Embalagem de 4 x 85 g,2.24,6.59,0,kg,€/Kg,,,https://driveimg1.intermarche.com/pt/Content/images/boitmal/produit/zoom/AB20C2BC5C506F50A662C1224932F7C2.jpg,,,,,2025-08-27T23:59:59.999999999+01:00,PROSPECTUS,13,3,,,
49392,4001724039204,320.0,Dr. Oetker,Pizza Ristorante Pepperoni-Salame,Embalagem de 320g,3.69,11.53,0,kg,€/Kg,,Tipo de stockagem,https://driveimg1.intermarche.com/pt/Content/images/boitmal/produit/zoom/97020808BED188B1A034BCC8DC6633CF.jpg,,,,,2025-08-27T23:59:59.999999999+01:00,PROSPECTUS,13,3,,,
50019,8719200231740,450.0,ProActiv,"Creme vegetal para barrar, embalagem de 450g",,4.49,9.98,0,kg,€/Kg,,,https://driveimg1.intermarche.com/pt/Content/images/boitmal/produit/zoom/181CD8B428B99078698C5E3401B33A90.jpg,,,,,2025-08-27T23:59:59.999999999+01:00,PROSPECTUS,13,3,,,
50405,8445290489173,900.0,Cerelac,"Papa Infantil 12 meses, 900g",,6.29,6.99,0,kg,€/Kg,,,https://driveimg1.intermarche.com/pt/Content/images/boitmal/produit/zoom/79C2E535CBAB06EFF8E7EE2B8A2191BC.jpg,,,,,2025-08-27T23:59:59.999999999+01:00,PROSPECTUS,13,3,,,
50450,8710522729755,58.0,Knorr,"Potato pot bacon e cebola, embalagem de 51g",,1.49,25.69,0,kg,€/Kg,,,https://driveimg1.intermarche.com/pt/Content/images/boitmal/produit/zoom/5FCC41200BF97232AB254BAFB79D702D.jpg,,,,,2025-08-27T23:59:59.999999999+01:00,PROSPECTUS,13,3,,,
50500,5601217134981,500.0,Vanish,"Aditivo tira nódoas spray nódoas dia-a-dia, 500 ml",,3.99,7.98,500,L,€/L,,,https://driveimg1.intermarche.com/pt/Content/images/boitmal/produit/zoom/77F5862CE52D144666F18B51D6C135F6.jpg,,,,,2025-08-27T23:59:59.999999999+01:00,PROSPECTUS,13,3,,,
50585,5011546475165,140.0,Nescafé,"Cappucino, 10x14g",,2.99,21.36,0,kg,€/Kg,,,https://driveimg1.intermarche.com/pt/Content/images/boitmal/produit/zoom/C1B273BE6C035C1849789CACAEFB1B0C.jpg,,,,,2025-08-27T23:59:59.999999999+01:00,PROSPECTUS,13,3,,,
50624,5603722520969,200.0,Mimosa,"Nata culinária sem lactose, 200 ml",,1.04,5.2,200,L,€/L,,,https://driveimg1.intermarche.com/pt/Content/images/boitmal/produit/zoom/17C52EE6D7D8FA0AE40E9527FFF803CC.jpg,,,,,2025-08-27T23:59:59.999999999+01:00,PROSPECTUS,13,3,,,
51624,8445290071842,800.0,Purina One,Ração seca para gato frango,Embalagem de 800g,5.59,6.99,0,kg,€/Kg,,,https://driveimg1.intermarche.com/pt/Content/images/boitmal/produit/zoom/E0A4B307705088FDDA965A5AD9EFBFF3.jpg,,,,,2025-08-27T23:59:59.999999999+01:00,PROSPECTUS,13,3,,,
51783,5604260327676,1000.0,PorSi,Iogurte Líquido Morango E Banana 1Kg/ 944Ml,,1.59,1.59,0,kg,€/Kg,,,https://driveimg1.intermarche.com/pt/Content/images/boitmal/produit/zoom/568FFCB442AD5B312FACD9B2980ADD4A.jpg,,,,,2025-08-27T23:59:59.999999999+01:00,PROSPECTUS,13,3,,,
51875,7613287136527,3000.0,Friskies,Ração para gato friskies esterilizado com salmão 3kg,,8.59,2.86,0,kg,€/Kg,,,https://driveimg1.intermarche.com/pt/Content/images/boitmal/produit/zoom/A3B46E6663E61DD6F0B8703ADDE2A23D.jpg,,,,,2025-08-27T23:59:59.999999999+01:00,PROSPECTUS,13,3,,,
51895,8719200253407,225.0,Planta,"Creme vegetal para barrar original, 225g",,1.79,7.96,0,kg,€/Kg,,,https://driveimg1.intermarche.com/pt/Content/images/boitmal/produit/zoom/7E61C083BAEE72DB01F9769D3518098F.jpg,,,,,2025-08-27T23:59:59.999999999+01:00,PROSPECTUS,13,3,,,
51896,8719200253377,400.0,Planta,"Creme vegetal para barrar original, 400g",,2.54,6.35,0,kg,€/Kg,,,https://driveimg1.intermarche.com/pt/Content/images/boitmal/produit/zoom/0265DFAAA6CC23B5D28B5523E860ECEF.jpg,,,,,2025-08-27T23:59:59.999999999+01:00,PROSPECTUS,13,3,,,
51927,4005900911537,270.0,Nivea Sun,Protetor Solar Kids Protect & Care FP50+,Garrafa de 270 ml,13.09,48.48,270,L,€/L,,,https://driveimg1.intermarche.com/pt/Content/images/boitmal/produit/zoom/2E4EE1C705CB99B62BE77F8737D9B28F.jpg,,,,,2025-08-27T23:59:59.999999999+01:00,PROSPECTUS,13,3,,,
52296,3023290072097,160.0,Lindahls,"Iogurte sólido proteico stracciatella, embalagem de 160 g",,1.09,6.81,0,kg,€/Kg,,,https://driveimg1.intermarche.com/pt/Content/images/boitmal/produit/zoom/F40178A8CA528D15DB7CD5F4CB218526.jpg,,,,,2025-08-27T23:59:59.999999999+01:00,PROSPECTUS,13,3,,,
52381,8720181407154,1300.0,Cif,"Lava tudo perfumado lavanda, embalagem de 1,3l",,1.99,1.53,1300,L,€/L,,,https://driveimg1.intermarche.com/pt/Content/images/boitmal/produit/zoom/12443931DBE21DE904E26826F24E6B07.jpg,https://driveimg1.intermarche.com/pt/Content/images/boitmal/produit/zoom/935C662FEAE9FBF79977B0438F001CF1.jpg,,,,2025-08-27T23:59:59.999999999+01:00,PROSPECTUS,13,3,,,
5244,5601151510759,845.0,Compal,"Feijão encarnado, lata de 850g",,1.74,2.06,0,kg,€/Kg,,,https://driveimg1.intermarche.com/pt/Content/images/boitmal/produit/zoom/DE636824D87F41FA8614ED32FEFF81FF.jpg,,,,,2025-08-27T23:59:59.999999999+01:00,PROSPECTUS,13,3,,,
52564,5604260330126,125.0,PorSi,"Queijo Fresco Cabra 2X62,5G",,1.79,14.32,0,kg,€/Kg,,,https://driveimg1.intermarche.com/pt/Content/images/boitmal/produit/zoom/8566E81E36FAF596AB439BC3CA457F11.jpg,,,,,2025-08-27T23:59:59.999999999+01:00,PROSPECTUS,13,3,,,
52600,5601217137951,1710.0,Quanto,"Amaciador roupa concentrado ouro e orquídea branca, 95 doses",,3.99,2.33,1710,L,€/L,,,https://driveimg1.intermarche.com/pt/Content/images/boitmal/produit/zoom/D5BBE20226E42754DBBAD723FC764C65.jpg,,,,,2025-08-27T23:59:59.999999999+01:00,PROSPECTUS,13,3,,,
52796,8711327616455,825.0,Carte DOr,"Gelado tiramisu, 825 ml",,3.59,4.35,825,L,€/L,,Tipo de stockagem,https://driveimg1.intermarche.com/pt/Content/images/boitmal/produit/zoom/CA2681D7CBF32CCE6763973CECB7DA3E.jpg,https://driveimg1.intermarche.com/pt/Content/images/boitmal/produit/zoom/9B84E001D84CA5CB733E1DA3A05B1D5F.jpg,https://driveimg1.intermarche.com/pt/Content/images/boitmal/produit/zoom/9B84E001D84CA5CB733E1DA3A05B1D5F.jpg,https://driveimg1.intermarche.com/pt/Content/images/boitmal/produit/zoom/9B84E001D84CA5CB733E1DA3A05B1D5F.jpg,,2025-08-27T23:59:59.999999999+01:00,PROSPECTUS,13,3,,,
52887,5603722523137,200.0,Mimosa,"Natas para massas, 200 ml",,1.04,5.2,200,L,€/L,,,https://driveimg1.intermarche.com/pt/Content/images/boitmal/produit/zoom/836A8DFC9F960FD6B745222B729AE7FC.jpg,https://driveimg1.intermarche.com/pt/Content/images/boitmal/produit/zoom/F3EDAE46E372CBB78EE7DEA3A9DB3BD9.jpg,https://driveimg1.intermarche.com/pt/Content/images/boitmal/produit/zoom/F3EDAE46E372CBB78EE7DEA3A9DB3BD9.jpg,,,2025-08-27T23:59:59.999999999+01:00,PROSPECTUS,13,3,,,
53049,8445290589316,190.0,Nestlé,"Puré de legumes com peixe +8 meses, 190g",,1.49,7.84,0,kg,€/Kg,,,https://driveimg1.intermarche.com/pt/Content/images/boitmal/produit/zoom/7E5BF3B7685558DA7A110F72D148811C.jpg,,,,,2025-08-27T23:59:59.999999999+01:00,PROSPECTUS,13,3,,,
53050,8445290554468,28.0,Nestlé,"Snack Para Bebé Puffs Milho, 28g",,1.04,37.14,0,kg,€/Kg,,,https://driveimg1.intermarche.com/pt/Content/images/boitmal/produit/zoom/B311B1AFD7EA9708AD65723EF9E33A76.jpg,,,,,2025-08-27T23:59:59.999999999+01:00,PROSPECTUS,13,3,,,
53051,3083681145816,375.0,Bonduelle,"Beringelas à mediterrânea, 375g",,2.9,7.73,0,kg,€/Kg,,,https://driveimg1.intermarche.com/pt/Content/images/boitmal/produit/zoom/806BDE86E639D466FA9A6B15230444B5.jpg,,,,,2025-08-27T23:59:59.999999999+01:00,PROSPECTUS,13,3,,,
53258,8445290554499,28.0,Nestlé,"Snack Para Bebé Morango e Banana, 28g",,1.04,37.14,0,kg,€/Kg,,,https://driveimg1.intermarche.com/pt/Content/images/boitmal/produit/zoom/6892F063E24374E65ABAEF0E93A198F3.jpg,,,,,2025-08-27T23:59:59.999999999+01:00,PROSPECTUS,13,3,,,
53259,3083681145786,375.0,Bonduelle,"Mistura de legumes ratatouille, 375g",,2.9,7.73,0,kg,€/Kg,,,https://driveimg1.intermarche.com/pt/Content/images/boitmal/produit/zoom/CAD95C24A62AA7B6AF57D8848A5F061D.jpg,,,,,2025-08-27T23:59:59.999999999+01:00,PROSPECTUS,13,3,,,
53360,5029053037547,,Scottex,"Papel Higiénico Húmido Junior, embalagem com 76 unidades",,1.99,1.99,0,,€/Unidade,,,https://driveimg1.intermarche.com/pt/Content/images/boitmal/produit/zoom/6720E628A4C90F83AB9BEDB34BEB43CE.jpg,https://driveimg1.intermarche.com/pt/Content/images/boitmal/produit/zoom/2579B1CF85E1A1D17CF750A04908C263.jpg,https://driveimg1.intermarche.com/pt/Content/images/boitmal/produit/zoom/2579B1CF85E1A1D17CF750A04908C263.jpg,https://driveimg1.intermarche.com/pt/Content/images/boitmal/produit/zoom/2579B1CF85E1A1D17CF750A04908C263.jpg,https://driveimg1.intermarche.com/pt/Content/images/boitmal/produit/zoom/2579B1CF85E1A1D17CF750A04908C263.jpg,2025-08-27T23:59:59.999999999+01:00,PROSPECTUS,13,3,,,
53611,3600524075606,150.0,Elvive,Sérum Cabelo Bond Repair,Embalagem de 150ml,8.99,59.93,150,L,€/L,,,https://driveimg1.intermarche.com/pt/Content/images/boitmal/produit/zoom/D0DA1D73EACCCF1B3B6BBA5E842E47B1.jpg,,,,,2025-08-27T23:59:59.999999999+01:00,PROSPECTUS,13,3,,,
53899,5604260330775,2000.0,PorSi,Detergente Máquina Cores Escuras 40D,,4.99,2.5,2000,L,€/L,,,https://driveimg1.intermarche.com/pt/Content/images/boitmal/produit/zoom/296BF09107469969A3BB9B798957A52F.jpg,,,,,2025-08-27T23:59:59.999999999+01:00,PROSPECTUS,13,3,,,
54273,4006000104041,40.0,Nivea Sun,"Fluído de Rosto Diário Invisível FPS 50+, 40ml",,12.99,324.75,40,L,€/L,,,https://driveimg1.intermarche.com/pt/Content/images/boitmal/produit/zoom/B13C6039A1A364208DD620152557C1AF.jpg,,,,,2025-08-27T23:59:59.999999999+01:00,PROSPECTUS,13,3,,,
54275,4005900911681,270.0,Nivea Sun,"Protetor Sensitive Spray Familiar embalagem, 270ml",,14.99,55.52,270,L,€/L,,,https://driveimg1.intermarche.com/pt/Content/images/boitmal/produit/zoom/6F541934BE10FF8D5C775BBD02D1D801.jpg,https://driveimg1.intermarche.com/pt/Content/images/boitmal/produit/zoom/F980E347F685ABD3B842EED807987DE1.jpg,https://driveimg1.intermarche.com/pt/Content/images/boitmal/produit/zoom/F980E347F685ABD3B842EED807987DE1.jpg,https://driveimg1.intermarche.com/pt/Content/images/boitmal/produit/zoom/F980E347F685ABD3B842EED807987DE1.jpg,https://driveimg1.intermarche.com/pt/Content/images/boitmal/produit/zoom/F980E347F685ABD3B842EED807987DE1.jpg,2025-08-27T23:59:59.999999999+01:00,PROSPECTUS,13,3,,,
54291,3600542520447,150.0,Ambre Solaire,"Protetor Solar Spray Sensitive Advanced FPS 50+, 150ml",,11.39,75.93,150,L,€/L,,,https://driveimg1.intermarche.com/pt/Content/images/boitmal/produit/zoom/688E9491F0504157A81F4CAE6A4D28DC.jpg,https://driveimg1.intermarche.com/pt/Content/images/boitmal/produit/zoom/00AF2F3E6B8D9A76D4EE0717657122D6.jpg,https://driveimg1.intermarche.com/pt/Content/images/boitmal/produit/zoom/00AF2F3E6B8D9A76D4EE0717657122D6.jpg,https://driveimg1.intermarche.com/pt/Content/images/boitmal/produit/zoom/00AF2F3E6B8D9A76D4EE0717657122D6.jpg,,2025-08-27T23:59:59.999999999+01:00,PROSPECTUS,13,3,,,
54320,8718951559721,100.0,Colgate,"Pasta De Dentes Maximum Caries Protection, 100ml",,2.14,21.4,100,L,€/L,,,https://driveimg1.intermarche.com/pt/Content/images/boitmal/produit/zoom/FB112999317664A7E18AAA81FF2A5D06.jpg,https://driveimg1.intermarche.com/pt/Content/images/boitmal/produit/zoom/3694932EDFE660C6F958943C13CEE297.jpg,https://driveimg1.intermarche.com/pt/Content/images/boitmal/produit/zoom/3694932EDFE660C6F958943C13CEE297.jpg,https://driveimg1.intermarche.com/pt/Content/images/boitmal/produit/zoom/3694932EDFE660C6F958943C13CEE297.jpg,,2025-08-27T23:59:59.999999999+01:00,PROSPECTUS,13,3,,,
54506,5054563203441,77.0,Polident,"Creme Fixador Próteses Dentárias Forte, 77g",,6.95,90.26,0,kg,€/Kg,,,https://driveimg1.intermarche.com/pt/Content/images/boitmal/produit/zoom/F4F3AA888D48CA8F5E3FB09F986874F9.jpg,,,,,2025-08-27T23:59:59.999999999+01:00,PROSPECTUS,13,3,,,
54538,8006540763582,,Fairy,"Detergente Máquina Loiça Pastilhas Original Tudo em 1 Limão, 71D",,12.99,12.99,0,,€/Unidade,,,https://driveimg1.intermarche.com/pt/Content/images/boitmal/produit/zoom/937EB01E1BF93392425BD6CC2ABF2650.jpg,,,,,2025-08-27T23:59:59.999999999+01:00,PROSPECTUS,13,3,,,
54563,5604260331949,300.0,Labell,"Champô Cabelos Normais Caracóis Perfeitos, 300ml",,1.49,4.97,300,L,€/L,,,https://driveimg1.intermarche.com/pt/Content/images/boitmal/produit/zoom/33AC5C8DBB9F2070EA3B767D7344229C.jpg,,,,,2025-08-27T23:59:59.999999999+01:00,PROSPECTUS,13,3,,,
54564,5604260331956,300.0,Labell,"Condicionador Cabelos Normais Caracóis Perfeitos, 300ml",,1.49,4.97,300,L,€/L,,,https://driveimg1.intermarche.com/pt/Content/images/boitmal/produit/zoom/406750B5CB3FE866DDCE14463DA33DFE.jpg,,,,,2025-08-27T23:59:59.999999999+01:00,PROSPECTUS,13,3,,,
54572,5604260331918,300.0,Labell,"Champô Cabelos Secos Reparação & Nutrição, 300ml",,1.49,4.97,300,L,€/L,,,https://driveimg1.intermarche.com/pt/Content/images/boitmal/produit/zoom/48D276750F280161990A1A4C3480F37D.jpg,,,,,2025-08-27T23:59:59.999999999+01:00,PROSPECTUS,13,3,,,
54616,8700216322089,,Fairy,"Detergente Máquina Loiça Pastilhas Platinum Plus Tudo em 1 Limão, 30D",,8.99,8.99,0,,€/Unidade,,,https://driveimg1.intermarche.com/pt/Content/images/boitmal/produit/zoom/094A75AC8A071DA408FC35BE073E31DE.jpg,,,,,2025-08-27T23:59:59.999999999+01:00,PROSPECTUS,13,3,,,
54763,8720182858290,245.0,Calvé,"Molho cocktail, 245g",,1.94,7.92,0,kg,€/Kg,,,https://driveimg1.intermarche.com/pt/Content/images/boitmal/produit/zoom/235F1A0F09B842825C47B4D30251D6FC.jpg,,,,,2025-08-27T23:59:59.999999999+01:00,PROSPECTUS,13,3,,,
54795,5603722521225,604.0,Mimosa,"Iogurte magro liquido morango, 4x151 ml",,1.49,2.47,604,L,€/L,,,https://driveimg1.intermarche.com/pt/Content/images/boitmal/produit/zoom/075603ECF4916B645B9AA45146480552.jpg,,,,,2025-08-27T23:59:59.999999999+01:00,PROSPECTUS,13,4,,,
54802,5603722521539,604.0,Mimosa,"Iogurte liquido morango, 4 x 151 ml",,1.39,2.3,604,L,€/L,,,https://driveimg1.intermarche.com/pt/Content/images/boitmal/produit/zoom/FB51425211E1948B683D88C51AE1A4C5.jpg,,,,,2025-08-27T23:59:59.999999999+01:00,PROSPECTUS,13,4,,,
54809,5900020044891,300.0,Nestlé,"Cereais lion caramelo e chocolate minis, 300 g",,2.59,8.63,0,kg,€/Kg,,,https://driveimg1.intermarche.com/pt/Content/images/boitmal/produit/zoom/D0F4BE8D6B8AB84F0F79ECC1EDB00B86.jpg,,,,,2025-08-27T23:59:59.999999999+01:00,PROSPECTUS,13,4,,,
54864,8700216155489,625.0,H&S,"Champô Anticaspa Classic 2 Em 1, 625ml",,7.94,12.7,625,L,€/L,,,https://driveimg1.intermarche.com/pt/Content/images/boitmal/produit/zoom/78E4F25A4CD7C72808C0FCD1DF120657.jpg,,,,,2025-08-27T23:59:59.999999999+01:00,PROSPECTUS,13,4,,,
54989,8445291133778,200.0,Buondi,"Café Moído Torrado Moagem Universal Exreme Int 12, 200g",,3.89,19.45,0,kg,€/Kg,,,https://driveimg1.intermarche.com/pt/Content/images/boitmal/produit/zoom/F3CA6884AB41C09E9D6A682A4C38E852.jpg,,,,,2025-08-27T23:59:59.999999999+01:00,PROSPECTUS,13,4,,,
54991,8445290870698,,Nescafe,"Cápsulas de Café Ristretto Ardenza Int 11, 30un.",,9.99,9.99,30,,€/Unidade,,,https://driveimg1.intermarche.com/pt/Content/images/boitmal/produit/zoom/75B90B4EC41ECC0F77C505F03EFA0B72.jpg,https://driveimg1.intermarche.com/pt/Content/images/boitmal/produit/zoom/F3AFCFB140AF62BD24CF144985D8780B.jpg,https://driveimg1.intermarche.com/pt/Content/images/boitmal/produit/zoom/4EE1BFD7FF8A372BE3B5F0AD2E0E51A7.jpg,https://driveimg1.intermarche.com/pt/Content/images/boitmal/produit/zoom/3F361F836765A58A11747275BA3A3ECB.jpg,,2025-08-27T23:59:59.999999999+01:00,PROSPECTUS,13,4,,,
55048,5601027119314,450.0,Bimbo,"Pão de Forma sem Côdea Especial Torradas, 450g",,1.59,3.53,0,kg,€/Kg,,,https://driveimg1.intermarche.com/pt/Content/images/boitmal/produit/zoom/0B04BFB55D3DA88AC5B91EAE2D9E3148.jpg,,,,,2025-08-27T23:59:59.999999999+01:00,PROSPECTUS,13,4,,,
55062,7613033573118,100.0,Nescafé,"Café Solúvel Intenso, 100g",,3.79,37.9,0,kg,€/Kg,,,https://driveimg1.intermarche.com/pt/Content/images/boitmal/produit/zoom/9DFAAE3DDF17AD37B92FE8C506233FEC.jpg,,,,,2025-08-27T23:59:59.999999999+01:00,PROSPECTUS,13,4,,,
56033,8710605046007,50.0,Go tan,"Hóstias Crackers de Camarão, 50g",,1.55,31.0,0,kg,€/Kg,,,https://driveimg1.intermarche.com/pt/Content/images/boitmal/produit/zoom/F48EB3CBF4F9EE14E187F73CDBB7E5FA.jpg,,,,,2025-08-27T23:59:59.999999999+01:00,PROSPECTUS,13,4,,,
56082,8711327678194,248.0,Ola,"Gelado Filipinos Stick, 4x62ml",,1.99,8.02,248,L,€/L,,Tipo de stockagem,https://driveimg1.intermarche.com/pt/Content/images/boitmal/produit/zoom/68B3CA6E1EFE261914DA50409C5109C5.jpg,,,,,2025-08-27T23:59:59.999999999+01:00,PROSPECTUS,13,4,,,
6207,8001480020528,2000.0,Neoblanc,Lixívia para roupa tradicional,Embalagem de 2 l,1.74,0.87,2000,L,€/L,,,https://driveimg1.intermarche.com/pt/Content/images/boitmal/produit/zoom/930401C25A92312F34CEB71B016BE255.jpg,,,,,2025-08-27T23:59:59.999999999+01:00,PROSPECTUS,13,4,,,
6377,8410108125857,,Evax,Penso Diário Salva Slip,50 Unidades,2.54,2.54,0,,€/Unidade,,,https://driveimg1.intermarche.com/pt/Content/images/boitmal/produit/zoom/1DEB48EF641757554EEB9A48091A1615.jpg,,,,,2025-08-27T23:59:59.999999999+01:00,PROSPECTUS,13,4,,,
6689,8435257022567,720.0,Longa vida,"Iogurte magro morango, embalagem de 6 x 120g",,2.29,3.18,0,kg,€/Kg,,,https://driveimg1.intermarche.com/pt/Content/images/boitmal/produit/zoom/C7D81FD136DA0ED21FA11EE161602678.jpg,,,,,2025-08-27T23:59:59.999999999+01:00,PROSPECTUS,13,4,,,
7140,2895062000000,250.0,Santiago,Queijo tres igrejas cura 2 meses,Vendido ao peso a partir de 250 gr,3.0,11.99,0,,€/Kg,,,https://driveimg1.intermarche.com/pt/Content/images/boitmal/produit/zoom/23C77AA648CADC2DCC87B3557E21073E.jpg,,,,,2025-08-27T23:59:59.999999999+01:00,PROSPECTUS,13,4,,,
766,4005500030263,400.0,Yogolino,Sobremesa láctea alperce 4x100g,,1.99,4.98,0,kg,€/Kg,,,https://driveimg1.intermarche.com/pt/Content/images/boitmal/produit/zoom/35565E007DE59883160198E8D7DDFAF9.jpg,,,,,2025-08-27T23:59:59.999999999+01:00,PROSPECTUS,13,4,,,
767,4005500030287,400.0,Yogolino,Sobremesa láctea banana 4x100g,,1.99,4.98,0,kg,€/Kg,,,https://driveimg1.intermarche.com/pt/Content/images/boitmal/produit/zoom/A0BB60E9F5E33B5B09F3E17A632208B0.jpg,,,,,2025-08-27T23:59:59.999999999+01:00,PROSPECTUS,13,4,,,
828,5000157073006,150.0,Heinz,"Molho de soja, de 150 ml",,2.64,17.6,150,L,€/L,,,https://driveimg1.intermarche.com/pt/Content/images/boitmal/produit/zoom/BBD9F6A5E4EDC067C43EB10CA6FCF5E6.jpg,,,,,2025-08-27T23:59:59.999999999+01:00,PROSPECTUS,13,4,,,
8370,5601045000199,1980.0,Sumol,"Refrigerante com gás, ananás, lata, pack 6 x 0.33 l",,3.98,2.01,1980,L,€/L,,,https://driveimg1.intermarche.com/pt/Content/images/boitmal/produit/zoom/7FCFAF8A7802ADAA13DF6A297532BDF9.jpg,,,,,2025-08-27T23:59:59.999999999+01:00,PROSPECTUS,13,4,,,
8641,5601151983171,600.0,Compal,"Néctar vital de frutos vermelhos, pack 3 x 200 ml",,1.35,2.25,600,L,€/L,,,https://driveimg1.intermarche.com/pt/Content/images/boitmal/produit/zoom/8564D706D7239DFC63148360AB08E38F.jpg,,,,,2025-08-27T23:59:59.999999999+01:00,PROSPECTUS,13,4,,,
8672,5601164902589,5000.0,Super Bock,"Cerveja com álcool, pack 20 x 25 cl",,9.99,2.0,5000,L,€/L,,,https://driveimg1.intermarche.com/pt/Content/images/boitmal/produit/zoom/2F3621A27B73789EDA7DDA7347F7A8AE.jpg,,,,,2025-08-27T23:59:59.999999999+01:00,PROSPECTUS,13,4,,,
9134,5602016031013,750.0,Leziria,"Vinho rosé, meio seco",Garrafa de 750 ml,1.34,1.79,750,L,€/L,,,https://driveimg1.intermarche.com/pt/Content/images/boitmal/produit/zoom/51E82E21E368643743A9BCE9E3D965C6.jpg,,,,,2025-08-27T23:59:59.999999999+01:00,PROSPECTUS,13,4,,,
941,5601001322808,100.0,Nescafé,"Café solúvel, embalagem de 100g",,3.79,37.9,0,kg,€/Kg,,,https://driveimg1.intermarche.com/pt/Content/images/boitmal/produit/zoom/B063757FB22F6A33CD1F9CE6C13974A8.jpg,,,,,2025-08-27T23:59:59.999999999+01:00,PROSPECTUS,13,4,,,
9682,5604260270200,270.0,PorSi,Leite Creme 2X135G,,1.99,7.37,0,kg,€/Kg,,,https://driveimg1.intermarche.com/pt/Content/images/boitmal/produit/zoom/48771BC39F7760C16909C4FCA8B87678.jpg,,,,,2025-08-27T23:59:59.999999999+01:00,PROSPECTUS,13,4,,,
9684,5604260270224,270.0,PorSi,Delicia Sabor Bolacha 2X135G,,1.99,7.37,0,kg,€/Kg,,,https://driveimg1.intermarche.com/pt/Content/images/boitmal/produit/zoom/6689F7493B0888255A48A87D52ECB37C.jpg,,,,,2025-08-27T23:59:59.999999999+01:00,PROSPECTUS,13,4,,,
9872,7322540319972,,Tena,"Pensos incontinência mulher discreet maxi, 12 unidades",,6.36,6.36,12,,€/Unidade,,,https://driveimg1.intermarche.com/pt/Content/images/boitmal/produit/zoom/B0A5760A95DCC6213209AC3ABAE33C53.jpg,https://driveimg1.intermarche.com/pt/Content/images/boitmal/produit/zoom/F2C60811FC32EA34D7318E5D762B5028.jpg,https://driveimg1.intermarche.com/pt/Content/images/boitmal/produit/zoom/27A2BE4C6FB8F76ABEAF4A14BD4BCFEB.jpg,https://driveimg1.intermarche.com/pt/Content/images/boitmal/produit/zoom/C80C60FA35457997181F710DFDCBB137.jpg,,2025-08-27T23:59:59.999999999+01:00,PROSPECTUS,13,4,,,
9891,7613032649647,130.0,Lion,Snack de chocolate,Embalagem de 130g,2.79,21.46,0,kg,€/Kg,,,https://driveimg1.intermarche.com/pt/Content/images/boitmal/produit/zoom/5C340AECE63C9548B457B1D22CC4DCB6.jpg,,,,,2025-08-27T23:59:59.999999999+01:00,PROSPECTUS,13,4,,,
9915,7613034515667,400.0,Yogolino,"Nestlé iogolino prep iog baunilha 100g, de 400g",,1.99,4.98,0,kg,€/Kg,,,https://driveimg1.intermarche.com/pt/Content/images/boitmal/produit/zoom/93D854C9817D9D32644809667C60F85C.jpg,,,,,2025-08-27T23:59:59.999999999+01:00,PROSPECTUS,13,4,,,
9989,8000430133035,125.0,Galbani,"Queijo mozzarella fresca, embalagem de 125 g",,1.75,14.0,0,kg,€/Kg,,,https://driveimg1.intermarche.com/pt/Content/images/boitmal/produit/zoom/2D2F42EC9092F570E0A5C16679F885D7.jpg,,,,,2025-08-27T23:59:59.999999999+01:00,PROSPECTUS,13,4,,,
36661,5604260296781,200.0,PorSi,Leite Com Chocolate 200Ml,,0.3,1.5,200,L,€/L,,,https://driveimg1.intermarche.com/pt/Content/images/boitmal/produit/zoom/EC564062426ADD8C0F594B4A35713C45.jpg,,,,,2025-08-27T23:59:59.999999999+01:00,PROSPECTUS,13,4,,,
40749,5604260304158,1000.0,PorSi,Detergente liquido loiça clássico,Garrafa de 1 litro,0.79,0.79,1000,L,€/L,,,https://driveimg1.intermarche.com/pt/Content/images/boitmal/produit/zoom/AF2F1189F25F58E20EE8C7BA2141119A.jpg,,,,,2025-08-27T23:59:59.999999999+01:00,PROSPECTUS,13,4,,,
4687,5000116105212,375.0,Iglo,"Ervilhas, embalagem de 375g",,1.89,5.04,0,kg,€/Kg,,Tipo de stockagem,https://driveimg1.intermarche.com/pt/Content/images/boitmal/produit/zoom/6C528FEBBEDC5462386A3AB117EEBFD4.jpg,,,,,2025-08-27T23:59:59.999999999+01:00,PROSPECTUS,13,4,,,
34810,5604260290611,5000.0,PorSi,Detergente Manual Loiça Limão 5L,,3.39,0.68,5000,L,€/L,,,https://driveimg1.intermarche.com/pt/Content/images/boitmal/produit/zoom/A75B5830ACEF5EF601CB8AEB7826E7EC.jpg,,,,,2025-08-27T23:59:59.999999999+01:00,PROSPECTUS,13,4,,,
6398,8410372182303,75.0,Colgate,"Dentifríco flúor gel, embalagem de 75 ml",,1.99,26.53,75,L,€/L,,,https://driveimg1.intermarche.com/pt/Content/images/boitmal/produit/zoom/3F011A79E5A34E1D47A1369D50D1C53B.jpg,,,,,2025-08-27T23:59:59.999999999+01:00,PROSPECTUS,13,4,,,
5246,5601151540886,600.0,Compal,"Néctar pêra, pack 3 x 200 ml",,1.49,2.48,600,L,€/L,,,https://driveimg1.intermarche.com/pt/Content/images/boitmal/produit/zoom/D6B34834645718035C7DBFF284A80A1D.jpg,,,,,2025-08-27T23:59:59.999999999+01:00,PROSPECTUS,13,4,,,
23353,5000116112197,375.0,Capitão Iglo,"18 nuggets de frango, embalagem de 380g",,4.99,13.31,0,kg,€/Kg,,Tipo de stockagem,https://driveimg1.intermarche.com/pt/Content/images/boitmal/produit/zoom/F26C89B365D9DC17E138C74AB049DE6B.jpg,,,,,2025-08-27T23:59:59.999999999+01:00,PROSPECTUS,13,4,,,
2466,7613032142599,500.0,Cerelac,Farinha láctea 12 meses,Embalagem de 500g,3.74,7.48,0,kg,€/Kg,,,https://driveimg1.intermarche.com/pt/Content/images/boitmal/produit/zoom/4E708CAF1A60A052407E76B7A92102F7.jpg,,,,,2025-08-27T23:59:59.999999999+01:00,PROSPECTUS,13,4,,,
27489,8434165466395,168.0,Cuétara,"Bolacha tosta rica choco guay, embalagem de 170g",,1.69,10.06,0,kg,€/Kg,,,https://driveimg1.intermarche.com/pt/Content/images/boitmal/produit/zoom/FEB247036FDFEC5DC75032390A574680.jpg,,,,,2025-08-27T23:59:59.999999999+01:00,PROSPECTUS,13,4,,,
35431,2892038000000,500.0,Fruta,Maçã golden perlim categoria: II,Vendido ao peso a partir de 500 g,1.25,2.49,0,,€/Kg,,,https://driveimg1.intermarche.com/pt/Content/images/boitmal/produit/zoom/A5A43AE6B7B78DC5AE3DA67096CDA0C6.jpg,,,,,2025-08-27T23:59:59.999999999+01:00,PROSPECTUS,13,4,,,
14437,5411188110835,1000.0,Alpro,"Bebida de soja de amêndoa, embalagem de 1 litro",,1.99,1.99,1000,L,€/L,,,https://driveimg1.intermarche.com/pt/Content/images/boitmal/produit/zoom/7737749B389B841C77AB65B76665C756.jpg,,,,,2025-08-27T23:59:59.999999999+01:00,PROSPECTUS,13,4,,,
52831,5411188139386,750.0,Alpro,"Bebida soja alto teor proteína, 750 ml",,1.59,2.12,750,L,€/L,,,https://driveimg1.intermarche.com/pt/Content/images/boitmal/produit/zoom/49ADB141EE7D3ED699ADC3A17F20F163.jpg,,,,,2025-08-27T23:59:59.999999999+01:00,PROSPECTUS,13,4,,,
36657,5601217132673,500.0,Cillitbang,"Spray lixívia e higiene, de 500 ml",,2.49,4.98,500,L,€/L,,,https://driveimg1.intermarche.com/pt/Content/images/boitmal/produit/zoom/D9B27A41A222F2F218026715A414F2D0.jpg,,,,,2025-08-27T23:59:59.999999999+01:00,PROSPECTUS,13,4,,,
50630,5603722521461,1208.0,Mimosa,"Iogurte magro liquido de ananas e manga, 8x151ml",,2.89,2.39,1208,L,€/L,,,https://driveimg1.intermarche.com/pt/Content/images/boitmal/produit/zoom/391469C60827762112BDD90CD5A7ACC1.jpg,,,,,2025-08-27T23:59:59.999999999+01:00,PROSPECTUS,13,4,,,
