identifier,produitEan13,capacite,marque,libelle,conditionnement,prix,unitPrice,volume,typeProduit_uniteByCode,unit_value,pictogrammes_0,pictogrammes_libelleCategorie,images_0,images_1,images_2,images_3,avantages_dateFin,avantages_categorie,nro_paginas,page,images_4,images_5,images_6
13866,2891048000000,1000.0,Porco,Bifanas,Vendido ao peso a partir de 1 kg,3.99,3.99,0,,€/Kg,,,https://driveimg1.intermarche.com/pt/Content/images/boitmal/produit/zoom/72DE0DA6B485199AC995C629E3E4D279.jpg,,,,2025-12-24T23:59:59Z,PROSPECTUS,14,1,,,
1434,5601260037109,1000.0,Cigala,"Arroz agulha, embalagem de 1 kg",,1.38,1.38,0,kg,€/Kg,,,https://driveimg1.intermarche.com/pt/Content/images/boitmal/produit/zoom/B3D52BC13D571B9BC6634FD987C80F3C.jpg,,,,2025-12-24T23:59:59Z,PROSPECTUS,14,1,,,
1709,5604055111060,6000.0,Fastio,"Água mineral sem gás, embalagem de 6 l",,1.59,0.27,6000,L,€/L,,,https://driveimg1.intermarche.com/pt/Content/images/boitmal/produit/zoom/6EFB8FD4D0614752BB5925C1048B82B3.jpg,,,,2025-12-24T23:59:59Z,PROSPECTUS,14,1,,,
8994,5601511000012,200.0,Limiano,"Queijo flamengo, fatias, embalagem de 200g",,2.29,11.45,0,kg,€/Kg,,,https://driveimg1.intermarche.com/pt/Content/images/boitmal/produit/zoom/07BB1CEE38CC53EE2C814734D4592DE0.jpg,,,,2025-12-24T23:59:59Z,PROSPECTUS,14,1,,,
37745,5604260301874,400.0,PorSi,Grão-de-bico Cozido Frasco 540g,Frasco com 540 g,0.85,2.13,0,kg,€/Kg,,,https://driveimg1.intermarche.com/pt/Content/images/boitmal/produit/zoom/ABBBFB42757051E49B0E75B4C2EB061F.jpg,,,,2025-12-24T23:59:59Z,PROSPECTUS,14,1,,,
13048,2893561000000,250.0,Marisco,Ameijoa Branca Vietnamita Congelada,Vendido a partir de 250 gr  (aprox.),0.5,1.99,0,,€/Kg,,Avantages !,https://driveimg1.intermarche.com/pt/Content/images/boitmal/produit/zoom/EB1BC296FF41180E6F3E1626AD4F78AA.jpg,,,,2025-12-24T23:59:59Z,PROSPECTUS,14,1,,,
14038,2696013000000,80.0,Padaria,Bola mistura,1 unidade= 80 g,0.19,2.38,0,kg,€/Kg,,,https://driveimg1.intermarche.com/pt/Content/images/boitmal/produit/zoom/509539D5119FE663643D444B9A3F9D6A.jpg,,,,2025-12-24T23:59:59Z,PROSPECTUS,14,1,,,
32158,4015400917328,480.0,Fairy,"Detergente Liquido da Loiça Limão, 480 ml",,2.54,5.29,480,L,€/L,,,https://driveimg1.intermarche.com/pt/Content/images/boitmal/produit/zoom/4E2BD689329F214554584573973F36ED.jpg,,,,2025-12-24T23:59:59Z,PROSPECTUS,14,1,,,
12909,2892005000000,250.0,Fruta,Laranja Económica,1 un = 250 gr  (aprox.),0.3,1.19,0,,€/Kg,,,https://driveimg1.intermarche.com/pt/Content/images/boitmal/produit/zoom/67E13FD34B36BCD37E12339EB836171D.jpg,,,,2025-12-24T23:59:59Z,PROSPECTUS,14,1,,,
10057,8410036800512,750.0,Freixenet,"Espumante cava meio seco reserva, garrafa de 750 ml",,6.99,9.32,750,L,€/L,,,https://driveimg1.intermarche.com/pt/Content/images/boitmal/produit/zoom/595A72B091587557F63E6DF8F5C0E8F8.jpg,,,,2025-12-24T23:59:59Z,PROSPECTUS,14,1,,,
28497,3222270502450,680.0,Purina Gourmet,Comida Húmida para Gato Seleção de Mousses,Embalagem de 680g,4.64,6.82,0,kg,€/Kg,,,https://driveimg1.intermarche.com/pt/Content/images/boitmal/produit/zoom/48B98515C30D063D1F85A14F56AAE58A.jpg,,,,2025-12-24T23:59:59Z,PROSPECTUS,14,1,,,
50407,8445290489197,900.0,Cerelac,"Farinha láctea 40% menos açúcar, embalagem de 900g",,5.99,6.66,0,kg,€/Kg,,,https://driveimg1.intermarche.com/pt/Content/images/boitmal/produit/zoom/D5679DAEE4754B15BC232A3CCD376B42.jpg,,,,2025-12-24T23:59:59Z,PROSPECTUS,14,1,,,
54646,8720181542121,,Skip,"Detergente Máquina Roupa Líquido Active Clean, 100D",,15.99,15.99,0,,€/Unidade,,,https://driveimg1.intermarche.com/pt/Content/images/boitmal/produit/zoom/D3E9B1DE5F09D8B3FD221502F3C133F1.jpg,,,,2025-12-24T23:59:59Z,PROSPECTUS,14,1,,,
18770,5449000138026,1500.0,Fanta,"Refrigerante com Gás Laranja sem Açúcar, garrafa 1,5 lt",,0.99,0.66,1500,L,€/L,,,https://driveimg1.intermarche.com/pt/Content/images/boitmal/produit/zoom/DE34E5B994CDF7FCC42CE983A86D82DE.jpg,,,,2025-12-24T23:59:59Z,PROSPECTUS,14,1,,,
41298,5601050036541,440.0,Danone,"Iogurte oikos natural,  4 x 110g",,2.59,5.89,0,kg,€/Kg,,,https://driveimg1.intermarche.com/pt/Content/images/boitmal/produit/zoom/100CC1C1966D7A85865BF44E424F358B.jpg,,,,2025-12-24T23:59:59Z,PROSPECTUS,14,1,,,
19414,5601028024716,,Renova,"Papel Higiénico Puríssimo 3 Folhas, embalagem c/ 12 rolos",,4.99,4.99,0,,€/Unidade,,,https://driveimg1.intermarche.com/pt/Content/images/boitmal/produit/zoom/6371FB49C9F37CFE36AA4E28DFBAAFF4.jpg,,,,2025-12-24T23:59:59Z,PROSPECTUS,14,1,,,
35884,7613036886536,400.0,Yogolino,Yogolino morango banana 0% açúcares adicionados 4x100g,Embalagem de 400g,1.99,4.98,0,kg,€/Kg,,,https://driveimg1.intermarche.com/pt/Content/images/boitmal/produit/zoom/7807C1DC6FDB66074A291996AEB79A89.jpg,,,,2025-12-24T23:59:59Z,PROSPECTUS,14,1,,,
55354,8410063095202,1200.0,Pescanova,"Barrinhas de Pescada sem Glúten, emb. 1,2 kg (36 a 40 un)",,7.89,6.58,0,kg,€/Kg,,Tipo de stockagem,https://driveimg1.intermarche.com/pt/Content/images/boitmal/produit/zoom/D2F57A76EACAFAE8D2E905FFD81B787B.jpg,,,,2025-12-24T23:59:59Z,PROSPECTUS,14,1,,,
23469,8410500020453,280.0,Danone,"Danonino para levar, polpa de morango, embalagem de 4 x 70 g",,2.19,7.82,0,kg,€/Kg,,,https://driveimg1.intermarche.com/pt/Content/images/boitmal/produit/zoom/3E7A122EA567C89446D113FF66BFA0AE.jpg,,,,2025-12-24T23:59:59Z,PROSPECTUS,14,1,,,
48093,5604260322459,85.0,PorSi Select,Alimento Humido Gato Adulto com Peixe 85g,,0.59,6.94,0,kg,€/Kg,,,https://driveimg1.intermarche.com/pt/Content/images/boitmal/produit/zoom/82A558BEAF47320C40149C066B08F2E8.jpg,,,,2025-12-24T23:59:59Z,PROSPECTUS,14,1,,,
44956,2696878000000,,Padaria,Bola de mistura centeio Baviera,90 g,0.2,0.2,0,,€/Unidade,,,https://driveimg1.intermarche.com/pt/Content/images/boitmal/produit/zoom/09DB4B39AC0AAE5D11E868A906EFB364.jpg,,,,2025-12-24T23:59:59Z,PROSPECTUS,14,1,,,
12978,2892462000000,400.0,Legumes,Alface Frisada,1 un= 400 g (aprox.),0.68,1.69,0,,€/Kg,,,https://driveimg1.intermarche.com/pt/Content/images/boitmal/produit/zoom/11753DE36CD8D1B450ED5A40B08A088C.jpg,,,,2025-12-24T23:59:59Z,PROSPECTUS,14,1,,,
32551,5608527002764,750.0,Casa Ermelinda Freitas,"Vinho Vinha da Fonte Setúbal Tinto, garrafa 75 cl",Garrafa de 0.75 l,2.99,3.99,750,L,€/L,,,https://driveimg1.intermarche.com/pt/Content/images/boitmal/produit/zoom/06E0D835BF6FF987E9BF7993FA3DFA28.jpg,,,,2025-12-24T23:59:59Z,PROSPECTUS,14,1,,,
13893,2891043000000,1000.0,Porco,Entrecosto,Vendido ao peso a partir de 1 kg,5.99,5.99,0,,€/Kg,,,https://driveimg1.intermarche.com/pt/Content/images/boitmal/produit/zoom/AA05EE99D302D59771FCC108473E0700.jpg,,,,2025-12-24T23:59:59Z,PROSPECTUS,14,1,,,
12994,2892524000000,100.0,Legumes,Cenoura Granel,1 un = 100 gr (aprox.),0.09,0.89,0,,€/Kg,,,https://driveimg1.intermarche.com/pt/Content/images/boitmal/produit/zoom/5AEDEF3ED6ABEF24EACEE9C46AA7916F.jpg,,,,2025-12-24T23:59:59Z,PROSPECTUS,14,1,,,
14921,2892534000000,400.0,Legumes,Couve Bróculo,Vendido ao peso,0.88,2.19,0,,€/Kg,,,https://driveimg1.intermarche.com/pt/Content/images/boitmal/produit/zoom/4F48873F332B6ECE759CD88793270811.jpg,,,,2025-12-24T23:59:59Z,PROSPECTUS,14,1,,,
13813,2892489000000,250.0,Legumes,Batata Doce,1 un = 250 gr  (aprox.),0.25,0.99,0,,€/Kg,,,https://driveimg1.intermarche.com/pt/Content/images/boitmal/produit/zoom/B0785A3D8A1A6773EB1FB43B119AC4D9.jpg,,,,2025-12-24T23:59:59Z,PROSPECTUS,14,1,,,
17272,2891375000000,800.0,Novilho,Carne p/ Estufar,Vendido ao peso a partir de 800 g,9.43,11.79,0,,€/Kg,,,https://driveimg1.intermarche.com/pt/Content/images/boitmal/produit/zoom/74A9E71258207F3FD300DB35B0F5BB18.jpg,,,,2025-12-24T23:59:59Z,PROSPECTUS,14,1,,,
1834,5604260034505,500.0,PorSi,Batatas Fritas Palha Larga 500g,,2.58,5.16,0,kg,€/Kg,,,https://driveimg1.intermarche.com/pt/Content/images/boitmal/produit/zoom/C01ACEDAC47CBE95FC31DF87E03A78AD.jpg,,,,2025-12-24T23:59:59Z,PROSPECTUS,14,1,,,
21292,5604260263837,250.0,PorSi,Alho Seco,Embalagem: 250 g  ,1.39,5.56,0,kg,€/Kg,,,https://driveimg1.intermarche.com/pt/Content/images/boitmal/produit/zoom/9CACD04AEB53BB065A4A6DA5A64A1473.jpg,,,,2025-12-24T23:59:59Z,PROSPECTUS,14,1,,,
54632,5603722523045,1000.0,Gresso,"Leite UHT Meio Gordo, 1L",,0.87,0.87,1000,L,€/L,,,https://driveimg1.intermarche.com/pt/Content/images/boitmal/produit/zoom/ECF816693AC2579C9FB595FD8ABD96D7.jpg,,,,2025-12-24T23:59:59Z,PROSPECTUS,14,1,,,
13892,2891041000000,1000.0,Porco,Costeletas do Lombo,Vendido ao peso a partir de 1 kg,3.99,3.99,0,,€/Kg,,,https://driveimg1.intermarche.com/pt/Content/images/boitmal/produit/zoom/589E4AFE71E19AF7FEB32FB0C0E176FF.jpg,,,,2025-12-24T23:59:59Z,PROSPECTUS,14,1,,,
13915,2891249000000,2000.0,Peru,Perna com Osso,Vendido ao peso,9.98,4.99,0,,€/Kg,,,https://driveimg1.intermarche.com/pt/Content/images/boitmal/produit/zoom/EA6C55F440DB29FDE55EB019973B1FE5.jpg,,,,2025-12-24T23:59:59Z,PROSPECTUS,14,1,,,
15074,2893812000000,2500.0,Bacalhau,Bacalhau Graúdo da Noruega,1 un = 2.5 kg (aprox.),39.98,15.99,0,,€/Kg,,,https://driveimg1.intermarche.com/pt/Content/images/boitmal/produit/zoom/5B57E89267AA2374EF4EE7D25F5702E7.jpg,,,,2025-12-24T23:59:59Z,PROSPECTUS,14,1,,,
30168,2696660000000,80.0,Padaria,Cacetinho de Trigo,80 g,0.22,2.75,0,kg,€/Kg,,,https://driveimg1.intermarche.com/pt/Content/images/boitmal/produit/zoom/061A32F66C5467484869F7F4ECEA0767.jpg,,,,2025-12-24T23:59:59Z,PROSPECTUS,14,1,,,
51094,5605378209106,500.0,Legumes,"Cebola Doce, emb. 500 gr",500 g,1.39,2.78,0,kg,€/Kg,,,https://driveimg1.intermarche.com/pt/Content/images/boitmal/produit/zoom/A3A195161818002B079AE373F23C98D9.jpg,,,,2025-12-24T23:59:59Z,PROSPECTUS,14,1,,,
12519,8712100417054,416.0,HellmannS,"Maionese, frasco, embalagem de 420g",,2.99,7.19,0,kg,€/Kg,,,https://driveimg1.intermarche.com/pt/Content/images/boitmal/produit/zoom/6AB870EF622544FC82599432CC32DE9B.jpg,https://driveimg1.intermarche.com/pt/Content/images/boitmal/produit/zoom/6731B805B2B4B445CCCFD0D614219E37.jpg,https://driveimg1.intermarche.com/pt/Content/images/boitmal/produit/zoom/6731B805B2B4B445CCCFD0D614219E37.jpg,https://driveimg1.intermarche.com/pt/Content/images/boitmal/produit/zoom/6731B805B2B4B445CCCFD0D614219E37.jpg,2025-12-24T23:59:59Z,PROSPECTUS,14,1,,,
1433,5601260036102,1000.0,Cigala,"Arroz carolino, embalagem de 1 kg",,1.14,1.14,0,kg,€/Kg,,,https://driveimg1.intermarche.com/pt/Content/images/boitmal/produit/zoom/D96A08349D04F12B168FA774344BCEF6.jpg,,,,2025-12-24T23:59:59Z,PROSPECTUS,14,1,,,
1847,5604260301683,400.0,PorSi,Feijao Branco Cozido Frasco 540g,Embalagem de 540g,0.85,2.13,0,kg,€/Kg,,,https://driveimg1.intermarche.com/pt/Content/images/boitmal/produit/zoom/65F3549F5DD8B5CB836B8FAB01DCCC43.jpg,,,,2025-12-24T23:59:59Z,PROSPECTUS,14,1,,,
23277,5604260281268,150.0,Porsi Programa Origens,Salada Aromática 150 G,,1.29,8.6,0,kg,€/Kg,,,https://driveimg1.intermarche.com/pt/Content/images/boitmal/produit/zoom/C822174AC715DAAEACE1CDBB865D9449.jpg,,,,2025-12-24T23:59:59Z,PROSPECTUS,14,1,,,
24920,5604260281848,500.0,PorSi,Massa Laços 500g,,0.99,1.98,0,kg,€/Kg,,,https://driveimg1.intermarche.com/pt/Content/images/boitmal/produit/zoom/C1693538ACC0B37B44EA7A19996490A3.jpg,,,,2025-12-24T23:59:59Z,PROSPECTUS,14,1,,,
36711,5604260294862,200.0,PorSi,Queijo Edam Fatiado 200g,,1.68,8.4,0,kg,€/Kg,,,https://driveimg1.intermarche.com/pt/Content/images/boitmal/produit/zoom/46DECF3B546FE1C267F5C56013613756.jpg,,,,2025-12-24T23:59:59Z,PROSPECTUS,14,1,,,
36729,5604260296804,480.0,PorSi,Pêssego Metades em Calda 840g,,1.99,4.15,0,kg,€/Kg,,,https://driveimg1.intermarche.com/pt/Content/images/boitmal/produit/zoom/6B402AC3951DE97E3A72B10B1D0F88FE.jpg,,,,2025-12-24T23:59:59Z,PROSPECTUS,14,1,,,
46921,5604260318803,250.0,PorSi Select,Bombons Frutos do Mar,250 g,3.89,15.56,0,kg,€/Kg,,,https://driveimg1.intermarche.com/pt/Content/images/boitmal/produit/zoom/21DE68F559B30F55F4E6AFC7333725FE.jpg,,,,2025-12-24T23:59:59Z,PROSPECTUS,14,1,,,
1010,5601038300091,240.0,Knorr,"Caldo de Galinha Cubos, emb. 240 gr (24 un)",,2.49,10.38,0,kg,€/Kg,,,https://driveimg1.intermarche.com/pt/Content/images/boitmal/produit/zoom/4E25834255892D5C9C1047A286FE9847.jpg,,,,2025-12-24T23:59:59Z,PROSPECTUS,14,1,,,
13884,2891106000000,2000.0,PorSi Select,Frango do Campo Inteiro c/ Miúdos Programa Origens,Vendido ao peso,7.98,3.99,0,,€/Kg,,,https://driveimg1.intermarche.com/pt/Content/images/boitmal/produit/zoom/4004CE88E12A24D0AD85684C27210FBB.jpg,,,,2025-12-24T23:59:59Z,PROSPECTUS,14,1,,,
15059,2892578000000,200.0,Legumes,Nabo Roxo sem Rama,1 un = 200 gr (aprox.),0.34,1.69,0,,€/Kg,,,https://driveimg1.intermarche.com/pt/Content/images/boitmal/produit/zoom/EECF99CF1D26FD88C91EC2A5B22EA3C8.jpg,,,,2025-12-24T23:59:59Z,PROSPECTUS,14,1,,,
1677,5602711001311,1000.0,Rar,"Açúcar Branco Granulado Embalado em Papel, emb. 1 kg",,1.09,1.09,0,kg,€/Kg,,,https://driveimg1.intermarche.com/pt/Content/images/boitmal/produit/zoom/B32F457E1AFE2BD9F726B62129876B87.jpg,,,,2025-12-24T23:59:59Z,PROSPECTUS,14,1,,,
1718,5604260000197,500.0,PorSi,Massa Aletria 500g,,1.15,2.3,0,kg,€/Kg,,,https://driveimg1.intermarche.com/pt/Content/images/boitmal/produit/zoom/7D5D39FDD4F9755D7DAFB2E510E8DA58.jpg,,,,2025-12-24T23:59:59Z,PROSPECTUS,14,1,,,
1988,5604260063383,350.0,PorSi,Mini Tostas de Trigo 350g,,2.09,5.97,0,kg,€/Kg,,,https://driveimg1.intermarche.com/pt/Content/images/boitmal/produit/zoom/0215D12BDD107E1A2372B3F823BE30C6.jpg,,,,2025-12-24T23:59:59Z,PROSPECTUS,14,1,,,
2255,5604260267903,500.0,PorSi,Massa Fettucine 500g,,1.29,2.58,0,kg,€/Kg,,,https://driveimg1.intermarche.com/pt/Content/images/boitmal/produit/zoom/18407BCA8571F0FADB3A4F41B971F2FA.jpg,,,,2025-12-24T23:59:59Z,PROSPECTUS,14,1,,,
36189,5604260286485,4000.0,PorSi,Alimento Seco Gato Adulto Carnes 4 kg,,5.99,1.5,0,kg,€/Kg,,,https://driveimg1.intermarche.com/pt/Content/images/boitmal/produit/zoom/AE19C8FD88EDD684CD1CC8CA20BAED8C.jpg,,,,2025-12-24T23:59:59Z,PROSPECTUS,14,1,,,
37744,5604260301805,400.0,PorSi,Feijao Manteiga Cozido Frasco 540g,Frasco com 540 g,0.85,2.13,0,kg,€/Kg,,,https://driveimg1.intermarche.com/pt/Content/images/boitmal/produit/zoom/B9B74EE9D5F4C86738772A5B6758433E.jpg,,,,2025-12-24T23:59:59Z,PROSPECTUS,14,1,,,
47019,5604260319084,200.0,PorSi Select,Trufas de Cacau,,1.89,9.45,0,kg,€/Kg,,,https://driveimg1.intermarche.com/pt/Content/images/boitmal/produit/zoom/4AA4925FFD5445A654888A10EEB34DFB.jpg,https://driveimg1.intermarche.com/pt/Content/images/boitmal/produit/zoom/02469861308C38D912A61C46B1E065A2.jpg,,,2025-12-24T23:59:59Z,PROSPECTUS,14,1,,,
54633,5603722523052,1000.0,Gresso,"Leite Uht Magro, 1L",,0.87,0.87,1000,L,€/L,,,https://driveimg1.intermarche.com/pt/Content/images/boitmal/produit/zoom/62FAA0AA671FC5B53B3DDBACCC92B900.jpg,,,,2025-12-24T23:59:59Z,PROSPECTUS,14,1,,,
974,5601024105051,3000.0,Fula,"Óleo Alimentar, emb. 3 lt",Embalagem 3L,5.85,1.95,3000,L,€/L,,,https://driveimg1.intermarche.com/pt/Content/images/boitmal/produit/zoom/D641E1D4A518E21E0D8C212FCA92F32A.jpg,,,,2025-12-24T23:59:59Z,PROSPECTUS,14,1,,,
1043,5601055024017,200.0,Pantagruel,"Chocolate culinário, embalagem de 200g",,3.29,16.45,0,kg,€/Kg,,,https://driveimg1.intermarche.com/pt/Content/images/boitmal/produit/zoom/CD7A81B2D616DAA659580B8B1F91D9F1.jpg,,,,2025-12-24T23:59:59Z,PROSPECTUS,14,1,,,
11523,5601051410029,250.0,Primor,"Manteiga com sal, 250g",,2.14,8.56,0,kg,€/Kg,,,https://driveimg1.intermarche.com/pt/Content/images/boitmal/produit/zoom/6515E45A6FB2F6024F4DECB68FB265B3.jpg,,,,2025-12-24T23:59:59Z,PROSPECTUS,14,1,,,
1195,5601119230224,650.0,Nobre,"Salsichas Extra Suculentas Frasco 7 un, emb. 650 gr",,2.23,3.43,0,kg,€/Kg,,,https://driveimg1.intermarche.com/pt/Content/images/boitmal/produit/zoom/F74C2FC7C8B9C0B3ED0E43FFE3B59991.jpg,,,,2025-12-24T23:59:59Z,PROSPECTUS,14,1,,,
12943,2892087000000,1500.0,Fruta,Mamão,"1 un = 1,5 kg (aprox.)",5.84,3.89,0,,€/Kg,,,https://driveimg1.intermarche.com/pt/Content/images/boitmal/produit/zoom/E92859558CF3617793775ADAD1A11B14.jpg,,,,2025-12-24T23:59:59Z,PROSPECTUS,14,1,,,
13881,2891051000000,500.0,Porco,Lombinhos,1 un=500 gr aprox.,3.25,6.49,0,,€/Kg,,,https://driveimg1.intermarche.com/pt/Content/images/boitmal/produit/zoom/9CD8E2454164D89C529C89766D2A9B76.jpg,,,,2025-12-24T23:59:59Z,PROSPECTUS,14,1,,,
13966,2696019000000,450.0,Padaria,Pão Regional Rio Maior Inteiro,1 unidade= 450 g,0.99,2.2,0,kg,€/Kg,,,https://driveimg1.intermarche.com/pt/Content/images/boitmal/produit/zoom/868CC38F01B8F1FD056036A7F49504A8.jpg,,,,2025-12-24T23:59:59Z,PROSPECTUS,14,1,,,
14726,8711100080060,400.0,Maizena,"Farinha, embalagem de 400g",,1.64,4.1,0,kg,€/Kg,,,https://driveimg1.intermarche.com/pt/Content/images/boitmal/produit/zoom/510CA0D1320DDBD17C988D55861FD3B8.jpg,,,,2025-12-24T23:59:59Z,PROSPECTUS,14,1,,,
15126,2895032000000,250.0,Limiano,Queijo Flamengo Bola,1 un = 250 gr  (aprox.),2.45,9.79,0,,€/Kg,,,https://driveimg1.intermarche.com/pt/Content/images/boitmal/produit/zoom/E05814E88CDCF87F22458F4E282D5518.jpg,,,,2025-12-24T23:59:59Z,PROSPECTUS,14,1,,,
15156,2892099000000,500.0,Fruta,Papaia Avião,1 un = 500 g (aprox.),1.95,3.89,0,,€/Kg,,,https://driveimg1.intermarche.com/pt/Content/images/boitmal/produit/zoom/103067E524772C956478A94460D63E34.jpg,,,,2025-12-24T23:59:59Z,PROSPECTUS,14,1,,,
15398,5604260278039,1500.0,PorSi,Amaciador de Roupa Concentrado Aromaterapia 60d,Embalagem com 60 doses,2.19,1.46,1500,L,€/L,,,https://driveimg1.intermarche.com/pt/Content/images/boitmal/produit/zoom/A34CA50BD5140F3567823C4B325B98EF.jpg,,,,2025-12-24T23:59:59Z,PROSPECTUS,14,1,,,
17710,4014400901405,250.0,Merci,Bombons de Chocolate Leite,Embalagem de 250 g,6.99,27.96,0,kg,€/Kg,,,https://driveimg1.intermarche.com/pt/Content/images/boitmal/produit/zoom/EADB67A974D468C1A3623AD369797122.jpg,,,,2025-12-24T23:59:59Z,PROSPECTUS,14,1,,,
1816,5604260301775,400.0,PorSi,Feijao Frade Cozido Frasco 540g,Embalagem de 540g,0.85,2.13,0,kg,€/Kg,,,https://driveimg1.intermarche.com/pt/Content/images/boitmal/produit/zoom/F863BEC0F48D2513FC0D1879484DF975.jpg,,,,2025-12-24T23:59:59Z,PROSPECTUS,14,1,,,
18619,5014328054756,32.0,Tetley,Chá de frutos vermelhos,Embalagem de 30g,1.84,57.5,0,kg,€/Kg,,,https://driveimg1.intermarche.com/pt/Content/images/boitmal/produit/zoom/03305900AD56E77C8397A8E7D50DBFBD.jpg,,,,2025-12-24T23:59:59Z,PROSPECTUS,14,1,,,
1966,5604260061563,210.0,PorSi,Wafer Chocolate 210g,,1.17,5.57,0,kg,€/Kg,,,https://driveimg1.intermarche.com/pt/Content/images/boitmal/produit/zoom/E154175D8E403083CFB63244310CB908.jpg,,,,2025-12-24T23:59:59Z,PROSPECTUS,14,1,,,
21888,4008601100651,250.0,Friedel,Pai Natal Chocolate,Embalagem 60G,1.59,6.36,0,kg,€/Kg,,,https://driveimg1.intermarche.com/pt/Content/images/boitmal/produit/zoom/4954B620D67DB91C3FBB0997DA7CA97F.jpg,,,,2025-12-24T23:59:59Z,PROSPECTUS,14,1,,,
2403,5608543000072,20.0,Tetley,"Chá de mel, limão e ginseng",Embalagem de 20g,0.94,47.0,0,kg,€/Kg,,,https://driveimg1.intermarche.com/pt/Content/images/boitmal/produit/zoom/9B1217457C8CB66C8447C64453800613.jpg,,,,2025-12-24T23:59:59Z,PROSPECTUS,14,1,,,
25861,5603722509759,800.0,Mimosa,"Leite com chocolate, embalagem de 4 x 200 ml",,1.6,2.0,800,L,€/L,,,https://driveimg1.intermarche.com/pt/Content/images/boitmal/produit/zoom/4FE9754297F54084EBC31D72FBB55E4F.jpg,,,,2025-12-24T23:59:59Z,PROSPECTUS,14,1,,,
25883,5449000008763,1500.0,Fanta,"Refrigerante com Gás Laranja, emb. 1,5 lt",,0.99,0.66,1500,L,€/L,,,https://driveimg1.intermarche.com/pt/Content/images/boitmal/produit/zoom/FC51AAD13F2C3DD9969EDD9F1221FFFF.jpg,,,,2025-12-24T23:59:59Z,PROSPECTUS,14,1,,,
2630,8000500003787,200.0,Ferrero Rocher,16 bombons,Embalagem de 200g,6.79,33.95,0,kg,€/Kg,,,https://driveimg1.intermarche.com/pt/Content/images/boitmal/produit/zoom/C48862C103510D2C0692C2794FC35562.jpg,,,,2025-12-24T23:59:59Z,PROSPECTUS,14,1,,,
2644,8000500071083,200.0,Kinder,"Chocolate, 16 tabletes, embalagem de 200g",,2.99,14.95,0,kg,€/Kg,,,https://driveimg1.intermarche.com/pt/Content/images/boitmal/produit/zoom/9AF44354478DAF42C79BBF89F292CDAD.jpg,,,,2025-12-24T23:59:59Z,PROSPECTUS,14,1,,,
3526,2894034000000,150.0,Nobre,Fiambre da Perna Extra,1 un = 150 gr (aprox.),2.4,15.99,0,,€/Kg,,,https://driveimg1.intermarche.com/pt/Content/images/boitmal/produit/zoom/C76D05EF052819EDC79567520AD2D260.jpg,,,,2025-12-24T23:59:59Z,PROSPECTUS,14,1,,,
36521,5604260295326,1500.0,PorSi,"Refrigerante Laranja s/Gás 1,5l",,0.99,0.66,1500,L,€/L,,,https://driveimg1.intermarche.com/pt/Content/images/boitmal/produit/zoom/A6AF9ACD344C832F0E5F8232BBCCDC50.jpg,,,,2025-12-24T23:59:59Z,PROSPECTUS,14,1,,,
40363,5605378200042,500.0,Legumes,Cebolinha,Embalagem de 500 g,1.39,2.78,0,kg,€/Kg,,,https://driveimg1.intermarche.com/pt/Content/images/boitmal/produit/zoom/2613FBE015EC64C03F4B8952DC8F4B8C.jpg,,,,2025-12-24T23:59:59Z,PROSPECTUS,14,1,,,
40547,5604260286508,4000.0,PorSi,Alimento Seco Gato Adulto Cocktail 4kg,,5.99,1.5,0,kg,€/Kg,,,https://driveimg1.intermarche.com/pt/Content/images/boitmal/produit/zoom/0E5C8FE2CDA5B4EB2A2834941775B23B.jpg,,,,2025-12-24T23:59:59Z,PROSPECTUS,14,1,,,
41128,5604260303212,180.0,PorSi Select,Batatas Fritas Palha Finíssima 180g,,1.59,8.83,0,kg,€/Kg,,,https://driveimg1.intermarche.com/pt/Content/images/boitmal/produit/zoom/812AC943F9D2E6012814FABECADD39D4.jpg,,,,2025-12-24T23:59:59Z,PROSPECTUS,14,1,,,
41640,5604260301737,400.0,PorSi,Feijao Encarnado Cozido Frasco 540g,frasco de 540 g,0.85,2.13,0,kg,€/Kg,,,https://driveimg1.intermarche.com/pt/Content/images/boitmal/produit/zoom/C91F959C8FD02C2055DD0A1A4950A458.jpg,,,,2025-12-24T23:59:59Z,PROSPECTUS,14,1,,,
44059,5601363012683,160.0,LayS,"Batata frita lisas originais, embalagem de 160g",,1.39,8.69,0,kg,€/Kg,,,https://driveimg1.intermarche.com/pt/Content/images/boitmal/produit/zoom/D6B617CBD0A985504B50100E928DB47C.jpg,,,,2025-12-24T23:59:59Z,PROSPECTUS,14,1,,,
44104,2696661000000,90.0,Padaria,Cacetinho de trigo integral,90 g,0.22,2.44,0,kg,€/Kg,,,https://driveimg1.intermarche.com/pt/Content/images/boitmal/produit/zoom/DC4B31D5116A1A43F4BD72090A42EAD2.jpg,,,,2025-12-24T23:59:59Z,PROSPECTUS,14,1,,,
48779,8410199023117,150.0,LayS,"Batatas fritas com sabor a sal e vinagre, embalagem de 150g",,1.39,9.27,0,kg,€/Kg,,,https://driveimg1.intermarche.com/pt/Content/images/boitmal/produit/zoom/FA380F7857550C630972C34B56D1614D.jpg,,,,2025-12-24T23:59:59Z,PROSPECTUS,14,1,,,
49329,5603722501937,800.0,Mimosa,"Leite magro com chocolate, 4 x 200 ml",,1.92,2.4,800,L,€/L,,,https://driveimg1.intermarche.com/pt/Content/images/boitmal/produit/zoom/A3C8DD22A1174D7DB1F7255C4D4FE4CC.jpg,,,,2025-12-24T23:59:59Z,PROSPECTUS,14,1,,,
51572,5604260327966,750.0,PorSi,Azeite Virgem Extra 750ml,,4.39,5.85,750,L,€/L,,,https://driveimg1.intermarche.com/pt/Content/images/boitmal/produit/zoom/AC740C8B03C58C895BBDE8FC6044BE3A.jpg,,,,2025-12-24T23:59:59Z,PROSPECTUS,14,1,,,
52774,5604260329748,630.0,PorSi,Polpa Tomate Tetra 3x210g,,1.39,2.21,0,kg,€/Kg,,,https://driveimg1.intermarche.com/pt/Content/images/boitmal/produit/zoom/9D676468F00FF559F0BECC7FC3D16CCA.jpg,,,,2025-12-24T23:59:59Z,PROSPECTUS,14,1,,,
53163,8445291099418,,Buondi,"Café original nespresso, 10 cápsulas",,2.99,2.99,10,,€/Unidade,,,https://driveimg1.intermarche.com/pt/Content/images/boitmal/produit/zoom/6E46F1C9FB77DF7B2C9479B336DCC810.jpg,,,,2025-12-24T23:59:59Z,PROSPECTUS,14,1,,,
53209,8719200268616,250.0,Vaqueiro,"Creme vegetal culinária clássico, 250g",,1.43,5.72,0,kg,€/Kg,,,https://driveimg1.intermarche.com/pt/Content/images/boitmal/produit/zoom/1DED1E9DAECA76ADDCCDF45A9F1F2B22.jpg,https://driveimg1.intermarche.com/pt/Content/images/boitmal/produit/zoom/FFB50D9A6B4B2420D7BA125832D59133.jpg,https://driveimg1.intermarche.com/pt/Content/images/boitmal/produit/zoom/FFB50D9A6B4B2420D7BA125832D59133.jpg,https://driveimg1.intermarche.com/pt/Content/images/boitmal/produit/zoom/FFB50D9A6B4B2420D7BA125832D59133.jpg,2025-12-24T23:59:59Z,PROSPECTUS,14,1,,,
56580,5604260338283,300.0,PorSi,Pastéis de Bacalhau 300g,,1.99,6.63,0,kg,€/Kg,,Tipo de stockagem,https://driveimg1.intermarche.com/pt/Content/images/boitmal/produit/zoom/86C724A5B100D7AD27C69DD073B4AAEE.jpg,,,,2025-12-24T23:59:59Z,PROSPECTUS,14,1,,,
8391,5601049159992,1000.0,Mimosa,"Leite especial cálcio + vitamina d magro, de 1l",,1.0,1.0,1000,L,€/L,,,https://driveimg1.intermarche.com/pt/Content/images/boitmal/produit/zoom/22E6964D6A2F2B922BCB40BB341AE902.jpg,,,,2025-12-24T23:59:59Z,PROSPECTUS,14,1,,,
9184,5602348062754,70.0,Damatta,"Presunto em Fatias, emb. 70 gr",Embalagem de 70 g,2.29,32.71,0,kg,€/Kg,,,https://driveimg1.intermarche.com/pt/Content/images/boitmal/produit/zoom/9AE2DBDD0E054DD3DCAC93A9D0EE8ECE.jpg,,,,2025-12-24T23:59:59Z,PROSPECTUS,14,1,,,
9293,5603722493942,250.0,Primor,Manteiga pasteurizada com sal cuvet,Embalagem de 250g,2.49,9.96,0,kg,€/Kg,,,https://driveimg1.intermarche.com/pt/Content/images/boitmal/produit/zoom/F3F4D9FDF2A69DC31DE35D801759C2EE.jpg,,,,2025-12-24T23:59:59Z,PROSPECTUS,14,1,,,
979,5601024134471,750.0,Oliveira da Serra,Azeite Virgem,Embalagem de 750 ml,4.99,6.65,750,L,€/L,,,https://driveimg1.intermarche.com/pt/Content/images/boitmal/produit/zoom/E26F25C9E42D7D1738A837046251B635.jpg,,,,2025-12-24T23:59:59Z,PROSPECTUS,14,1,,,
980,5601024134488,750.0,Oliveira da Serra,Azeite virgem extra clássico,Embalagem de 750 ml,5.69,7.59,750,L,€/L,,,https://driveimg1.intermarche.com/pt/Content/images/boitmal/produit/zoom/01EF39EFE8396CC9ACA95DC25E9D3412.jpg,,,,2025-12-24T23:59:59Z,PROSPECTUS,14,1,,,
1114,5601066300780,500.0,Nacional,"Massa de maçarrão riscado, embalagem de 500g",,0.89,1.78,0,kg,€/Kg,,,https://driveimg1.intermarche.com/pt/Content/images/boitmal/produit/zoom/6E823110DFCFAB922E5CE2EEC9376131.jpg,,,,2025-12-24T23:59:59Z,PROSPECTUS,14,1,,,
1120,5601066301718,500.0,Nacional,"Massa de espirais, embalagem de 500g",,0.89,1.78,0,kg,€/Kg,,,https://driveimg1.intermarche.com/pt/Content/images/boitmal/produit/zoom/B50E4B0B2C4856A819A2FF672D887104.jpg,,,,2025-12-24T23:59:59Z,PROSPECTUS,14,1,,,
11959,5603722504945,200.0,Mimosa,"Nata para culinária ligeira, embalagem de 200 ml",,0.91,4.55,200,L,€/L,,,https://driveimg1.intermarche.com/pt/Content/images/boitmal/produit/zoom/34074ECCE8C9D0028618D923D64DF04D.jpg,,,,2025-12-24T23:59:59Z,PROSPECTUS,14,1,,,
13126,2893105000000,600.0,Peixaria,Dourada de Viveiro,de 600 a 800g,4.79,7.99,0,,€/Kg,,,https://driveimg1.intermarche.com/pt/Content/images/boitmal/produit/zoom/6E8A33BF89ACC347EAD33BE9A6FF5B5C.jpg,,,,2025-12-24T23:59:59Z,PROSPECTUS,14,1,,,
13566,2893560000000,250.0,Congelado de Aquicultura,Camarão Congelado 20/30,1 un = 250 gr  (aprox.),2.25,8.99,0,,€/Kg,,Avantages !,https://driveimg1.intermarche.com/pt/Content/images/boitmal/produit/zoom/863DB9F10BE616A55736AB7A17BC6BB5.jpg,,,,2025-12-24T23:59:59Z,PROSPECTUS,14,2,,,
14238,5604260269501,500.0,PorSi,Castanhas 500g,,5.25,10.5,0,kg,€/Kg,,Tipo de stockagem,https://driveimg1.intermarche.com/pt/Content/images/boitmal/produit/zoom/C70913510967EAC5990CEE6F2FBD9601.jpg,,,,2025-12-24T23:59:59Z,PROSPECTUS,14,2,,,
1439,5601260127107,1000.0,Cigala,"Arroz vaporizado, embalagem de 1 kg",,1.38,1.38,0,kg,€/Kg,,,https://driveimg1.intermarche.com/pt/Content/images/boitmal/produit/zoom/4B2862217CBB7515902C0E411B46053F.jpg,,,,2025-12-24T23:59:59Z,PROSPECTUS,14,2,,,
14509,5411188115533,1000.0,Alpro,Bebida de soja baunilha,Embalagem de 1L,1.99,1.99,1000,L,€/L,,,https://driveimg1.intermarche.com/pt/Content/images/boitmal/produit/zoom/218A8B639B241166E3D114746FC92529.jpg,,,,2025-12-24T23:59:59Z,PROSPECTUS,14,2,,,
14641,5603722513879,1500.0,Pleno,"Tisana de chá verde/limão light, de 1,5 l",,1.59,1.06,1500,L,€/L,,,https://driveimg1.intermarche.com/pt/Content/images/boitmal/produit/zoom/F6BF791EA11EAC23396FF6DFA2CA04B8.jpg,,,,2025-12-24T23:59:59Z,PROSPECTUS,14,2,,,
14977,5604260276035,150.0,PorSi,Presunto Fatiado 6 Meses de Cura 200g,,3.29,21.93,0,kg,€/Kg,,,https://driveimg1.intermarche.com/pt/Content/images/boitmal/produit/zoom/688C678F0C2B7E25A8D1F995520DCD58.jpg,,,,2025-12-24T23:59:59Z,PROSPECTUS,14,2,,,
16407,7622210352224,31.0,Royal,"Gelatina ananás 10kcal, embalagem de 30g",,1.44,46.45,0,kg,€/Kg,,,https://driveimg1.intermarche.com/pt/Content/images/boitmal/produit/zoom/0A257042CE178F542C5467E8BB39BB12.jpg,,,,2025-12-24T23:59:59Z,PROSPECTUS,14,2,,,
1676,5602711001304,1000.0,Rar,"Açúcar Branco Granulado, emb. 1kg",,1.59,1.59,0,kg,€/Kg,,,https://driveimg1.intermarche.com/pt/Content/images/boitmal/produit/zoom/AB41D357504046A91D49881E05A1C76F.jpg,,,,2025-12-24T23:59:59Z,PROSPECTUS,14,2,,,
1699,5603697270210,400.0,Koala,"Leite de Coco, lata 400 ml",,1.79,4.48,400,L,€/L,,,https://driveimg1.intermarche.com/pt/Content/images/boitmal/produit/zoom/303D461EF8DB6701173960E1D5A39E3B.jpg,,,,2025-12-24T23:59:59Z,PROSPECTUS,14,2,,,
20202,5601151976456,1000.0,Frize,"Água com gás limão/pepino/gengibre, pack 4 x 0.25 l",,2.09,2.09,1000,L,€/L,,,https://driveimg1.intermarche.com/pt/Content/images/boitmal/produit/zoom/8CC607BECDA933771553297655559077.jpg,,,,2025-12-24T23:59:59Z,PROSPECTUS,14,2,,,
21374,0000080310167,126.0,Kinder,"Chocolate maxi 6 barritas, embalagem de 130g",,2.19,17.38,0,kg,€/Kg,,,https://driveimg1.intermarche.com/pt/Content/images/boitmal/produit/zoom/B953B2821BB17E8C0C1131DF2F2984AB.jpg,,,,2025-12-24T23:59:59Z,PROSPECTUS,14,2,,,
21465,5449000085474,1500.0,Fanta,"Refrigerante com Gás Maracujá sem Açúcar, emb. 1,5 lt",,0.99,0.66,1500,L,€/L,,,https://driveimg1.intermarche.com/pt/Content/images/boitmal/produit/zoom/713F7A2E8FF1504D7580CF5EB99232C0.jpg,,,,2025-12-24T23:59:59Z,PROSPECTUS,14,2,,,
2187,5604260264063,225.0,PorSi,Tostas Integrais de Trigo 225g,,0.99,4.4,0,kg,€/Kg,,,https://driveimg1.intermarche.com/pt/Content/images/boitmal/produit/zoom/38E236E9FFAE4393086FA296588D7D87.jpg,,,,2025-12-24T23:59:59Z,PROSPECTUS,14,2,,,
22167,7613034944849,200.0,After Eight,"Bombons de Chocolate Negro com Menta, emb. 200 gr",Embalagem de 200g,3.99,19.95,0,kg,€/Kg,,,https://driveimg1.intermarche.com/pt/Content/images/boitmal/produit/zoom/245F7F4095BCE74B8441E4600DD3127A.jpg,,,,2025-12-24T23:59:59Z,PROSPECTUS,14,2,,,
22395,8712100745614,412.0,HellmannS,"Mionese top down, embalagem de 410g",,2.99,7.26,0,kg,€/Kg,,,https://driveimg1.intermarche.com/pt/Content/images/boitmal/produit/zoom/69FC39D7436E837B71E260D76DC0DC69.jpg,https://driveimg1.intermarche.com/pt/Content/images/boitmal/produit/zoom/8441A970BF19CB238C08CCCD9712CAB2.jpg,https://driveimg1.intermarche.com/pt/Content/images/boitmal/produit/zoom/8441A970BF19CB238C08CCCD9712CAB2.jpg,https://driveimg1.intermarche.com/pt/Content/images/boitmal/produit/zoom/8441A970BF19CB238C08CCCD9712CAB2.jpg,2025-12-24T23:59:59Z,PROSPECTUS,14,2,,,
2298,5604260304752,330.0,PorSi Select,Profiteroles de Nata 330g,,3.09,9.36,0,kg,€/Kg,,Tipo de stockagem,https://driveimg1.intermarche.com/pt/Content/images/boitmal/produit/zoom/062F9F109DDFD347BA6A3B0A6D375DD9.jpg,,,,2025-12-24T23:59:59Z,PROSPECTUS,14,2,,,
23276,5604260281299,175.0,Porsi Programa Origens,Salada Gourmet 175 G,,1.09,6.23,0,kg,€/Kg,,,https://driveimg1.intermarche.com/pt/Content/images/boitmal/produit/zoom/4B8FE4793F676EB4D411F04A36543FE6.jpg,,,,2025-12-24T23:59:59Z,PROSPECTUS,14,2,,,
23278,5604260281282,250.0,Porsi Programa Origens,Salada Toscana 250 G,,1.29,5.16,0,kg,€/Kg,,,https://driveimg1.intermarche.com/pt/Content/images/boitmal/produit/zoom/829819BF310BA689C7002E0655E64BF5.jpg,,,,2025-12-24T23:59:59Z,PROSPECTUS,14,2,,,
23582,5604260281275,175.0,Porsi Programa Origens,Salada Premium 175 G,,1.29,7.37,0,kg,€/Kg,,,https://driveimg1.intermarche.com/pt/Content/images/boitmal/produit/zoom/A8F765E7D8A6C281765A51B35764D182.jpg,,,,2025-12-24T23:59:59Z,PROSPECTUS,14,2,,,
26455,8006540830840,1250.0,Fairy,Detergente Líquido p/ Lavar Loiça Platinum Original,"Embalagem de 1,25 l",4.99,3.99,1250,L,€/L,,,https://driveimg1.intermarche.com/pt/Content/images/boitmal/produit/zoom/F9FB16396CA6333A721D98D1F2F69B67.jpg,,,,2025-12-24T23:59:59Z,PROSPECTUS,14,2,,,
2749,8410063046532,350.0,Pescanova,"Miolo de Camarão 80/100, emb. 350 gr",,6.99,19.97,0,kg,€/Kg,,Tipo de stockagem,https://driveimg1.intermarche.com/pt/Content/images/boitmal/produit/zoom/0EA75135180DC26543A97F342303334A.jpg,,,,2025-12-24T23:59:59Z,PROSPECTUS,14,2,,,
29082,5410976140122,250.0,Guylian,"Bombons Frutos do Mar, emb. 250 gr",,7.49,29.96,0,kg,€/Kg,,,https://driveimg1.intermarche.com/pt/Content/images/boitmal/produit/zoom/3C8BEB0B5F241708B6F819F9DEEA51D5.jpg,,,,2025-12-24T23:59:59Z,PROSPECTUS,14,2,,,
30414,4015400917304,480.0,Fairy,Detergente Liquido Loiça Original,480 ml,2.54,5.29,480,L,€/L,,,https://driveimg1.intermarche.com/pt/Content/images/boitmal/produit/zoom/BDA62A6B9333A70897E09AEAD0B62BBF.jpg,,,,2025-12-24T23:59:59Z,PROSPECTUS,14,2,,,
34115,5010504100095,700.0,Cutty Sark,Whisky,Garrafa de 700 ml,12.69,18.13,700,L,€/L,,,https://driveimg1.intermarche.com/pt/Content/images/boitmal/produit/zoom/2BC314804C41B6E623B4ADD6D620E800.jpg,,,,2025-12-24T23:59:59Z,PROSPECTUS,14,2,,,
36708,5604260296767,250.0,PorSi,Queijo Fresco Clássico 4x62.5g,,2.19,8.76,0,kg,€/Kg,,,https://driveimg1.intermarche.com/pt/Content/images/boitmal/produit/zoom/808A63EFAEF8DEF4BD0506202DEB45EF.jpg,,,,2025-12-24T23:59:59Z,PROSPECTUS,14,2,,,
36952,7613036862295,,Nescafé,"Cápsulas de Café Espresso Intenso Int 7, emb. 16 un",,5.19,5.19,16,,€/Unidade,,,https://driveimg1.intermarche.com/pt/Content/images/boitmal/produit/zoom/E961429E3414F1C39643E5CB1F2C82A7.jpg,,,,2025-12-24T23:59:59Z,PROSPECTUS,14,2,,,
37987,5601809011539,550.0,Riberalves,Lombos de bacalhau 4 meses de cura,Embalagem de 550 g,16.79,30.53,0,kg,€/Kg,,Tipo de stockagem,https://driveimg1.intermarche.com/pt/Content/images/boitmal/produit/zoom/9C6DE71E12945881D3F9808E35022C27.jpg,,,,2025-12-24T23:59:59Z,PROSPECTUS,14,2,,,
38130,5600208583005,700.0,Licor 35,"Licor de pastel de nata, garrafa de 700 ml",,13.19,18.84,700,L,€/L,,,https://driveimg1.intermarche.com/pt/Content/images/boitmal/produit/zoom/89EF3891C9A54F6981D6DFCB57C28FEA.jpg,,,,2025-12-24T23:59:59Z,PROSPECTUS,14,2,,,
392,8712566173860,68.0,Knorr,"Canja com aletria, embalagem de 70g",,1.69,24.85,0,kg,€/Kg,,,https://driveimg1.intermarche.com/pt/Content/images/boitmal/produit/zoom/0FDE190C3180267DE92D355FE905E718.jpg,,,,2025-12-24T23:59:59Z,PROSPECTUS,14,2,,,
41065,5604649919805,300.0,Fruta,Abacate categoria II,Embalagem de 300 g,1.99,6.63,0,kg,€/Kg,,,https://driveimg1.intermarche.com/pt/Content/images/boitmal/produit/zoom/93A72763F7A087227DE3798E6EF50F82.jpg,,,,2025-12-24T23:59:59Z,PROSPECTUS,14,2,,,
41379,5604260306299,170.0,PorSi,Fuet Extra 170g,,2.29,13.47,0,kg,€/Kg,,,https://driveimg1.intermarche.com/pt/Content/images/boitmal/produit/zoom/E72FBE14A87755C6B100EA1587C2FA99.jpg,,,,2025-12-24T23:59:59Z,PROSPECTUS,14,2,,,
419,8718114882536,50.0,Knorr,"Sopa de cebola, embalagem de 50g",,1.69,33.8,0,kg,€/Kg,,,https://driveimg1.intermarche.com/pt/Content/images/boitmal/produit/zoom/40DE8A4B0CCB6E254052E81CFB00180A.jpg,,,,2025-12-24T23:59:59Z,PROSPECTUS,14,2,,,
45773,5054563087829,75.0,Aquafresh,"Pasta dentífrica eucalipto, lima e menta",Embalagem de 75ml,1.84,24.53,75,L,€/L,,,https://driveimg1.intermarche.com/pt/Content/images/boitmal/produit/zoom/1F94A046F2A6C727F7B6BE2D468B428F.jpg,,,,2025-12-24T23:59:59Z,PROSPECTUS,14,2,,,
46517,5000204208917,750.0,Pato,"Abrasivo Sanitário Líquido Ação Total Pinho, emb. 750 ml",,1.94,2.59,750,L,€/L,,,https://driveimg1.intermarche.com/pt/Content/images/boitmal/produit/zoom/08C17A1F547C898E2E6E9CBB3441BB2A.jpg,,,,2025-12-24T23:59:59Z,PROSPECTUS,14,2,,,
46518,5000204208856,750.0,Pato,"Abrasivo Sanitário Líquido Ação Total Menta, emb. 750 ml",,1.94,2.59,750,L,€/L,,,https://driveimg1.intermarche.com/pt/Content/images/boitmal/produit/zoom/8D02BC7C70B0CBFEDA11FE724DDAAE84.jpg,,,,2025-12-24T23:59:59Z,PROSPECTUS,14,2,,,
4687,5000116105212,375.0,Iglo,"Ervilhas, embalagem de 375g",,1.89,5.04,0,kg,€/Kg,,Tipo de stockagem,https://driveimg1.intermarche.com/pt/Content/images/boitmal/produit/zoom/6C528FEBBEDC5462386A3AB117EEBFD4.jpg,,,,2025-12-24T23:59:59Z,PROSPECTUS,14,2,,,
47017,5604260319299,100.0,PorSi Select,Bombons Praliné Avelã,100 g,1.49,14.9,0,kg,€/Kg,,,https://driveimg1.intermarche.com/pt/Content/images/boitmal/produit/zoom/F0690628AEF3AED39886291AC77F51A9.jpg,,,,2025-12-24T23:59:59Z,PROSPECTUS,14,2,,,
47548,5604260319077,200.0,PorSi Select,Bombons Luxo Belga,Embalagem de 200 g,5.99,29.95,0,kg,€/Kg,,,https://driveimg1.intermarche.com/pt/Content/images/boitmal/produit/zoom/6E454FDCC9771E04A1EC3132E407019F.jpg,,,,2025-12-24T23:59:59Z,PROSPECTUS,14,2,,,
48075,5604260320868,,PorSi,Pensos Higiénicos Ultrafinos Noite com Abas - 10 Unidades,,1.19,1.19,0,,€/Unidade,,,https://driveimg1.intermarche.com/pt/Content/images/boitmal/produit/zoom/12ADA0D268721D24041379800219E3C0.jpg,,,,2025-12-24T23:59:59Z,PROSPECTUS,14,2,,,
48300,5604260314294,,PorSi Select,Guardanapo 39x39cm Vermelho 2 Folhas 40 Unidades,,1.86,1.86,0,,€/Unidade,,,https://driveimg1.intermarche.com/pt/Content/images/boitmal/produit/zoom/B41E9D83050C93FBB6F4EF011C8E5EE6.jpg,,,,2025-12-24T23:59:59Z,PROSPECTUS,14,2,,,
49460,7613287300362,99.0,Nescafé,Café Buondi Intensidade 8,16 cápsulas,4.94,49.9,0,kg,€/Kg,,,https://driveimg1.intermarche.com/pt/Content/images/boitmal/produit/zoom/E4BCDB4A1998B45DA9767B093A961A1E.jpg,,,,2025-12-24T23:59:59Z,PROSPECTUS,14,2,,,
49831,8445290157348,390.0,Nesquik,"Achocolatado em pó, embalagem de 390g",,2.99,7.67,0,kg,€/Kg,,,https://driveimg1.intermarche.com/pt/Content/images/boitmal/produit/zoom/1C8D0ADDD419DD646B2CF36E18D3378F.jpg,,,,2025-12-24T23:59:59Z,PROSPECTUS,14,2,,,
50587,7622210597380,110.0,Milka,Bombons chocolate e avelã,Embalagem de 110g,4.49,40.82,0,kg,€/Kg,,,https://driveimg1.intermarche.com/pt/Content/images/boitmal/produit/zoom/8ADB6AE3F0895971BD69D79D4A37DCFC.jpg,,,,2025-12-24T23:59:59Z,PROSPECTUS,14,2,,,
51908,3073781193169,125.0,A Vaca Que Ri,"Queijo fundido light, 125g",,1.79,14.32,0,kg,€/Kg,,,https://driveimg1.intermarche.com/pt/Content/images/boitmal/produit/zoom/0730F035573CDD0EAEF7489551EC059B.jpg,,,,2025-12-24T23:59:59Z,PROSPECTUS,14,2,,,
51917,8410500020644,280.0,Danone,Iogurte infantil danonino morango banana 4x70g,,2.19,7.82,0,kg,€/Kg,,,https://driveimg1.intermarche.com/pt/Content/images/boitmal/produit/zoom/3220973BC3DB4CAD23E73E6374D1D5D5.jpg,,,,2025-12-24T23:59:59Z,PROSPECTUS,14,2,,,
52054,7622201735111,360.0,Royal,"Gelatina pronta morango, embalagem de 360g",,1.59,4.42,0,kg,€/Kg,,,https://driveimg1.intermarche.com/pt/Content/images/boitmal/produit/zoom/FB7C80DDF1139FB27B185C5777E16855.jpg,,,,2025-12-24T23:59:59Z,PROSPECTUS,14,2,,,
52377,8720181385131,,Skip,Detergente Máquina Roupa Líquido Sabão Natural,100 Doses,12.99,12.99,0,,€/Unidade,,,https://driveimg1.intermarche.com/pt/Content/images/boitmal/produit/zoom/B7482844827C04E8BE654EF9B7B49DD3.jpg,,,,2025-12-24T23:59:59Z,PROSPECTUS,14,2,,,
52636,8719200269026,400.0,Planta,"Creme vegetal para barrar, 400g",,2.96,7.4,0,kg,€/Kg,,,https://driveimg1.intermarche.com/pt/Content/images/boitmal/produit/zoom/F65911004A3F054AD79E8D4223582388.jpg,,,,2025-12-24T23:59:59Z,PROSPECTUS,14,2,,,
5272,5601164902312,4800.0,Super Bock,"Cerveja com álcool, pack 24 x 0.20 l",,9.99,2.08,4800,L,€/L,,,https://driveimg1.intermarche.com/pt/Content/images/boitmal/produit/zoom/A98E5FF8E5DDF166F2B333F0EE0114E7.jpg,https://driveimg1.intermarche.com/pt/Content/images/boitmal/produit/zoom/C2C2858ADC421F33AF17C6115D108100.jpg,,,2025-12-24T23:59:59Z,PROSPECTUS,14,2,,,
52883,8719200267824,1000.0,Planta,"Creme vegetal para barrar original, 1 kg",,5.49,5.49,0,kg,€/Kg,,,https://driveimg1.intermarche.com/pt/Content/images/boitmal/produit/zoom/936FEB2670E44E85562B9564D40B3E6A.jpg,https://driveimg1.intermarche.com/pt/Content/images/boitmal/produit/zoom/CBB4812E883E0A943660F7C5BD667E18.jpg,https://driveimg1.intermarche.com/pt/Content/images/boitmal/produit/zoom/CBB4812E883E0A943660F7C5BD667E18.jpg,,2025-12-24T23:59:59Z,PROSPECTUS,14,2,,,
53208,8719200268647,1000.0,Vaqueiro,"Creme vegetal culinária clássico, 1 kg",,2.99,2.99,0,kg,€/Kg,,,https://driveimg1.intermarche.com/pt/Content/images/boitmal/produit/zoom/0735A691FAA77E120C1E24086E19EA16.jpg,https://driveimg1.intermarche.com/pt/Content/images/boitmal/produit/zoom/DD9C237337ADB2608A1427FA94442244.jpg,https://driveimg1.intermarche.com/pt/Content/images/boitmal/produit/zoom/DD9C237337ADB2608A1427FA94442244.jpg,https://driveimg1.intermarche.com/pt/Content/images/boitmal/produit/zoom/DD9C237337ADB2608A1427FA94442244.jpg,2025-12-24T23:59:59Z,PROSPECTUS,14,2,,,
53469,5601028019941,,Renova,Rolo Cozinha Máxima Absorção Extra XXL,Embalagem de 2 unidades,1.99,1.99,2,,€/Unidade,,,https://driveimg1.intermarche.com/pt/Content/images/boitmal/produit/zoom/F4A90C9D477EA88B96B77E4FB64FF1F5.jpg,,,,2025-12-24T23:59:59Z,PROSPECTUS,14,2,,,
54361,8410104915186,,Finish,"Detergente Loiça Máquina Quantum Limão, 28 Pastilhas",,5.99,5.99,0,,€/Unidade,,,https://driveimg1.intermarche.com/pt/Content/images/boitmal/produit/zoom/AF6445EE2B2537230E8784866A377CB3.jpg,,,,2025-12-24T23:59:59Z,PROSPECTUS,14,2,,,
54362,8410104914127,,Finish,"Detergente loiça máquina ultimate limão, 32 pastilhas",,9.49,9.49,32,,€/Unidade,,,https://driveimg1.intermarche.com/pt/Content/images/boitmal/produit/zoom/1D3A215F5E688CA6FF7E7D1EDBD7C601.jpg,,,,2025-12-24T23:59:59Z,PROSPECTUS,14,2,,,
54794,5603722521546,604.0,Mimosa,"Iogurte liquido banana, 4 x 151 ml",,1.37,2.27,604,L,€/L,,,https://driveimg1.intermarche.com/pt/Content/images/boitmal/produit/zoom/23212EB7A3AC6B5E99AFE5AEC8D0F7DF.jpg,,,,2025-12-24T23:59:59Z,PROSPECTUS,14,2,,,
54797,5603722521553,604.0,Mimosa,"Iogurte liquido ananás, 4 x 151 ml",,1.37,2.27,604,L,€/L,,,https://driveimg1.intermarche.com/pt/Content/images/boitmal/produit/zoom/AC167FACDAEDD67B0D74169E2A434E3E.jpg,,,,2025-12-24T23:59:59Z,PROSPECTUS,14,2,,,
54802,5603722521539,604.0,Mimosa,"Iogurte liquido morango, 4 x 151 ml",,1.37,2.27,604,L,€/L,,,https://driveimg1.intermarche.com/pt/Content/images/boitmal/produit/zoom/FB51425211E1948B683D88C51AE1A4C5.jpg,,,,2025-12-24T23:59:59Z,PROSPECTUS,14,2,,,
54804,5603722521584,604.0,Mimosa,"Iogurte liquido pinacolada, 4x151 ml",,1.37,2.27,604,L,€/L,,,https://driveimg1.intermarche.com/pt/Content/images/boitmal/produit/zoom/8E6126D08298F97351679D3A95D611FA.jpg,,,,2025-12-24T23:59:59Z,PROSPECTUS,14,2,,,
54870,8700216609616,450.0,Fairy,"Detergente Manual Loiça Maxi Poder Limão, 450ml",,2.99,6.64,450,L,€/L,,,https://driveimg1.intermarche.com/pt/Content/images/boitmal/produit/zoom/81D44E99D044577B7484666755EA0354.jpg,,,,2025-12-24T23:59:59Z,PROSPECTUS,14,2,,,
54908,8720181468452,720.0,Dove,"Gel De Banho Silky Velvet, 720ml",,7.99,11.1,720,L,€/L,,,https://driveimg1.intermarche.com/pt/Content/images/boitmal/produit/zoom/B4B8973AC1CFAE2318D36A45878739E2.jpg,,,,2025-12-24T23:59:59Z,PROSPECTUS,14,2,,,
55022,8711327624917,280.0,Magnum,"Gelado After Dinner, 8 x 35ml",,4.19,14.96,280,L,€/L,,Tipo de stockagem,https://driveimg1.intermarche.com/pt/Content/images/boitmal/produit/zoom/01E85D0D7CFD27050DD90D8BA136172A.jpg,,,,2025-12-24T23:59:59Z,PROSPECTUS,14,2,,,
56190,5604260337491,200.0,PorSi,Batatas Fritas Palha Fina 200g,,1.09,5.45,0,kg,€/Kg,,,https://driveimg1.intermarche.com/pt/Content/images/boitmal/produit/zoom/9208BA6719DBDC25994E7345CE7621EB.jpg,,,,2025-12-24T23:59:59Z,PROSPECTUS,14,2,,,
56255,5604260336371,630.0,PorSi,Tomate Frito Tetra 3x210g,,1.39,2.21,0,kg,€/Kg,,,https://driveimg1.intermarche.com/pt/Content/images/boitmal/produit/zoom/7E2318A12844DDB9F5AF4A60AAB6D23D.jpg,,,,2025-12-24T23:59:59Z,PROSPECTUS,14,2,,,
6037,5606215050011,750.0,Raposeira,Espumante meio seco reserva,Garrafa de 0.75 l,7.99,10.65,750,L,€/L,,,https://driveimg1.intermarche.com/pt/Content/images/boitmal/produit/zoom/044941B59EA88601A39BA3F3C187937B.jpg,,,,2025-12-24T23:59:59Z,PROSPECTUS,14,2,,,
6267,8016825926687,75.0,Aquafresh,Pasta dentífrica menta fresca,Embalagem de 75 ml,1.84,24.53,75,L,€/L,,,https://driveimg1.intermarche.com/pt/Content/images/boitmal/produit/zoom/5AF61545461116CEF40994D7E37A4C54.jpg,,,,2025-12-24T23:59:59Z,PROSPECTUS,14,2,,,
6475,8410436242264,1100.0,Sonasol,"Lava Tudo Brilhante Madeira, embalagem 1,1l",,2.99,2.72,1100,L,€/L,,,https://driveimg1.intermarche.com/pt/Content/images/boitmal/produit/zoom/253E2DA4BDA6D34BDD85D7C760DD7434.jpg,,,,2025-12-24T23:59:59Z,PROSPECTUS,14,2,,,
6476,8410436242295,1100.0,Sonasol,"Lava Tudo Brilhante Universal, embalagem 1,1l",,2.99,2.72,1100,L,€/L,,,https://driveimg1.intermarche.com/pt/Content/images/boitmal/produit/zoom/D0CE1B4731EB3A85F4B6D327C2738F50.jpg,,,,2025-12-24T23:59:59Z,PROSPECTUS,14,2,,,
7324,3228020390131,250.0,President,"Manteiga magra meio sal, embalagem de 250g",,2.69,10.76,0,kg,€/Kg,,,https://driveimg1.intermarche.com/pt/Content/images/boitmal/produit/zoom/331DC0C2868698A1CF61BBA910E6E1D6.jpg,,,,2025-12-24T23:59:59Z,PROSPECTUS,14,2,,,
8388,5601049152993,1000.0,Mimosa,"Leite especial cálcio + vitamina d m/g, de 1l",,1.0,1.0,1000,L,€/L,,,https://driveimg1.intermarche.com/pt/Content/images/boitmal/produit/zoom/AE995344CF7D57F674EA8EE465C57CA4.jpg,,,,2025-12-24T23:59:59Z,PROSPECTUS,14,2,,,
8413,8410500008932,600.0,Danone,"Iogurte Líquido Defesa Morango, emb. 600 gr (6 x 100 gr)",,3.09,5.15,0,kg,€/Kg,,,https://driveimg1.intermarche.com/pt/Content/images/boitmal/produit/zoom/F5F985DE2C1FEBCCE4ED6002098F416C.jpg,,,,2025-12-24T23:59:59Z,PROSPECTUS,14,2,,,
8534,5601119957183,120.0,Campofrio,"Peito peru forno lenha fatias clássicas, embalagem de 120g",,2.39,19.92,0,kg,€/Kg,,,https://driveimg1.intermarche.com/pt/Content/images/boitmal/produit/zoom/623D6B2EB3EE61B2128AE1B5E62C0910.jpg,,,,2025-12-24T23:59:59Z,PROSPECTUS,14,2,,,
8538,5601119957213,120.0,Campofrio,"Peito frango forno lenha fatias finas, embalagem de 120g",,2.39,19.92,0,kg,€/Kg,,,https://driveimg1.intermarche.com/pt/Content/images/boitmal/produit/zoom/73C7285F6ACF8A124F339DF62D4EEA07.jpg,,,,2025-12-24T23:59:59Z,PROSPECTUS,14,2,,,
8895,5601332000475,750.0,Ramos Pinto,Vinho do porto lágrima tinto,"Garrafa de 0,75L",9.99,13.32,750,L,€/L,,,https://driveimg1.intermarche.com/pt/Content/images/boitmal/produit/zoom/3664D0270048D0C57BE7CE267D1963D2.jpg,,,,2025-12-24T23:59:59Z,PROSPECTUS,14,2,,,
8996,5601511000357,200.0,Limiano,"Queijo em fatias -50% gordura, 200g",,2.39,11.95,0,kg,€/Kg,,,https://driveimg1.intermarche.com/pt/Content/images/boitmal/produit/zoom/5203F2A7A115B3ECA4D9EF7A3500C13D.jpg,,,,2025-12-24T23:59:59Z,PROSPECTUS,14,2,,,
1042,5601055008550,200.0,Pantagruel,"Chocolate culinário 70% cacau, embalagem de 200g",,4.99,24.95,0,kg,€/Kg,,,https://driveimg1.intermarche.com/pt/Content/images/boitmal/produit/zoom/3690A5270C254F91A8C67311038991B7.jpg,,,,2025-12-24T23:59:59Z,PROSPECTUS,14,2,,,
1044,5601055091040,125.0,Pantagruel,"Chocolate culinário em pó, embalagem de 130g",,1.89,15.12,0,kg,€/Kg,,,https://driveimg1.intermarche.com/pt/Content/images/boitmal/produit/zoom/EC39818FB7DAC7B6D92FD68237D46905.jpg,,,,2025-12-24T23:59:59Z,PROSPECTUS,14,2,,,
1108,5601066300087,500.0,Nacional,"Massa de cotovelinhos, embalagem de 500g",,0.89,1.78,0,kg,€/Kg,,,https://driveimg1.intermarche.com/pt/Content/images/boitmal/produit/zoom/85D4AC87404986F6E33A67AEEDC0D0E8.jpg,,,,2025-12-24T23:59:59Z,PROSPECTUS,14,2,,,
1142,5601082026954,55.0,Delta Q,Café em cápsulas  qonvictus,Embalagem de 55 g,3.99,72.55,0,kg,€/Kg,,,https://driveimg1.intermarche.com/pt/Content/images/boitmal/produit/zoom/2BCCE3D035FB6F5D7FC434FDA25E120B.jpg,,,,2025-12-24T23:59:59Z,PROSPECTUS,14,2,,,
11477,5601043114119,425.0,Branca de neve,"Preparado para Bolo de Laranja, emb. 450 gr",,2.89,6.8,0,kg,€/Kg,,,https://driveimg1.intermarche.com/pt/Content/images/boitmal/produit/zoom/A334D02D82E79136E37A2A7E1095735C.jpg,,,,2025-12-24T23:59:59Z,PROSPECTUS,14,2,,,
11524,5601051420028,250.0,Primor,Manteiga sem sal,Embalagem de 250g,2.14,8.56,0,kg,€/Kg,,,https://driveimg1.intermarche.com/pt/Content/images/boitmal/produit/zoom/0C41B270FBA7B622E759FBA7E3B6B1CD.jpg,,,,2025-12-24T23:59:59Z,PROSPECTUS,14,2,,,
11942,5603533492202,1000.0,Frize,"Água com gás groselha, pack 4 x 0.25 l",,2.09,2.09,1000,L,€/L,,,https://driveimg1.intermarche.com/pt/Content/images/boitmal/produit/zoom/9F272D120CD1620A52E8FDFD1398797A.jpg,,,,2025-12-24T23:59:59Z,PROSPECTUS,14,2,,,
11950,5603722495106,200.0,Mimosa,"Nata uht light, embalagem de 200 ml",,0.91,4.55,200,L,€/L,,,https://driveimg1.intermarche.com/pt/Content/images/boitmal/produit/zoom/B134F58E2258EB7BCE2AC1B56CF95546.jpg,,,,2025-12-24T23:59:59Z,PROSPECTUS,14,2,,,
11974,5603722508752,200.0,Castelões,"Queijo em fatias original, embalagem de 200g",,2.19,10.95,0,kg,€/Kg,,,https://driveimg1.intermarche.com/pt/Content/images/boitmal/produit/zoom/9709716796DE3B121923F09B97DF17ED.jpg,,,,2025-12-24T23:59:59Z,PROSPECTUS,14,2,,,
12356,8410108122535,,Dodot,Toalhitas Sensitive |Recarga,Pack: 4 x54 unidades,5.99,5.99,0,,€/Unidade,,,https://driveimg1.intermarche.com/pt/Content/images/boitmal/produit/zoom/2D442A68E931C2DF1957ADA0EF3AD2F3.jpg,https://driveimg1.intermarche.com/pt/Content/images/boitmal/produit/zoom/47D40D02C955E98DB96B03E04432FF85.jpg,https://driveimg1.intermarche.com/pt/Content/images/boitmal/produit/zoom/47D40D02C955E98DB96B03E04432FF85.jpg,,2025-12-24T23:59:59Z,PROSPECTUS,14,2,,,
12379,8410285015354,250.0,Président,"Chantilly , embalagem de 250 g",,2.69,10.76,0,kg,€/Kg,,,https://driveimg1.intermarche.com/pt/Content/images/boitmal/produit/zoom/E0C73A85F9CF705E2D07E158861B3F39.jpg,,,,2025-12-24T23:59:59Z,PROSPECTUS,14,2,,,
12426,8411134112804,,Control,12 Preservativos Adapta Finíssimo,,7.69,7.69,0,,€/Unidade,,,https://driveimg1.intermarche.com/pt/Content/images/boitmal/produit/zoom/B91BAE1077CB2520CD7FFEBB885B9986.jpg,https://driveimg1.intermarche.com/pt/Content/images/boitmal/produit/zoom/0249329A134B1716C9019348A212960F.jpg,,,2025-12-24T23:59:59Z,PROSPECTUS,14,2,,,
1274,5601151070758,410.0,Compal,"Feijão manteiga, lata de 410 ml",,1.09,2.66,410,L,€/L,,,https://driveimg1.intermarche.com/pt/Content/images/boitmal/produit/zoom/F168BC675838A1B24B473123F714EAB2.jpg,,,,2025-12-24T23:59:59Z,PROSPECTUS,14,2,,,
1279,5601151123362,1000.0,Bongo,"Néctar de 8 frutos, garrafa de 1l",,1.35,1.35,1000,L,€/L,,,https://driveimg1.intermarche.com/pt/Content/images/boitmal/produit/zoom/DDDD7150C72E25EE2FF7F3F4EC28BE9B.jpg,,,,2025-12-24T23:59:59Z,PROSPECTUS,14,2,,,
1285,5601151160060,410.0,Compal,"Ervilhas, lata com 410 ml",,1.09,2.66,410,L,€/L,,,https://driveimg1.intermarche.com/pt/Content/images/boitmal/produit/zoom/5A637F1F1A9D6D5D73CF74D3CBF9A0F4.jpg,,,,2025-12-24T23:59:59Z,PROSPECTUS,14,2,,,
1287,5601151260753,410.0,Compal,"Grão de bico, lata de 410 ml",,1.09,2.66,410,L,€/L,,,https://driveimg1.intermarche.com/pt/Content/images/boitmal/produit/zoom/731C3C517063722402F07A7D8ECB2B92.jpg,,,,2025-12-24T23:59:59Z,PROSPECTUS,14,2,,,
12897,2893292000000,400.0,Programa Origens,Robalo de Viveiro,1 un= 400 gr (aprox.),3.6,8.99,0,,€/Kg,,,https://driveimg1.intermarche.com/pt/Content/images/boitmal/produit/zoom/A18AB1106CC04B724D3EE606D0927341.jpg,,,,2025-12-24T23:59:59Z,PROSPECTUS,14,2,,,
13541,2893533000000,250.0,Congelado de Aquicultura,Camarão Congelado 60/80,1 un = 250 gr  (aprox.),1.75,6.99,0,,€/Kg,,Avantages !,https://driveimg1.intermarche.com/pt/Content/images/boitmal/produit/zoom/29A2DFA509FFDAFCD18E7F308BD753B4.jpg,,,,2025-12-24T23:59:59Z,PROSPECTUS,14,2,,,
13990,2696200000000,,Pastelaria,Folhado de salsichas,1 unidade = 110 g,0.89,0.89,0,,€/Unidade,,,https://driveimg1.intermarche.com/pt/Content/images/boitmal/produit/zoom/4DCF72DC736051BE772FEB48C9B7E455.jpg,,,,2025-12-24T23:59:59Z,PROSPECTUS,14,2,,,
14169,5601151734452,1000.0,Compal,"Sumo 100% maçã, 1 litro",,1.49,1.49,1000,L,€/L,,,https://driveimg1.intermarche.com/pt/Content/images/boitmal/produit/zoom/3B7D32B63074578EB7477E7E971C8957.jpg,,,,2025-12-24T23:59:59Z,PROSPECTUS,14,2,,,
14230,5601089080829,113.0,Royal,"Fermento em pó, lata 110g",,1.59,14.07,0,kg,€/Kg,,,https://driveimg1.intermarche.com/pt/Content/images/boitmal/produit/zoom/24CF6B830E9333635B517F9E014F6916.jpg,,,,2025-12-24T23:59:59Z,PROSPECTUS,14,2,,,
14510,5411188116592,1000.0,Alpro,"Bebida coco, embalagem de 1l",,1.99,1.99,1000,L,€/L,,,https://driveimg1.intermarche.com/pt/Content/images/boitmal/produit/zoom/3169716B6C6ACB981FBF106D130524DA.jpg,,,,2025-12-24T23:59:59Z,PROSPECTUS,14,2,,,
14698,7613034570512,90.0,Nestlé,"Fruta para bebé 4 frutas +4 meses, embalagem de 90g",,0.65,7.22,0,kg,€/Kg,,,https://driveimg1.intermarche.com/pt/Content/images/boitmal/produit/zoom/3717C2AF583A80AD83A765BB8032F767.jpg,,,,2025-12-24T23:59:59Z,PROSPECTUS,14,2,,,
14865,2696212000000,,Pastelaria,Folhado Misto 90 g,,0.79,0.79,0,,€/Unidade,,,https://driveimg1.intermarche.com/pt/Content/images/boitmal/produit/zoom/164C27A781A7C68A965295D85BB7D95F.jpg,,,,2025-12-24T23:59:59Z,PROSPECTUS,14,2,,,
14971,3083681022803,400.0,Bonduelle,"Brócolos, emb. 400 gr",Embalagem de 400g,1.69,4.23,0,kg,€/Kg,,Tipo de stockagem,https://driveimg1.intermarche.com/pt/Content/images/boitmal/produit/zoom/BAD37548AE8D4A0D4C5D58D6BD0B7B47.jpg,,,,2025-12-24T23:59:59Z,PROSPECTUS,14,2,,,
15012,2892549000000,1000.0,PorSi,Couve Penca (Portuguesa) Programa Origens,1 un = 1 kg (aprox.),0.99,0.99,0,,€/Kg,,,https://driveimg1.intermarche.com/pt/Content/images/boitmal/produit/zoom/2D88A7369B0931B4598995700335AAA4.jpg,,,,2025-12-24T23:59:59Z,PROSPECTUS,14,2,,,
15503,8410500018931,400.0,Danonino Danone,"Iogurte líquido danonino tutti frutti, embalagem de 4 x 100 g",,2.09,5.23,0,kg,€/Kg,,,https://driveimg1.intermarche.com/pt/Content/images/boitmal/produit/zoom/49D4DFA8C6DABEB79926D4F0312C64D8.jpg,,,,2025-12-24T23:59:59Z,PROSPECTUS,14,3,,,
15981,5601119244375,210.0,Nobre,"Salsichas de Frango Cuida-t+ Frasco 4 un, emb. 210 gr",,2.55,12.14,0,kg,€/Kg,,,https://driveimg1.intermarche.com/pt/Content/images/boitmal/produit/zoom/FF112EFB90E4953B2240BF7E131FD2C0.jpg,,,,2025-12-24T23:59:59Z,PROSPECTUS,14,3,,,
16014,2892074000000,200.0,Fruta,Goiaba Vermelha,1 un = 200 gr (aprox.),1.2,5.99,0,,€/Kg,,,https://driveimg1.intermarche.com/pt/Content/images/boitmal/produit/zoom/0DBDEE57C12745682A07DB1B29EB0A61.jpg,,,,2025-12-24T23:59:59Z,PROSPECTUS,14,3,,,
16046,5604260276875,400.0,PorSi,Caramelo Líquido 400g,,1.59,3.98,0,kg,€/Kg,,,https://driveimg1.intermarche.com/pt/Content/images/boitmal/produit/zoom/3C1A647CB04E76E9FC92AED572B6DBAA.jpg,,,,2025-12-24T23:59:59Z,PROSPECTUS,14,3,,,
16404,7622210369994,31.0,Royal,"Gelatina melancia 10kcal, 31g",,1.44,46.45,0,kg,€/Kg,,,https://driveimg1.intermarche.com/pt/Content/images/boitmal/produit/zoom/6F953AC44215BADEA1D4C5B2E0DC15E2.jpg,,,,2025-12-24T23:59:59Z,PROSPECTUS,14,3,,,
16405,7622210369970,31.0,Royal,"Gelatina limão 10kcal, 30g",,1.44,46.45,0,kg,€/Kg,,,https://driveimg1.intermarche.com/pt/Content/images/boitmal/produit/zoom/7AA2E36D9ABF6112C08AB10A3E88D801.jpg,,,,2025-12-24T23:59:59Z,PROSPECTUS,14,3,,,
16406,7622210352231,31.0,Royal,"Gelatina frutos tropicais 10kcal, 30g",,1.44,46.45,0,kg,€/Kg,,,https://driveimg1.intermarche.com/pt/Content/images/boitmal/produit/zoom/0B3BA156EC613D4E9D8ADDCBB32811AB.jpg,,,,2025-12-24T23:59:59Z,PROSPECTUS,14,3,,,
16532,8410104156640,250.0,Air Wick,"Ambientador recarga delícias de verão, de 250 ml",,3.59,14.36,250,L,€/L,,,https://driveimg1.intermarche.com/pt/Content/images/boitmal/produit/zoom/D59CDBF009CEE64C14901102B4C0C5EA.jpg,,,,2025-12-24T23:59:59Z,PROSPECTUS,14,3,,,
1678,5602711001502,1000.0,Rar,"Açúcar Fino, emb. 1 kg",Embalagem de 1000 g,1.39,1.39,0,kg,€/Kg,,,https://driveimg1.intermarche.com/pt/Content/images/boitmal/produit/zoom/F28D4E79720B795446B173D73EE28A7A.jpg,,,,2025-12-24T23:59:59Z,PROSPECTUS,14,3,,,
17115,5000116110155,640.0,Capitão Iglo,"Hambúrgueres de Vaca sem Glúten, emb. 640 gr (8 un)",Embalagem de 640g,7.99,12.48,0,kg,€/Kg,,Tipo de stockagem,https://driveimg1.intermarche.com/pt/Content/images/boitmal/produit/zoom/6FAFE9FC4DDEB6CE7DCD2D721BE41E81.jpg,,,,2025-12-24T23:59:59Z,PROSPECTUS,14,3,,,
17129,2892093000000,250.0,Fruta,Maracujá Roxo,1 un = 250 gr  (aprox.),2.12,8.49,0,,€/Kg,,,https://driveimg1.intermarche.com/pt/Content/images/boitmal/produit/zoom/F8928754EE501FCBE5037057AF6EF4AD.jpg,,,,2025-12-24T23:59:59Z,PROSPECTUS,14,3,,,
17595,5411188115366,1000.0,Alpro,"Bebida aveia, embalagem de 1 litro",,1.99,1.99,1000,L,€/L,,,https://driveimg1.intermarche.com/pt/Content/images/boitmal/produit/zoom/F5E08DFF719942D46F9D4BF500500435.jpg,,,,2025-12-24T23:59:59Z,PROSPECTUS,14,3,,,
17726,5601007000601,1500.0,Esteva,Conjunto Vinho tinto DOC Douro,Conj 2X75 cl,7.99,5.33,1500,L,€/L,,,https://driveimg1.intermarche.com/pt/Content/images/boitmal/produit/zoom/F5519A144EE41C30166FE163E76ED231.jpg,,,,2025-12-24T23:59:59Z,PROSPECTUS,14,3,,,
18261,3147690016304,750.0,Cruz,Vinh do porto ruby,Garrafa de 750 ml,5.49,7.32,750,L,€/L,,,https://driveimg1.intermarche.com/pt/Content/images/boitmal/produit/zoom/E4AAD8D82BD58FEDC8637FEC2C456459.jpg,,,,2025-12-24T23:59:59Z,PROSPECTUS,14,3,,,
18841,5601070000140,500.0,Cristal,"Vinagre de vinho tinto, garrafa de 500 ml",,1.16,2.32,500,L,€/L,,,https://driveimg1.intermarche.com/pt/Content/images/boitmal/produit/zoom/65AC8A7F4F6F2DE3D7B8C7A5CA2AA682.jpg,,,,2025-12-24T23:59:59Z,PROSPECTUS,14,3,,,
1964,5604260061549,210.0,PorSi,Wafer Baunilha 210g,,1.17,5.57,0,kg,€/Kg,,,https://driveimg1.intermarche.com/pt/Content/images/boitmal/produit/zoom/AE1901FA5655C3C5C219D23CA15136C7.jpg,,,,2025-12-24T23:59:59Z,PROSPECTUS,14,3,,,
2004,5604260095483,250.0,PorSi Select,Vinagre Balsâmico de Modena 250ml,,1.25,5.0,250,L,€/L,,,https://driveimg1.intermarche.com/pt/Content/images/boitmal/produit/zoom/8CCAF5050BAB206C331B17751AD5E5E3.jpg,,,,2025-12-24T23:59:59Z,PROSPECTUS,14,3,,,
2009,5604260127313,300.0,PorSi,Mini Rissóis Camarão 300g,,1.99,6.63,0,kg,€/Kg,,Tipo de stockagem,https://driveimg1.intermarche.com/pt/Content/images/boitmal/produit/zoom/4EBA2871A48392DB00A0784C4435D001.jpg,,,,2025-12-24T23:59:59Z,PROSPECTUS,14,3,,,
2010,5604260127320,300.0,PorSi,Mini Rissóis de Carne 300g,,1.99,6.63,0,kg,€/Kg,,Tipo de stockagem,https://driveimg1.intermarche.com/pt/Content/images/boitmal/produit/zoom/4557F15A48F02CB687792AC743BB9E99.jpg,,,,2025-12-24T23:59:59Z,PROSPECTUS,14,3,,,
20264,5000116110872,180.0,Iglo,"Crocantes frango parmesão e ervas, embalagem de 180g",,3.74,20.78,0,kg,€/Kg,,Tipo de stockagem,https://driveimg1.intermarche.com/pt/Content/images/boitmal/produit/zoom/FA238D0C01D11590AA8A8E09CE288246.jpg,,,,2025-12-24T23:59:59Z,PROSPECTUS,14,3,,,
2044,5604260162819,800.0,PorSi,Polvo Limpo 800g,,10.99,13.74,0,kg,€/Kg,,Tipo de stockagem,https://driveimg1.intermarche.com/pt/Content/images/boitmal/produit/zoom/02CF4CCD859FE5868772BC9E65725B72.jpg,,,,2025-12-24T23:59:59Z,PROSPECTUS,14,3,,,
20468,5601385503176,,Aquafresh,Escova de Dentes Extra Interdental,1 + 1 unidades,2.59,2.59,0,,€/Unidade,,,https://driveimg1.intermarche.com/pt/Content/images/boitmal/produit/zoom/6EB0AF8EA36F700AFA23A8E14FD19291.jpg,,,,2025-12-24T23:59:59Z,PROSPECTUS,14,3,,,
21051,8435257034300,640.0,Nestlé,"Iogurte líquido yoggi, sem lactose, morango, embalagem de 4 x 160g",,2.19,3.42,0,kg,€/Kg,,,https://driveimg1.intermarche.com/pt/Content/images/boitmal/produit/zoom/D5CB31CBF064EE8A66067DB03B82499E.jpg,,,,2025-12-24T23:59:59Z,PROSPECTUS,14,3,,,
22320,5606669092100,700.0,Brasmar,Salada de Marisco,Embalagem de 700 g,7.59,10.84,0,kg,€/Kg,,Tipo de stockagem,https://driveimg1.intermarche.com/pt/Content/images/boitmal/produit/zoom/241E140617E20CE491D638D40A0F244A.jpg,,,,2025-12-24T23:59:59Z,PROSPECTUS,14,3,,,
23662,2696407000000,500.0,Pastelaria,Pão de Ló Húmido Chocolate,500g,5.99,11.98,0,kg,€/Kg,,,https://driveimg1.intermarche.com/pt/Content/images/boitmal/produit/zoom/A651727F72AC10BDCDCB3118FC70D4F5.jpg,,,,2025-12-24T23:59:59Z,PROSPECTUS,14,3,,,
2405,5608543000096,15.0,Tetley,"Chá preto, embalagem de 20g",,0.74,49.33,0,kg,€/Kg,,,https://driveimg1.intermarche.com/pt/Content/images/boitmal/produit/zoom/60725F7743D3C0E53432295C1F3FD6AE.jpg,,,,2025-12-24T23:59:59Z,PROSPECTUS,14,3,,,
2406,5608543000102,30.0,Tetley,Chá preto,Embalagem de 30g,1.29,43.0,0,kg,€/Kg,,,https://driveimg1.intermarche.com/pt/Content/images/boitmal/produit/zoom/D3C0F9FE6B1C09C70D614E0CDECAD3A6.jpg,,,,2025-12-24T23:59:59Z,PROSPECTUS,14,3,,,
2409,5608543000157,10.0,Tetley,Infusão de camomila,Embalagem de 10g,0.89,89.0,0,kg,€/Kg,,,https://driveimg1.intermarche.com/pt/Content/images/boitmal/produit/zoom/0F5AE1E73614BAE082737A8BF6DC9F66.jpg,,,,2025-12-24T23:59:59Z,PROSPECTUS,14,3,,,
2412,5608543000188,10.0,Tetley,Infusão de lúcia lima,Embalagem de 10g,0.89,89.0,0,kg,€/Kg,,,https://driveimg1.intermarche.com/pt/Content/images/boitmal/produit/zoom/7145B81A3462EE6E617B278110069FC5.jpg,,,,2025-12-24T23:59:59Z,PROSPECTUS,14,3,,,
2458,7613031423583,625.0,Nestlé,"Cereais Nesquik, emb. 625 gr",Embalagem de 625g,3.24,5.18,0,kg,€/Kg,,,https://driveimg1.intermarche.com/pt/Content/images/boitmal/produit/zoom/154B8C74F4EECBF4F38F20B4618C4981.jpg,,,,2025-12-24T23:59:59Z,PROSPECTUS,14,3,,,
2504,7613033162183,,Nescafé,"Cápsulas de Achocolatado Nesquik, emb. 16 un",,5.19,5.19,16,,€/Unidade,,,https://driveimg1.intermarche.com/pt/Content/images/boitmal/produit/zoom/FFEEFEF25E701F2D441EFADAFB575838.jpg,,,,2025-12-24T23:59:59Z,PROSPECTUS,14,3,,,
2534,7613034155160,397.0,Nestlé,"Leite condensado cozido, embalagem de 397g",,2.19,5.52,0,kg,€/Kg,,,https://driveimg1.intermarche.com/pt/Content/images/boitmal/produit/zoom/7F1A4CD3925F133CB52FB643A8011E1E.jpg,,,,2025-12-24T23:59:59Z,PROSPECTUS,14,3,,,
2543,7613034465689,387.0,Nestlé,"Leite condensado magro, embalagem de 390g",,2.09,5.4,0,kg,€/Kg,,,https://driveimg1.intermarche.com/pt/Content/images/boitmal/produit/zoom/550282655C8CD4805DB04276CFECA7D7.jpg,,,,2025-12-24T23:59:59Z,PROSPECTUS,14,3,,,
2748,8410063044521,200.0,Pescanova,"Miolo de Camarão Cozido 40/60 Ultracongelado, emb. 200 gr",,6.39,31.95,0,kg,€/Kg,,Tipo de stockagem,https://driveimg1.intermarche.com/pt/Content/images/boitmal/produit/zoom/D50FF0C33F27025B364B2A0F02EC1F36.jpg,,,,2025-12-24T23:59:59Z,PROSPECTUS,14,3,,,
2780,8410199002303,96.0,Cheetos,"Aperitivos palitos, embalagem de 100g",,1.49,15.52,0,kg,€/Kg,,,https://driveimg1.intermarche.com/pt/Content/images/boitmal/produit/zoom/35C90C106FCD999188F46A491D275892.jpg,,,,2025-12-24T23:59:59Z,PROSPECTUS,14,3,,,
27850,7622210824790,31.0,Royal,"Gelatina light 10 kcal frutos do bosque, 30g",,1.44,46.45,0,kg,€/Kg,,,https://driveimg1.intermarche.com/pt/Content/images/boitmal/produit/zoom/66743BF6860092D7C92FAF8ECD29686B.jpg,,,,2025-12-24T23:59:59Z,PROSPECTUS,14,3,,,
2786,8410199150905,100.0,Cheetos,"Aperitivos rolitos, embalagem de 100g",,1.49,14.9,0,kg,€/Kg,,,https://driveimg1.intermarche.com/pt/Content/images/boitmal/produit/zoom/F470A36FD76D61EC69758C933CF291DA.jpg,,,,2025-12-24T23:59:59Z,PROSPECTUS,14,3,,,
28062,5603722516764,150.0,Castelões,"Queijo sem lactose fatiado, 150g",,1.85,12.33,0,kg,€/Kg,,,https://driveimg1.intermarche.com/pt/Content/images/boitmal/produit/zoom/8EBB127CA4F30289FAEAD0130F803FFA.jpg,,,,2025-12-24T23:59:59Z,PROSPECTUS,14,3,,,
28372,5601989976758,750.0,Esporão,"Vinho biológico tinto doc alentejano colheita, garrafa de 0.75 l",,7.49,9.99,750,L,€/L,,,https://driveimg1.intermarche.com/pt/Content/images/boitmal/produit/zoom/9EC53DDAE24FDDB0ABA7626F6FF3FEB7.jpg,,,,2025-12-24T23:59:59Z,PROSPECTUS,14,3,,,
28640,5054563030948,75.0,Aquafresh,Dentífrico Tripla Proteção,Embalagem de 75 ml,1.84,24.53,75,L,€/L,,,https://driveimg1.intermarche.com/pt/Content/images/boitmal/produit/zoom/3F822B9D22CAC67DC8DBD8698E3FBBBD.jpg,,,,2025-12-24T23:59:59Z,PROSPECTUS,14,3,,,
29690,5029053010052,,Scottex,Papel Higiénico Húmido Fresh,1 Embalagem c/42 unidades,1.15,1.15,0,,€/Unidade,,,https://driveimg1.intermarche.com/pt/Content/images/boitmal/produit/zoom/D7A0DFA7ECDD445D8F263C486D20279A.jpg,,,,2025-12-24T23:59:59Z,PROSPECTUS,14,3,,,
30980,4008400203829,150.0,Kinder,"12 barritas, embalagem de 150g",,2.49,16.6,0,kg,€/Kg,,,https://driveimg1.intermarche.com/pt/Content/images/boitmal/produit/zoom/0965EEED30742FD685D2314F43CC3790.jpg,,,,2025-12-24T23:59:59Z,PROSPECTUS,14,3,,,
32063,8712423038844,33.0,Knorr,"Strogonoff 1, 2, 3...sabor!, embalagem de 33 g",,1.19,36.06,0,kg,€/Kg,,,https://driveimg1.intermarche.com/pt/Content/images/boitmal/produit/zoom/4A8045759567B372AE215D4B257F03A8.jpg,,,,2025-12-24T23:59:59Z,PROSPECTUS,14,3,,,
32299,4005900388650,150.0,Nivea Men,"Desodorizante spray black & white men, 150 ml",,2.79,18.6,150,L,€/L,,,https://driveimg1.intermarche.com/pt/Content/images/boitmal/produit/zoom/1CFD17D9EFCFB764EEEE2BAAB79429B4.jpg,,,,2025-12-24T23:59:59Z,PROSPECTUS,14,3,,,
32399,5000204018059,36.0,Pato,"Discos Sanitários Ativos Recargas Lavanda, 2 x 6 doses",,3.49,96.94,36,L,€/L,,,https://driveimg1.intermarche.com/pt/Content/images/boitmal/produit/zoom/B72D863D0E6868872226363DBAB2B1DF.jpg,,,,2025-12-24T23:59:59Z,PROSPECTUS,14,3,,,
33221,3228021000145,125.0,Président,"Queijo creme de camembert, embalagem de 125g",,2.29,18.32,0,kg,€/Kg,,,https://driveimg1.intermarche.com/pt/Content/images/boitmal/produit/zoom/3781A182FB48CA312AA5E3F2C0F5576E.jpg,,,,2025-12-24T23:59:59Z,PROSPECTUS,14,3,,,
34011,7622210249500,250.0,Milka,"Tablete de chocolate choco jelly, embalagem de 250g",,3.99,15.96,0,kg,€/Kg,,,https://driveimg1.intermarche.com/pt/Content/images/boitmal/produit/zoom/1D2D0034B46697B32D0A37FFABB2613E.jpg,,,,2025-12-24T23:59:59Z,PROSPECTUS,14,3,,,
34700,5608309002951,750.0,Grahams,"Vinho do porto, garrafa de 750 ml",,12.99,17.32,750,L,€/L,,,https://driveimg1.intermarche.com/pt/Content/images/boitmal/produit/zoom/56876557ABF62C0CFC402DDD17CC70C1.jpg,,,,2025-12-24T23:59:59Z,PROSPECTUS,14,3,,,
34727,5602711107501,500.0,Rar,"Açúcar Mascavado Escuro, emb. 500 gr",,1.69,3.38,0,kg,€/Kg,,,https://driveimg1.intermarche.com/pt/Content/images/boitmal/produit/zoom/7154C53ECA4BF60DD7497538DEEB7C55.jpg,,,,2025-12-24T23:59:59Z,PROSPECTUS,14,3,,,
35483,8410436343435,500.0,Sonasol,Spray desengordurante,Embalagem de 500 ml,1.99,3.98,500,L,€/L,,,https://driveimg1.intermarche.com/pt/Content/images/boitmal/produit/zoom/47473DD6CCCCC8BCBCC650E05B76EF50.jpg,,,,2025-12-24T23:59:59Z,PROSPECTUS,14,3,,,
35627,5600258596901,50.0,Feno,"Desodorizante roll on desodorizante peles sensíveis de equinácea, 50 ml",,2.69,53.8,50,L,€/L,,,https://driveimg1.intermarche.com/pt/Content/images/boitmal/produit/zoom/E12B6CEAEE497611980C04A36910CAAE.jpg,,,,2025-12-24T23:59:59Z,PROSPECTUS,14,3,,,
36527,5604260286492,4000.0,PorSi,Alimento Seco Gato Adulto Peixe 4kg,,5.99,1.5,0,kg,€/Kg,,,https://driveimg1.intermarche.com/pt/Content/images/boitmal/produit/zoom/88356AD51D92524DFF3B08AA84A48F7D.jpg,,,,2025-12-24T23:59:59Z,PROSPECTUS,14,3,,,
36654,8410436343497,500.0,Sonasol,"Spray limpa vidros brilhante, 500 ml",,1.99,3.98,500,L,€/L,,,https://driveimg1.intermarche.com/pt/Content/images/boitmal/produit/zoom/A68E1376FFCF092E98332868C951A769.jpg,,,,2025-12-24T23:59:59Z,PROSPECTUS,14,3,,,
36802,8001090139504,,Dodot,Toalhitas básico,embalagem com 54 unidades,1.15,1.15,0,,€/Unidade,,,https://driveimg1.intermarche.com/pt/Content/images/boitmal/produit/zoom/F1107019760B8AA1979363639B76868E.jpg,,,,2025-12-24T23:59:59Z,PROSPECTUS,14,3,,,
36910,5604260326068,,PorSi,Fraldas agility T6 para + de 17 kg,30 unidades,5.69,5.69,0,,€/Unidade,,,https://driveimg1.intermarche.com/pt/Content/images/boitmal/produit/zoom/2D6509B4067EF4A8937FE7D6911507B8.jpg,,,,2025-12-24T23:59:59Z,PROSPECTUS,14,3,,,
37443,7613037040869,250.0,Nestum,"Nestum Espelta e Aveia Zero +3A, emb. 250 gr",,2.24,8.96,0,kg,€/Kg,,,https://driveimg1.intermarche.com/pt/Content/images/boitmal/produit/zoom/BF80E2BF1A95765256612BEC5A65D8DD.jpg,,,,2025-12-24T23:59:59Z,PROSPECTUS,14,3,,,
37993,5601008201106,200.0,Vieira,"Bolachas Sortidas Princesa de Chocolate, emb. 200 gr",,2.74,13.7,0,kg,€/Kg,,,https://driveimg1.intermarche.com/pt/Content/images/boitmal/produit/zoom/F91656C5C49A6F1EEE16CD420F8D0847.jpg,,,,2025-12-24T23:59:59Z,PROSPECTUS,14,3,,,
38330,7613036886994,400.0,Yogolino,"Alimento Lácteo Pêssego e Banana +6M, emb. 4 x 100 gr",Embalagem de 400g,1.99,4.98,0,kg,€/Kg,,,https://driveimg1.intermarche.com/pt/Content/images/boitmal/produit/zoom/46F9E1E8ECDF4D5D7026305EEF6FB459.jpg,,,,2025-12-24T23:59:59Z,PROSPECTUS,14,3,,,
38569,5601043111385,500.0,Espiga,"Farinha de arroz, embalagem de 500g",,0.99,1.98,0,kg,€/Kg,,,https://driveimg1.intermarche.com/pt/Content/images/boitmal/produit/zoom/28DC7EE63C94ABC2441EEA0D7A9449BD.jpg,,,,2025-12-24T23:59:59Z,PROSPECTUS,14,3,,,
405,8712566410910,275.0,Calvé,"Ketchup Top Down sem Glúten, emb. 275 gr",,1.48,5.38,0,kg,€/Kg,,,https://driveimg1.intermarche.com/pt/Content/images/boitmal/produit/zoom/9E63EED4B27A252289B8979C188F5B40.jpg,https://driveimg1.intermarche.com/pt/Content/images/boitmal/produit/zoom/0D7B165FF00CA45BD8F6AC077E3CA1EC.jpg,https://driveimg1.intermarche.com/pt/Content/images/boitmal/produit/zoom/0D7B165FF00CA45BD8F6AC077E3CA1EC.jpg,https://driveimg1.intermarche.com/pt/Content/images/boitmal/produit/zoom/0D7B165FF00CA45BD8F6AC077E3CA1EC.jpg,2025-12-24T23:59:59Z,PROSPECTUS,14,3,,,
40535,5604260300709,414.0,PorSi,Maionese Frasco 414g,,1.87,4.52,0,kg,€/Kg,,,https://driveimg1.intermarche.com/pt/Content/images/boitmal/produit/zoom/290F33B0E8845EF825D490C738C8E0CE.jpg,,,,2025-12-24T23:59:59Z,PROSPECTUS,14,3,,,
40597,7622201122836,114.0,Royal,"Gelatina em Pó de Ananás, emb. 114 gr",,1.44,12.63,0,kg,€/Kg,,,https://driveimg1.intermarche.com/pt/Content/images/boitmal/produit/zoom/2FF1D70FE385745F29886EA824961342.jpg,,,,2025-12-24T23:59:59Z,PROSPECTUS,14,3,,,
40598,7622201121013,114.0,Royal,"Gelatina em Pó de Morango, emb. 114 gr",,1.44,12.63,0,kg,€/Kg,,,https://driveimg1.intermarche.com/pt/Content/images/boitmal/produit/zoom/9A48D969582D47C25D45FCDF0C1173BB.jpg,,,,2025-12-24T23:59:59Z,PROSPECTUS,14,3,,,
40664,5604260297009,100.0,PorSi,Mini Tostas Superfinas 100g,,1.29,12.9,0,kg,€/Kg,,,https://driveimg1.intermarche.com/pt/Content/images/boitmal/produit/zoom/2B412EFB725A4E329E1F4B17B9E77804.jpg,,,,2025-12-24T23:59:59Z,PROSPECTUS,14,3,,,
40776,5604260290628,750.0,Labell,Champo Familiar com Leite de Amêndoas Doces,Embalagem de 750 ml,1.59,2.12,750,L,€/L,,,https://driveimg1.intermarche.com/pt/Content/images/boitmal/produit/zoom/03DC8112C65E150FC9703F50A0733C8B.jpg,,,,2025-12-24T23:59:59Z,PROSPECTUS,14,3,,,
40778,8001841536873,,Tampax,Tampões Compak Pearl Regular Com Aplicador,16 unidades,3.39,3.39,0,,€/Unidade,,,https://driveimg1.intermarche.com/pt/Content/images/boitmal/produit/zoom/6E8F76C50C94D56A631CAAD7215A451F.jpg,,,,2025-12-24T23:59:59Z,PROSPECTUS,14,3,,,
40779,8001841536903,,Tampax,Tampões Compak Pearl Super Com Aplicador,16 unidades,3.39,3.39,0,,€/Unidade,,,https://driveimg1.intermarche.com/pt/Content/images/boitmal/produit/zoom/4E53A948A2AA1E5D97C19A10AF36CD5A.jpg,,,,2025-12-24T23:59:59Z,PROSPECTUS,14,3,,,
40788,5604260303700,1500.0,PorSi,Amaciador de Roupa Concentrado Lírios e Morangos 60d,,2.19,1.46,1500,L,€/L,,,https://driveimg1.intermarche.com/pt/Content/images/boitmal/produit/zoom/F0388E5FB215AA074292F8ECB3246921.jpg,,,,2025-12-24T23:59:59Z,PROSPECTUS,14,3,,,
40826,7613035001848,,Nescafé,"Café dolce gusto ricoré, embalagem com 16 cápsulas",,5.19,5.19,16,,€/Unidade,,,https://driveimg1.intermarche.com/pt/Content/images/boitmal/produit/zoom/D720192AFF061E3E5E32F51D24E94356.jpg,,,,2025-12-24T23:59:59Z,PROSPECTUS,14,3,,,
40831,8717163675038,150.0,Rexona,"Desodorizante spray invisible, embalagem de 150 ml",,2.69,17.93,150,L,€/L,,,https://driveimg1.intermarche.com/pt/Content/images/boitmal/produit/zoom/72984E844ED2A9B77A3E437C7EFE3233.jpg,,,,2025-12-24T23:59:59Z,PROSPECTUS,14,3,,,
40878,5601082046549,220.0,Delta,"Café Moído Torrado Descafeinado Universal Int 9, emb. 220 gr",Embalagem de 220g,5.49,24.95,0,kg,€/Kg,,,https://driveimg1.intermarche.com/pt/Content/images/boitmal/produit/zoom/02C5AE2B2FFB27E51E6AEA3FCA7E9BEC.jpg,,,,2025-12-24T23:59:59Z,PROSPECTUS,14,3,,,
40963,3083681108323,400.0,Bonduelle,"Salteado Rústico, emb. 400 gr",,2.59,6.48,0,kg,€/Kg,,Tipo de stockagem,https://driveimg1.intermarche.com/pt/Content/images/boitmal/produit/zoom/D2BF04E30820A884E11F497F9EA9FC40.jpg,,,,2025-12-24T23:59:59Z,PROSPECTUS,14,3,,,
40969,5601151972557,1000.0,Frize,"Água com gás sabor a maracujá, pack 4x 0,25l",,2.09,2.09,1000,L,€/L,,,https://driveimg1.intermarche.com/pt/Content/images/boitmal/produit/zoom/AF6318AC77392E694BAA2AC34B4CAA04.jpg,,,,2025-12-24T23:59:59Z,PROSPECTUS,14,3,,,
40994,7622201122720,114.0,Royal,"Gelatina em Pó de Maracujá, emb. 114 gr",,1.44,12.63,0,kg,€/Kg,,,https://driveimg1.intermarche.com/pt/Content/images/boitmal/produit/zoom/A0E1E0485E757A6E0F350062BC502994.jpg,,,,2025-12-24T23:59:59Z,PROSPECTUS,14,3,,,
40995,7622201122768,114.0,Royal,"Gelatina de pêssego, embalagem de 114g",,1.44,12.63,0,kg,€/Kg,,,https://driveimg1.intermarche.com/pt/Content/images/boitmal/produit/zoom/86663744F099161E6FBCF940E76DCF13.jpg,,,,2025-12-24T23:59:59Z,PROSPECTUS,14,3,,,
41080,8718951338333,1250.0,Ajax,"Detergente líquido lava tudo festa das flores montanha, embalagem de 1.25l",,2.24,1.79,1250,L,€/L,,,https://driveimg1.intermarche.com/pt/Content/images/boitmal/produit/zoom/235AC3C4CF2F6CC997FC733634670C1E.jpg,,,,2025-12-24T23:59:59Z,PROSPECTUS,14,3,,,
41120,5029053562858,,Scottex,"Papel Higiénico Húmido Sensitive, embalagem com 66 unidades",,1.97,1.97,0,,€/Unidade,,,https://driveimg1.intermarche.com/pt/Content/images/boitmal/produit/zoom/1F2495DD190EA1A2FC8B6E8523F8FD24.jpg,,,,2025-12-24T23:59:59Z,PROSPECTUS,14,3,,,
41121,5029053036151,,Scottex,"Papel Higiénico Húmido fresh, embalagem com 74 unidades",,1.97,1.97,0,,€/Unidade,,,https://driveimg1.intermarche.com/pt/Content/images/boitmal/produit/zoom/C3950416692767A75D861E18C38C6E2D.jpg,,,,2025-12-24T23:59:59Z,PROSPECTUS,14,3,,,
41714,5604260307746,750.0,Porsi Vivabem,Iogurte Magro Natural 6x125g,,1.19,1.59,0,kg,€/Kg,,,https://driveimg1.intermarche.com/pt/Content/images/boitmal/produit/zoom/E5F62F5C5637195700F5155AF4D3058C.jpg,,,,2025-12-24T23:59:59Z,PROSPECTUS,14,3,,,
42032,5604260303267,750.0,PorSi,Batata Pré-frita para Forno 750g,,1.39,1.85,0,kg,€/Kg,,Tipo de stockagem,https://driveimg1.intermarche.com/pt/Content/images/boitmal/produit/zoom/933E1A5B0960E0BFFB7C146BB21B206C.jpg,,,,2025-12-24T23:59:59Z,PROSPECTUS,14,3,,,
42158,5604260308248,1500.0,PorSi,"Bacalhau Lombos 1,5 kg",,29.89,19.93,0,kg,€/Kg,,Tipo de stockagem,https://driveimg1.intermarche.com/pt/Content/images/boitmal/produit/zoom/2873F0F37139A0A3A499E53CD39D9CEF.jpg,,,,2025-12-24T23:59:59Z,PROSPECTUS,14,3,,,
42179,5604260307777,441.0,PorSi,Nata Pasteurizada 30% Mg 45cl/ 441g,,2.95,6.69,0,kg,€/Kg,,,https://driveimg1.intermarche.com/pt/Content/images/boitmal/produit/zoom/6E34B08A0109E785FC983F0CB93196A9.jpg,,,,2025-12-24T23:59:59Z,PROSPECTUS,14,3,,,
42592,4052199132952,,Lindor,"Pensos Incontinência Anatómico Maxi, emb. 20 un",,12.59,12.59,0,,€/Unidade,,,https://driveimg1.intermarche.com/pt/Content/images/boitmal/produit/zoom/F8B51197A7B5B1EEB444D17876F768E1.jpg,,,,2025-12-24T23:59:59Z,PROSPECTUS,14,3,,,
42702,4005900389091,150.0,Nivea,"Desodorizante Spray Protect & Care, emb. 150 ml",,3.45,23.0,150,L,€/L,,,https://driveimg1.intermarche.com/pt/Content/images/boitmal/produit/zoom/A283D2C62F0D07D52826DADF0C118D66.jpg,,,,2025-12-24T23:59:59Z,PROSPECTUS,14,3,,,
42788,5604260310678,50.0,PorSi Select,Cápsula Café Mezzo Forte Cnpx10,,2.59,51.8,0,kg,€/Kg,,,https://driveimg1.intermarche.com/pt/Content/images/boitmal/produit/zoom/145296E39E8D571E699FA97E14066433.jpg,,,,2025-12-24T23:59:59Z,PROSPECTUS,14,3,,,
42818,5604260301553,750.0,PorSi,Grelos 750g,,1.99,2.65,0,kg,€/Kg,,Tipo de stockagem,https://driveimg1.intermarche.com/pt/Content/images/boitmal/produit/zoom/E2431496421C6EA646EA89EB06A0622E.jpg,https://driveimg1.intermarche.com/pt/Content/images/boitmal/produit/zoom/19CEC5ABB8B54E9BB1964D04440B7207.jpg,https://driveimg1.intermarche.com/pt/Content/images/boitmal/produit/zoom/19CEC5ABB8B54E9BB1964D04440B7207.jpg,https://driveimg1.intermarche.com/pt/Content/images/boitmal/produit/zoom/19CEC5ABB8B54E9BB1964D04440B7207.jpg,2025-12-24T23:59:59Z,PROSPECTUS,14,3,https://driveimg1.intermarche.com/pt/Content/images/boitmal/produit/zoom/19CEC5ABB8B54E9BB1964D04440B7207.jpg,https://driveimg1.intermarche.com/pt/Content/images/boitmal/produit/zoom/19CEC5ABB8B54E9BB1964D04440B7207.jpg,
42844,5604260304233,410.0,PorSi,Leite Evaporado 410g,,1.49,3.63,0,kg,€/Kg,,,https://driveimg1.intermarche.com/pt/Content/images/boitmal/produit/zoom/C2C609CB7927956E9C62B34FEC7D78AD.jpg,,,,2025-12-24T23:59:59Z,PROSPECTUS,14,3,,,
43213,5603722519789,,Castelões,"Queijo cura especial barrado pimentão, 500 g",,6.29,6.29,1,,€/Unidade,,,https://driveimg1.intermarche.com/pt/Content/images/boitmal/produit/zoom/7F9659307338C4018D4890FC3B81F84B.jpg,,,,2025-12-24T23:59:59Z,PROSPECTUS,14,3,,,
43214,5603722519796,400.0,Castelões,"Queijo curado fatias, embalagem de 2 x 200g",,3.99,9.98,0,kg,€/Kg,,,https://driveimg1.intermarche.com/pt/Content/images/boitmal/produit/zoom/649D651B4B5791A6D75ADB6F634902EB.jpg,,,,2025-12-24T23:59:59Z,PROSPECTUS,14,3,,,
43305,7613039531853,400.0,Yogolino,"Iogurte natural sem açúcares, 4 x 100g",,1.99,4.98,0,kg,€/Kg,,,https://driveimg1.intermarche.com/pt/Content/images/boitmal/produit/zoom/D14F8D1F0D079BCE10587AF10DBDB6CC.jpg,,,,2025-12-24T23:59:59Z,PROSPECTUS,14,3,,,
43314,8710604741835,38.0,Knorr,"Esparguete à bolonhesa 1, 2, 3...sabor!, embalagem de 38g",,1.19,31.32,0,kg,€/Kg,,,https://driveimg1.intermarche.com/pt/Content/images/boitmal/produit/zoom/1108EABAA6B7A67AA2379F447F3FDFD8.jpg,,,,2025-12-24T23:59:59Z,PROSPECTUS,14,3,,,
43843,5604260312610,4725.0,PorSi,Detergente em Pó Lavanda.4725 G,,9.22,1.95,0,kg,€/Kg,,,https://driveimg1.intermarche.com/pt/Content/images/boitmal/produit/zoom/F3289E384FE13BA0E9DAD129A9E31D3B.jpg,,,,2025-12-24T23:59:59Z,PROSPECTUS,14,3,,,
44474,3600523923588,,Excellence,Coloração Permanente Nº 7.7 Caramelo,1 unidade,8.44,8.44,0,,€/Unidade,,,https://driveimg1.intermarche.com/pt/Content/images/boitmal/produit/zoom/2D1DB045A94535F2A53A65508F5AF8AD.jpg,,,,2025-12-24T23:59:59Z,PROSPECTUS,14,3,,,
44645,8710604741859,36.0,Knorr,"Esparguete à carbonara 1, 2, 3...sabor!, embalagem de 36g",,1.19,33.06,0,kg,€/Kg,,,https://driveimg1.intermarche.com/pt/Content/images/boitmal/produit/zoom/3A9ADB7151712EC69C622800C5116043.jpg,,,,2025-12-24T23:59:59Z,PROSPECTUS,14,3,,,
45086,5201429084014,,Minnie,Mega cozinha,1 conjunto,34.99,34.99,0,,€/Unidade,,,https://driveimg1.intermarche.com/pt/Content/images/boitmal/produit/zoom/E972D625952E13366058DE15BA843480.jpg,,,,2025-12-24T23:59:59Z,PROSPECTUS,14,3,,,
45424,5449000205551,1500.0,Sprite,"Refrigerante com Gás Lima Limão, emb. 1,5 lt",,0.99,0.66,1500,L,€/L,,,https://driveimg1.intermarche.com/pt/Content/images/boitmal/produit/zoom/435BA3924DACD7858B68099757279D0D.jpg,,,,2025-12-24T23:59:59Z,PROSPECTUS,14,3,,,
45588,5054563107282,75.0,Sensodyne,Pasta dentífrica branqueadora,Embalagem de 75 ml,3.96,52.8,75,L,€/L,,,https://driveimg1.intermarche.com/pt/Content/images/boitmal/produit/zoom/FB05A0E9A6F33DA3F30ECD45C3A12AD3.jpg,,,,2025-12-24T23:59:59Z,PROSPECTUS,14,3,,,
45600,4005900648181,750.0,Nivea,"Gel de Banho Aloe, emb. 750 ml",,3.99,5.32,750,L,€/L,,,https://driveimg1.intermarche.com/pt/Content/images/boitmal/produit/zoom/38ED25B3E1B734D9B60438B2D4D4A6D2.jpg,,,,2025-12-24T23:59:59Z,PROSPECTUS,14,3,,,
45678,5604260312023,90.0,PorSi,Snacks Crocantes Queijo 90g,,0.89,9.89,0,kg,€/Kg,,,https://driveimg1.intermarche.com/pt/Content/images/boitmal/produit/zoom/24D5BD498E27F9B995025450BEE0B662.jpg,,,,2025-12-24T23:59:59Z,PROSPECTUS,14,3,,,
46162,3083681106480,400.0,Bonduelle,"Salteado de Legumes Estilo Parisino, emb. 400 gr",,2.59,6.48,0,kg,€/Kg,,Tipo de stockagem,https://driveimg1.intermarche.com/pt/Content/images/boitmal/produit/zoom/4DE85AF2C08839F22568D1C815770BA6.jpg,,,,2025-12-24T23:59:59Z,PROSPECTUS,14,3,,,
46170,5601260105105,1000.0,Cigala,"Arroz agulha integral, embalagem de 1 kg",,1.29,1.29,0,kg,€/Kg,,,https://driveimg1.intermarche.com/pt/Content/images/boitmal/produit/zoom/2EE7EA768CBB8009C4CDB9B5E03BD85A.jpg,,,,2025-12-24T23:59:59Z,PROSPECTUS,14,4,,,
46768,5601082046068,55.0,Delta Q,Café Qalidus XXL,Embalagem com 60 cápsulas,23.49,427.09,0,kg,€/Kg,,,https://driveimg1.intermarche.com/pt/Content/images/boitmal/produit/zoom/B57D51E1DBAB84530CA47C710EFFC338.jpg,,,,2025-12-24T23:59:59Z,PROSPECTUS,14,4,,,
46841,5604260318940,750.0,Porsi Vivabem,Iogurte Magro Aroma Morango 6x125g,,1.19,1.59,0,kg,€/Kg,,,https://driveimg1.intermarche.com/pt/Content/images/boitmal/produit/zoom/FAE81D187B49A173052F912072180DE4.jpg,,,,2025-12-24T23:59:59Z,PROSPECTUS,14,4,,,
4716,5000204593242,72.0,Pato,"Discos Sanitários Ativos Recargas Lima, 2 x 6 doses",Embalagem de 2x36 ml,3.49,48.47,72,L,€/L,,,https://driveimg1.intermarche.com/pt/Content/images/boitmal/produit/zoom/6E8BEEF9B9E1E763C6D9B6E49B0D85F6.jpg,,,,2025-12-24T23:59:59Z,PROSPECTUS,14,4,,,
47634,5411188135142,1000.0,Alpro,Bebida de Soja Proteína,1 litro,1.99,1.99,1000,L,€/L,,,https://driveimg1.intermarche.com/pt/Content/images/boitmal/produit/zoom/C6D7AB327DA95D73F5EBE65622CAD3F8.jpg,,,,2025-12-24T23:59:59Z,PROSPECTUS,14,4,,,
47678,5604260319572,96.0,PorSi,Cápsulas Café Velutatto Cdgx16,,3.85,40.1,0,kg,€/Kg,,,https://driveimg1.intermarche.com/pt/Content/images/boitmal/produit/zoom/BE18676367C8B5BB22F7EEF5D41DB56F.jpg,,,,2025-12-24T23:59:59Z,PROSPECTUS,14,4,,,
47777,5604260320134,160.0,PorSi,Cápsulas Café Galão Cdg,,3.85,24.06,0,kg,€/Kg,,,https://driveimg1.intermarche.com/pt/Content/images/boitmal/produit/zoom/622B7CF0482B57DB51970F9FB85E34D4.jpg,https://driveimg1.intermarche.com/pt/Content/images/boitmal/produit/zoom/62481A8FF61C1D90AD7A2D41D5674278.jpg,https://driveimg1.intermarche.com/pt/Content/images/boitmal/produit/zoom/62481A8FF61C1D90AD7A2D41D5674278.jpg,https://driveimg1.intermarche.com/pt/Content/images/boitmal/produit/zoom/62481A8FF61C1D90AD7A2D41D5674278.jpg,2025-12-24T23:59:59Z,PROSPECTUS,14,4,https://driveimg1.intermarche.com/pt/Content/images/boitmal/produit/zoom/62481A8FF61C1D90AD7A2D41D5674278.jpg,https://driveimg1.intermarche.com/pt/Content/images/boitmal/produit/zoom/62481A8FF61C1D90AD7A2D41D5674278.jpg,https://driveimg1.intermarche.com/pt/Content/images/boitmal/produit/zoom/62481A8FF61C1D90AD7A2D41D5674278.jpg
47778,5604260319831,160.0,PorSi,Paezinhos com Tomate e Oregãos 160 G,,1.19,7.44,0,kg,€/Kg,,,https://driveimg1.intermarche.com/pt/Content/images/boitmal/produit/zoom/77906034F55CDB772196A196B7376AB2.jpg,,,,2025-12-24T23:59:59Z,PROSPECTUS,14,4,,,
48073,5604260320844,,PorSi,Pensos Higiénicos Ultrafinos Super com Abas - 12 Unidades,,1.15,1.15,0,,€/Unidade,,,https://driveimg1.intermarche.com/pt/Content/images/boitmal/produit/zoom/F8F160F853B4301369D2348F44D1EACA.jpg,,,,2025-12-24T23:59:59Z,PROSPECTUS,14,4,,,
48074,5604260320851,,PorSi,Pensos Higiénicos Ultrafinos Super com Abas - 24 Unidades,,1.96,1.96,0,,€/Unidade,,,https://driveimg1.intermarche.com/pt/Content/images/boitmal/produit/zoom/90AB9FF27B8F72B08805182DF7AAA143.jpg,,,,2025-12-24T23:59:59Z,PROSPECTUS,14,4,,,
48094,5604260322442,85.0,PorSi Select,Alimento Humido Gato Junior com Frango 85g,,0.59,6.94,0,kg,€/Kg,,,https://driveimg1.intermarche.com/pt/Content/images/boitmal/produit/zoom/3352261172FA59311C61D26CA02A331E.jpg,,,,2025-12-24T23:59:59Z,PROSPECTUS,14,4,,,
48298,5604260314270,,PorSi Select,Guardanapo 39x39cm Branco 2 Folhas 50 Unidades,,1.86,1.86,0,,€/Unidade,,,https://driveimg1.intermarche.com/pt/Content/images/boitmal/produit/zoom/0822083B27B2B359A41E7AEEAEF9137E.jpg,,,,2025-12-24T23:59:59Z,PROSPECTUS,14,4,,,
48738,7613287785398,100.0,Yogolino,"Alimento Lácteo de Morango e Maçã sem Glúten +8M, emb. 100 gr",Embalagem de 100g,0.86,8.6,0,kg,€/Kg,,,https://driveimg1.intermarche.com/pt/Content/images/boitmal/produit/zoom/099E6FED97461079E3762698578C9B20.jpg,,,,2025-12-24T23:59:59Z,PROSPECTUS,14,4,,,
49307,5601151969656,1000.0,Compal,"Sumo 100% fruta multifrutos, 1litro",,1.49,1.49,1000,L,€/L,,,https://driveimg1.intermarche.com/pt/Content/images/boitmal/produit/zoom/81AB3775D436693BA0618754D9327208.jpg,,,,2025-12-24T23:59:59Z,PROSPECTUS,14,4,,,
49359,5601146700066,6000.0,Sagres,"Cerveja com Álcool Mini, emb. 24 x 25 cl",,11.69,1.95,6000,L,€/L,,,https://driveimg1.intermarche.com/pt/Content/images/boitmal/produit/zoom/F20A269CA928E43FDC723A9CF664F032.jpg,,,,2025-12-24T23:59:59Z,PROSPECTUS,14,4,,,
49458,5603722505829,800.0,Mimosa,"Leite com chocolate bem especial 0% lactose, pack 4 x 200 ml",,1.99,2.49,800,L,€/L,,,https://driveimg1.intermarche.com/pt/Content/images/boitmal/produit/zoom/E21E53C8EBF058C15C2446BB9FC00A4B.jpg,,,,2025-12-24T23:59:59Z,PROSPECTUS,14,4,,,
49476,5601146700004,2500.0,Sagres,"Cerveja com Álcool Mini, emb. 10 x 25 cl",Pack 10 x 25 cl,5.59,2.24,2500,L,€/L,,,https://driveimg1.intermarche.com/pt/Content/images/boitmal/produit/zoom/82C1AE400A73E085A489A23BFF60129C.jpg,,,,2025-12-24T23:59:59Z,PROSPECTUS,14,4,,,
50277,8410436429443,,Persil,Detergente máquina roupa 4 em 1,40 cápsulas,9.99,9.99,0,,€/Unidade,,,https://driveimg1.intermarche.com/pt/Content/images/boitmal/produit/zoom/24973D94F20D9012C6C46FC53A9E8545.jpg,,,,2025-12-24T23:59:59Z,PROSPECTUS,14,4,,,
50624,5603722520969,200.0,Mimosa,"Nata culinária sem lactose, 200 ml",,1.04,5.2,200,L,€/L,,,https://driveimg1.intermarche.com/pt/Content/images/boitmal/produit/zoom/17C52EE6D7D8FA0AE40E9527FFF803CC.jpg,,,,2025-12-24T23:59:59Z,PROSPECTUS,14,4,,,
5095,5601050026405,300.0,Danone,"Queijinho dadoninho petitdino de morango, embalagem de 6 x 50g",,1.99,6.63,0,kg,€/Kg,,,https://driveimg1.intermarche.com/pt/Content/images/boitmal/produit/zoom/285FD05A8135D405134AF6FB325A781F.jpg,,,,2025-12-24T23:59:59Z,PROSPECTUS,14,4,,,
5096,5601050026429,300.0,Danonino Danone,"Queijinho danonino petitdino de morango/banana, embalagem de 6 x 50g",,1.79,5.97,0,kg,€/Kg,,,https://driveimg1.intermarche.com/pt/Content/images/boitmal/produit/zoom/FA8D1A9125B498992C62B9745CC5DD3D.jpg,,,,2025-12-24T23:59:59Z,PROSPECTUS,14,4,,,
51046,8410436430302,,Persil,Detergente máquina roupa 4 em 1 higiene,40 cápsulas,9.99,9.99,0,,€/Unidade,,,https://driveimg1.intermarche.com/pt/Content/images/boitmal/produit/zoom/1A35A40B1D47567C66546C5B85A9EC6E.jpg,,,,2025-12-24T23:59:59Z,PROSPECTUS,14,4,,,
51181,5601217137265,720.0,Quanto,"Perfumador de roupa azul, 36 doses",,3.99,5.54,720,L,€/L,,,https://driveimg1.intermarche.com/pt/Content/images/boitmal/produit/zoom/95E6BEEA038341803BF5F634198E2DF8.jpg,,,,2025-12-24T23:59:59Z,PROSPECTUS,14,4,,,
51516,5000204242676,750.0,Pato,"Abrasivo Sanitário Líquido Forest Biodegradável, emb. 750 ml",,1.69,2.25,750,L,€/L,,,https://driveimg1.intermarche.com/pt/Content/images/boitmal/produit/zoom/8C1893E905FC06A67CD929B9867A4141.jpg,,,,2025-12-24T23:59:59Z,PROSPECTUS,14,4,,,
51538,8006540752333,,Fairy,Detergente Loiça Máquina Platinum Plus Limão,Pack XXL de 48 pastilhas,12.99,12.99,0,,€/Unidade,,,https://driveimg1.intermarche.com/pt/Content/images/boitmal/produit/zoom/8786FC846898F0510EA5C208486C5D8B.jpg,,,,2025-12-24T23:59:59Z,PROSPECTUS,14,4,,,
51559,5604260321919,750.0,Selecção de Enófilos,"Vinho Espumante de Qualidade Bairrada DOC Branco-bruto Reserva 0,75l",,4.79,6.39,750,L,€/L,,,https://driveimg1.intermarche.com/pt/Content/images/boitmal/produit/zoom/08AC38B6B395C17FE072C3F0DB42793A.jpg,,,,2025-12-24T23:59:59Z,PROSPECTUS,14,4,,,
51876,7613035464209,680.0,Purina Gourmet,Grmt gold svryckegigmvbf&tom612(8x85g)es,Embalagem de 680g,4.64,6.82,0,kg,€/Kg,,,https://driveimg1.intermarche.com/pt/Content/images/boitmal/produit/zoom/BC33495C40FA9F23F2CC3A4FB819EBA1.jpg,,,,2025-12-24T23:59:59Z,PROSPECTUS,14,4,,,
51896,8719200253377,400.0,Planta,"Creme vegetal para barrar original, 400g",,2.96,7.4,0,kg,€/Kg,,,https://driveimg1.intermarche.com/pt/Content/images/boitmal/produit/zoom/0265DFAAA6CC23B5D28B5523E860ECEF.jpg,,,,2025-12-24T23:59:59Z,PROSPECTUS,14,4,,,
51912,3073781193060,125.0,A Vaca Que Ri,"Queijo fundido, 125g",,1.79,14.32,0,kg,€/Kg,,,https://driveimg1.intermarche.com/pt/Content/images/boitmal/produit/zoom/3FC94A6D07313D7F7E804BD53D0400B8.jpg,,,,2025-12-24T23:59:59Z,PROSPECTUS,14,4,,,
51960,7622201735036,360.0,Royal,"Gelatina pronta tropical sem açúcar, 360g",,1.59,4.42,0,kg,€/Kg,,,https://driveimg1.intermarche.com/pt/Content/images/boitmal/produit/zoom/1F0658D68801762658A0CA910FD6D93C.jpg,,,,2025-12-24T23:59:59Z,PROSPECTUS,14,4,,,
52010,7622201735197,360.0,Royal,"Gelatina pronta tutti - frutti, 360g",,1.59,4.42,0,kg,€/Kg,,,https://driveimg1.intermarche.com/pt/Content/images/boitmal/produit/zoom/C8AB57FCD991B0ED98F7997EF4959D4A.jpg,,,,2025-12-24T23:59:59Z,PROSPECTUS,14,4,,,
52057,5900951301889,340.0,Whiskas,"Comida húmida gatos júnior sel. clássica, embalagem de 340g",,2.24,6.59,0,kg,€/Kg,,,https://driveimg1.intermarche.com/pt/Content/images/boitmal/produit/zoom/00D0841AC7E978BE88EC9E37CC00AFE5.jpg,,,,2025-12-24T23:59:59Z,PROSPECTUS,14,4,,,
52106,5604260327720,750.0,Selecção de Enófilos,"Vinho Branco DOC Dão Reserva 0,75l",,2.99,3.99,750,L,€/L,,,https://driveimg1.intermarche.com/pt/Content/images/boitmal/produit/zoom/E907471CBBE946AD70133893E47545D7.jpg,,,,2025-12-24T23:59:59Z,PROSPECTUS,14,4,,,
52314,8720181214011,200.0,Rexona,"Desodorizante spray invisible pure 72h, embalagem de 50ml",,3.29,16.45,200,L,€/L,,,https://driveimg1.intermarche.com/pt/Content/images/boitmal/produit/zoom/89E8C645AFEA900BFF1D842E3FDFF6D2.jpg,,,,2025-12-24T23:59:59Z,PROSPECTUS,14,4,,,
5243,5601151170755,410.0,Compal,"Feijão Preto Cozido, emb. 410 gr",,1.09,2.66,410,L,€/L,,,https://driveimg1.intermarche.com/pt/Content/images/boitmal/produit/zoom/DF73EAA1B2C44B1F4CECF535DE17EB7C.jpg,,,,2025-12-24T23:59:59Z,PROSPECTUS,14,4,,,
5273,5601164902343,7920.0,Super Bock,"Cerveja com Álcool, emb. 24 x 33 cl",,17.99,2.27,7920,L,€/L,,,https://driveimg1.intermarche.com/pt/Content/images/boitmal/produit/zoom/B20818C9DD1836C39491D27565F038C6.jpg,,,,2025-12-24T23:59:59Z,PROSPECTUS,14,4,,,
52776,5604260331031,750.0,Selecção de Enófilos,"Vinho Tinto DOC Palmela Castelão, 75cl",,3.39,4.52,750,L,€/L,,,https://driveimg1.intermarche.com/pt/Content/images/boitmal/produit/zoom/1D0019BFED13ADC5C42B277D302BDE4E.jpg,,,,2025-12-24T23:59:59Z,PROSPECTUS,14,4,,,
52886,5603722523113,200.0,Mimosa,"Natas para carne, 200 ml",,1.04,5.2,200,L,€/L,,,https://driveimg1.intermarche.com/pt/Content/images/boitmal/produit/zoom/4EBFFD3487ED8CD46A9B8FA3FCE4C121.jpg,https://driveimg1.intermarche.com/pt/Content/images/boitmal/produit/zoom/974E5E2703AF4694FB78F37DC9D40DC9.jpg,https://driveimg1.intermarche.com/pt/Content/images/boitmal/produit/zoom/974E5E2703AF4694FB78F37DC9D40DC9.jpg,,2025-12-24T23:59:59Z,PROSPECTUS,14,4,,,
5298,5601174301006,750.0,Alambre,"Alambre Moscatel de Setúbal, garrafa 75 cl",,4.99,6.65,750,L,€/L,,,https://driveimg1.intermarche.com/pt/Content/images/boitmal/produit/zoom/2AE0722A95A9B01CB9076AA574EAA2BE.jpg,,,,2025-12-24T23:59:59Z,PROSPECTUS,14,4,,,
53113,8719200265271,225.0,Planta,"Creme vegetal para barrar sabor a manteiga, 225g",,1.97,8.76,0,kg,€/Kg,,,https://driveimg1.intermarche.com/pt/Content/images/boitmal/produit/zoom/6933A44AB3EA30061ADF0D13AACAFFF4.jpg,https://driveimg1.intermarche.com/pt/Content/images/boitmal/produit/zoom/EEC881B16EB917B52FDADCD01B6DC717.jpg,https://driveimg1.intermarche.com/pt/Content/images/boitmal/produit/zoom/EEC881B16EB917B52FDADCD01B6DC717.jpg,https://driveimg1.intermarche.com/pt/Content/images/boitmal/produit/zoom/EEC881B16EB917B52FDADCD01B6DC717.jpg,2025-12-24T23:59:59Z,PROSPECTUS,14,4,,,
53894,5604260330119,200.0,PorSi,Alheira Extra de Trás - Os - Montes 200g,,1.49,7.45,0,kg,€/Kg,,,https://driveimg1.intermarche.com/pt/Content/images/boitmal/produit/zoom/E9BBDFD16A9F3A3C592D3751C158587D.jpg,,,,2025-12-24T23:59:59Z,PROSPECTUS,14,4,,,
53919,2696282000000,250.0,Pastelaria,"Baguete Constance, 250 g",,0.79,3.16,0,kg,€/Kg,,,https://driveimg1.intermarche.com/pt/Content/images/boitmal/produit/zoom/E31381B4AE9393D5575E71A4567985AE.jpg,,,,2025-12-24T23:59:59Z,PROSPECTUS,14,4,,,
54230,8005125677832,,Clementoni,Microscópio Pro,,32.99,32.99,0,,€/Unidade,,,https://driveimg1.intermarche.com/pt/Content/images/boitmal/produit/zoom/4D89C1CDB877ECE2A95541FC91202956.jpg,,,,2025-12-24T23:59:59Z,PROSPECTUS,14,4,,,
54234,8410104882679,38.0,Air Wick,"Ambientador Eléctrico Delícias de Verão Recarga, 2x19ml",,5.49,144.47,38,L,€/L,,,https://driveimg1.intermarche.com/pt/Content/images/boitmal/produit/zoom/B556ED2219FA1FF0B6987F8333E98AD5.jpg,https://driveimg1.intermarche.com/pt/Content/images/boitmal/produit/zoom/C8DDA33289997E47DBFE45FC9DFA0415.jpg,https://driveimg1.intermarche.com/pt/Content/images/boitmal/produit/zoom/C8DDA33289997E47DBFE45FC9DFA0415.jpg,https://driveimg1.intermarche.com/pt/Content/images/boitmal/produit/zoom/C8DDA33289997E47DBFE45FC9DFA0415.jpg,2025-12-24T23:59:59Z,PROSPECTUS,14,4,https://driveimg1.intermarche.com/pt/Content/images/boitmal/produit/zoom/C8DDA33289997E47DBFE45FC9DFA0415.jpg,,
54346,8435495843733,,Gama,"Detergente Roupa Máquina Líquido Cuidado Diário, 80D",,5.99,5.99,0,,€/Unidade,,,https://driveimg1.intermarche.com/pt/Content/images/boitmal/produit/zoom/E5D9177D92E6E9DF5147C07C4D5C380F.jpg,,,,2025-12-24T23:59:59Z,PROSPECTUS,14,4,,,
54560,5604260332854,200.0,Labell,Desodorizante Baunilha 200ml,,1.39,6.95,200,L,€/L,,,https://driveimg1.intermarche.com/pt/Content/images/boitmal/produit/zoom/9AF2AD61BA0D156ABC3D6C34F2A7C617.jpg,,,,2025-12-24T23:59:59Z,PROSPECTUS,14,4,,,
54561,5604260332861,200.0,Labell,Desodorizante Romã 200ml,,1.39,6.95,200,L,€/L,,,https://driveimg1.intermarche.com/pt/Content/images/boitmal/produit/zoom/ACC69522B1BFD3F209DBE62326B0EFA2.jpg,,,,2025-12-24T23:59:59Z,PROSPECTUS,14,4,,,
54578,5604260332847,200.0,Labell Men,Deo Antitranspirante Invisible 200ml,,1.39,6.95,200,L,€/L,,,https://driveimg1.intermarche.com/pt/Content/images/boitmal/produit/zoom/9F97A1D9614F72330708B76934B0733F.jpg,,,,2025-12-24T23:59:59Z,PROSPECTUS,14,4,,,
54579,5604260332823,200.0,Labell Men,Desodorizante Energy 200ml,,1.39,6.95,200,L,€/L,,,https://driveimg1.intermarche.com/pt/Content/images/boitmal/produit/zoom/451A5441C9A7847154D99DC9B02B4E0F.jpg,,,,2025-12-24T23:59:59Z,PROSPECTUS,14,4,,,
54605,8720181468377,720.0,Dove,"Gel de banho fruity nourish, 720ml",,7.99,11.1,720,L,€/L,,,https://driveimg1.intermarche.com/pt/Content/images/boitmal/produit/zoom/FFA7012232765CFD968E176F1C94593A.jpg,,,,2025-12-24T23:59:59Z,PROSPECTUS,14,4,,,
54606,8720181466359,720.0,Dove,"Gel de banho hydrate, 720ml",,7.99,11.1,720,L,€/L,,,https://driveimg1.intermarche.com/pt/Content/images/boitmal/produit/zoom/73576AE98695DDB42CEBA03FBEBB469E.jpg,,,,2025-12-24T23:59:59Z,PROSPECTUS,14,4,,,
54608,4005900998811,750.0,Nivea,"Gel de banho care & coconut, 750ml",,4.99,6.65,750,L,€/L,,,https://driveimg1.intermarche.com/pt/Content/images/boitmal/produit/zoom/EDEBB97E280B5BD61B8D840462A7ADFD.jpg,,,,2025-12-24T23:59:59Z,PROSPECTUS,14,4,,,
54616,8700216322089,,Fairy,"Detergente Máquina Loiça Pastilhas Platinum Plus Tudo em 1 Limão, 30D",,8.99,8.99,0,,€/Unidade,,,https://driveimg1.intermarche.com/pt/Content/images/boitmal/produit/zoom/094A75AC8A071DA408FC35BE073E31DE.jpg,,,,2025-12-24T23:59:59Z,PROSPECTUS,14,4,,,
54675,5000159561877,135.0,Mars,"Snack de chocolate, 3 x 45 g",,2.45,18.15,0,kg,€/Kg,,,https://driveimg1.intermarche.com/pt/Content/images/boitmal/produit/zoom/578DFB79213B601C4F54634F988CF65F.jpg,,,,2025-12-24T23:59:59Z,PROSPECTUS,14,4,,,
54677,5000159560061,150.0,Snickers,"Snack de chocolate, 3 x 50 g",,2.45,16.33,0,kg,€/Kg,,,https://driveimg1.intermarche.com/pt/Content/images/boitmal/produit/zoom/FB828799227087CE8460B161A81B2335.jpg,,,,2025-12-24T23:59:59Z,PROSPECTUS,14,4,,,
54713,8434165614406,426.0,Cuétara,"Bolachas ricanela, 341 gr + 20% grátis",,1.99,4.67,0,kg,€/Kg,,,https://driveimg1.intermarche.com/pt/Content/images/boitmal/produit/zoom/4EAC122C1176EDD38AA333B3B33A8836.jpg,,,,2025-12-24T23:59:59Z,PROSPECTUS,14,4,,,
54798,5603722521560,604.0,Mimosa,"Iogurte liquido frutos tropicais, 4 x 151 ml",,1.37,2.27,604,L,€/L,,,https://driveimg1.intermarche.com/pt/Content/images/boitmal/produit/zoom/49B490BBEC557A29CF9B663AE694D2B4.jpg,,,,2025-12-24T23:59:59Z,PROSPECTUS,14,4,,,
54875,8700216211239,350.0,Herbal Essences,"Champô Hidrata Coco, 350ml",,3.99,11.4,350,L,€/L,,,https://driveimg1.intermarche.com/pt/Content/images/boitmal/produit/zoom/287DC4621688B194AA054D93FD745F7C.jpg,,,,2025-12-24T23:59:59Z,PROSPECTUS,14,4,,,
55016,8445291099449,,Buondi,"Cápsulas de Café Encorpado Int 9, emb. 10 un",,2.99,2.99,0,,€/Unidade,,,https://driveimg1.intermarche.com/pt/Content/images/boitmal/produit/zoom/6CD3BCFA20E90C6FDE3E50CF099D7FCD.jpg,,,,2025-12-24T23:59:59Z,PROSPECTUS,14,4,,,
55017,8445291099463,,Buondi,"Cápsulas de Descafeinado Int 8, 10un.",,2.99,2.99,10,,€/Unidade,,,https://driveimg1.intermarche.com/pt/Content/images/boitmal/produit/zoom/D62C66E6B0B5638CC9A3166C28F9B020.jpg,,,,2025-12-24T23:59:59Z,PROSPECTUS,14,4,,,
55027,8711327640306,204.0,Magnum,"Gelado Bombom Caramelo Salgado e Amêndoas, 12 x 17ml",,3.59,17.6,204,L,€/L,,Tipo de stockagem,https://driveimg1.intermarche.com/pt/Content/images/boitmal/produit/zoom/F77F67DDB6AF28DC10527F2C42EC7AC2.jpg,,,,2025-12-24T23:59:59Z,PROSPECTUS,14,4,,,
55028,8711327640450,204.0,Magnum,"Gelado Bombom Chocolate Branco e Cookies, 12 x 17ml",,3.59,17.6,204,L,€/L,,Tipo de stockagem,https://driveimg1.intermarche.com/pt/Content/images/boitmal/produit/zoom/984A4EA72874051F4DF6EE3A7421716E.jpg,,,,2025-12-24T23:59:59Z,PROSPECTUS,14,4,,,
55046,9000275618116,59.0,Knorr,"Creme Espargos e Croutons, 59g",,2.24,37.97,0,kg,€/Kg,,,https://driveimg1.intermarche.com/pt/Content/images/boitmal/produit/zoom/B62F41D3DA9DA96C41EE9E0EF42F54DC.jpg,https://driveimg1.intermarche.com/pt/Content/images/boitmal/produit/zoom/3512A20A4CB16C56F540417FF8830583.jpg,,,2025-12-24T23:59:59Z,PROSPECTUS,14,4,,,
55048,5601027119314,450.0,Bimbo,"Pão de Forma sem Côdea Especial Torradas, 450g",,1.59,3.53,0,kg,€/Kg,,,https://driveimg1.intermarche.com/pt/Content/images/boitmal/produit/zoom/69A45E2426650208EA15662B8A909844.jpg,https://driveimg1.intermarche.com/pt/Content/images/boitmal/produit/zoom/0B04BFB55D3DA88AC5B91EAE2D9E3148.jpg,https://driveimg1.intermarche.com/pt/Content/images/boitmal/produit/zoom/0B04BFB55D3DA88AC5B91EAE2D9E3148.jpg,,2025-12-24T23:59:59Z,PROSPECTUS,14,4,,,
55156,8719200274150,500.0,Vaqueiro,"Creme Culinário, 500g",,1.99,3.98,0,kg,€/Kg,,,https://driveimg1.intermarche.com/pt/Content/images/boitmal/produit/zoom/EE4037CFA60F756DCD627E782CDE4558.jpg,,,,2025-12-24T23:59:59Z,PROSPECTUS,14,4,,,
55185,5601151963869,410.0,Compal,"Lentilhas Cozidas, 410g",,1.49,3.63,0,kg,€/Kg,,,https://driveimg1.intermarche.com/pt/Content/images/boitmal/produit/zoom/EF5BD1BEC2A2D5B65F9A2DBB0455AB3E.jpg,,,,2025-12-24T23:59:59Z,PROSPECTUS,14,4,,,
55207,8445291179684,,Nescafé,"Cápsulas de Achocolatado Kit Kat, emb. 16 un",,5.19,5.19,16,,€/Unidade,,,https://driveimg1.intermarche.com/pt/Content/images/boitmal/produit/zoom/6E32D338EDE643DDBA69644FE859F168.jpg,https://driveimg1.intermarche.com/pt/Content/images/boitmal/produit/zoom/BF7469941F142C4223F4AA363B6728FD.jpg,https://driveimg1.intermarche.com/pt/Content/images/boitmal/produit/zoom/0335FC8798148F62A8A8DB28E765DE28.jpg,https://driveimg1.intermarche.com/pt/Content/images/boitmal/produit/zoom/1E7A04BC70202CFF06807A484D4EC68D.jpg,2025-12-24T23:59:59Z,PROSPECTUS,14,4,,,
55253,8445290752352,340.0,Purina Friskies,"Comida Húmida para Cão Adulto Frango, emb. 4 x 85 gr",,1.94,5.71,0,kg,€/Kg,,,https://driveimg1.intermarche.com/pt/Content/images/boitmal/produit/zoom/4C1282F5FEF5091F2777242B74AFA90D.jpg,,,,2025-12-24T23:59:59Z,PROSPECTUS,14,4,,,
5632,5602445000536,750.0,Encosta das Perdizes,Vinho regional alentejano tinto,Garrafa de 750 ml,2.69,3.59,750,L,€/L,,,https://driveimg1.intermarche.com/pt/Content/images/boitmal/produit/zoom/ADC7AAF1E42FC34FB14363D21F98FEE3.jpg,,,,2025-12-24T23:59:59Z,PROSPECTUS,14,4,,,
56335,5604260326167,750.0,Selecção de Enófilos,"Porto 10 Anos 20% Vol. 0,75l",,9.49,12.65,750,L,€/L,,,https://driveimg1.intermarche.com/pt/Content/images/boitmal/produit/zoom/A385406AE03F1BFDA3BA94CFB04B8A9A.jpg,,,,2025-12-24T23:59:59Z,PROSPECTUS,14,4,,,
56369,5604260334377,,PorSi,Resguardos Salvacamas 60x60cm - 20 Unidades Dispositivo Médico,,4.49,4.49,0,,€/Unidade,,,https://driveimg1.intermarche.com/pt/Content/images/boitmal/produit/zoom/A604E2484AD96084725A9CF4E9FE0CB5.jpg,,,,2025-12-24T23:59:59Z,PROSPECTUS,14,4,,,
56370,5604260334391,,PorSi,Resguardos Salvacamas 90x180cm - 20 Unidades Dispositivo Médico,,9.49,9.49,0,,€/Unidade,,,https://driveimg1.intermarche.com/pt/Content/images/boitmal/produit/zoom/D2C75C4E28834B9D0CA4695F3D07E3A9.jpg,,,,2025-12-24T23:59:59Z,PROSPECTUS,14,4,,,
