identifier,produitEan13,capacite,marque,libelle,conditionnement,prix,unitPrice,volume,typeProduit_uniteByCode,unit_value,pictogrammes_0,pictogrammes_libelleCategorie,avantages_dateFin,avantages_categorie,images_0,images_1,images_2,nro_paginas,page,images_3,images_4,images_5
1120,5601066301718,500.0,Nacional,Massa de espirais,Embalagem de 500g,0.93,1.86,0,kg,€/Kg,,,2024-08-07T23:59:59.999999999+01:00,PROSPECTUS,https://driveimg1.intermarche.com/pt/Content/images/boitmal/produit/zoom/53CA28E35AF8AD40FCE8516799A2B51B.jpg,,,12,1,,,
8383,5601049132995,1000.0,Mimosa,Leite uht meio gordo,Embalagem de 1 litro,0.86,0.86,1000,L,€/L,,,2024-08-07T23:59:59.999999999+01:00,PROSPECTUS,https://driveimg1.intermarche.com/pt/Content/images/boitmal/produit/zoom/30AE72C16512D7F6E9C8B5E7CBD4B0A2.jpg,https://driveimg1.intermarche.com/pt/Content/images/boitmal/produit/zoom/AE810093A08CEBD60415DCC626CF5804.jpg,https://driveimg1.intermarche.com/pt/Content/images/boitmal/produit/zoom/A0562293538F541B1B99592AA046327B.jpg,12,1,,,
30958,5449000957955,3500.0,Coca-Cola,Coca-cola zero,pack 2 x 1.75 l,3.14,0.9,3500,L,€/L,,,2024-08-07T23:59:59.999999999+01:00,PROSPECTUS,https://driveimg1.intermarche.com/pt/Content/images/boitmal/produit/zoom/9B5373624D44366A3ACEBCD7C73191EB.jpg,,,12,1,,,
13865,2891042000000,1000.0,Porco,Costeletas do Cachaço,Vendido ao peso a partir de 1 kg,4.98,4.98,0,,€/Kg,,,2024-08-07T23:59:59.999999999+01:00,PROSPECTUS,https://driveimg1.intermarche.com/pt/Content/images/boitmal/produit/zoom/9CC30521C194F3CF0E71F32C6E004880.jpg,,,12,1,,,
26047,8412600070994,650.0,Bimbo,Pão de forma s/ côdea,Embalagem de 650 g,2.09,3.22,0,kg,€/Kg,,,2024-08-07T23:59:59.999999999+01:00,PROSPECTUS,https://driveimg1.intermarche.com/pt/Content/images/boitmal/produit/zoom/998967574B383CCF8D49F03316F06108.jpg,,,12,1,,,
12972,2892040000000,1000.0,Fruta,Banana,1 un = 200 gr (aprox.),1.09,1.09,0,,€/Kg,,,2024-08-07T23:59:59.999999999+01:00,PROSPECTUS,https://driveimg1.intermarche.com/pt/Content/images/boitmal/produit/zoom/C368220872795E9863F1F37C2230CCEA.jpg,,,12,1,,,
46216,5603722519925,480.0,Mimosa,"Iogurte batido magro com mirtilos sem lactose, 4 x 120 g",,1.69,3.52,0,kg,€/Kg,,,2024-08-07T23:59:59.999999999+01:00,PROSPECTUS,https://driveimg1.intermarche.com/pt/Content/images/boitmal/produit/zoom/BB82BE081E1283797B43170E5EC56176.jpg,,,12,1,,,
11640,5601180000993,1000.0,Vigor,Leite pasteurizado gordo,Garrafa de 1 l,0.98,0.98,1000,L,€/L,,,2024-08-02T23:59:59.999999999+01:00,PROSPECTUS,https://driveimg1.intermarche.com/pt/Content/images/boitmal/produit/zoom/D35A2632D9FCF31B32BD4205099C2552.jpg,,,12,1,,,
18426,3600541887817,400.0,Ultra Suave,Champô Delicias de Aveia,Embalagem de 400 ml,3.79,9.48,400,L,€/L,,,2024-08-07T23:59:59.999999999+01:00,PROSPECTUS,https://driveimg1.intermarche.com/pt/Content/images/boitmal/produit/zoom/6E178A060EBA624F1168DFA6C596E4DF.jpg,,,12,1,,,
18628,5601028002707,,Renova,Rolo de Cozinha Multi,4 Rolos,1.49,1.49,0,,€/Unidade,,,2024-08-02T23:59:59.999999999+01:00,PROSPECTUS,https://driveimg1.intermarche.com/pt/Content/images/boitmal/produit/zoom/EC28E7C70040AEF56E88826756B8374D.jpg,,,12,1,,,
36282,5602016061096,750.0,Cacho Fresco,Vinho branco frisante,Garrafa de 0.75 l,1.64,2.19,750,L,€/L,,,2024-08-07T23:59:59.999999999+01:00,PROSPECTUS,https://driveimg1.intermarche.com/pt/Content/images/boitmal/produit/zoom/5A84D9FCFD5D8797917DBD1BC3DA5748.jpg,,,12,1,,,
25539,7613035799837,3000.0,Friskies,Ração para gato esterilizado com peru,Embalagem de 3 kg,8.74,2.91,0,kg,€/Kg,,,2024-08-07T23:59:59.999999999+01:00,PROSPECTUS,https://driveimg1.intermarche.com/pt/Content/images/boitmal/produit/zoom/E82B69BA777EE2BE9204C639DD18E36B.jpg,,,12,1,,,
1677,5602711001311,1000.0,Rar,Açúcar granulado embalado em papel,Embalagem de 1 kg,1.59,1.59,0,kg,€/Kg,,,2024-08-02T23:59:59.999999999+01:00,PROSPECTUS,https://driveimg1.intermarche.com/pt/Content/images/boitmal/produit/zoom/F8294E745C95C50AD875621A802EA691.jpg,,,12,1,,,
15687,5000116109234,700.0,Iglo,Ervilhas,Embalagem de 700g,2.98,4.26,0,kg,€/Kg,,Tipo de stockagem,2024-08-02T23:59:59.999999999+01:00,PROSPECTUS,https://driveimg1.intermarche.com/pt/Content/images/boitmal/produit/zoom/71AD6BFBFF464D2A1A4DF7364A6C0B7A.jpg,,,12,1,,,
10128,8006540836224,,Dodot,Toalhitas Pure 0% Plástico,Embalagem de 48 unidades,1.74,1.74,0,,€/Unidade,,,2024-08-02T23:59:59.999999999+01:00,PROSPECTUS,https://driveimg1.intermarche.com/pt/Content/images/boitmal/produit/zoom/17235F16D1C1F2E1B279ED0493A63896.jpg,,,12,1,,,
31947,5601151973554,1250.0,Seven-up,Refrigerante com Gás Lima Limão Free,"Garrafa de 1,25 l",1.09,0.87,1250,L,€/L,,,2024-08-02T23:59:59.999999999+01:00,PROSPECTUS,https://driveimg1.intermarche.com/pt/Content/images/boitmal/produit/zoom/8A720C0899795D87955A54DE55D0D0B2.jpg,,,12,1,,,
13866,2891048000000,1000.0,Porco,Bifanas,Vendido ao peso a partir de 1 kg,4.29,4.29,0,,€/Kg,,,2024-08-07T23:59:59.999999999+01:00,PROSPECTUS,https://driveimg1.intermarche.com/pt/Content/images/boitmal/produit/zoom/C9E276B082B119EFEDC2A2B0E1BC737E.jpg,,,12,1,,,
17953,2696425000000,400.0,Garcia & Filhos,Pão Procorn,1 unidade = 400 g,1.89,4.73,0,kg,€/Kg,,,2024-08-07T23:59:59.999999999+01:00,PROSPECTUS,https://driveimg1.intermarche.com/pt/Content/images/boitmal/produit/zoom/47090D88AB5B869A85EB657102B1E9EF.jpg,,,12,1,,,
16983,8712100735455,540.0,Olá,Gelado cornetto morango,Embalagem de 6 x 90 ml,3.56,6.59,540,L,€/L,,Tipo de stockagem,2024-08-02T23:59:59.999999999+01:00,PROSPECTUS,https://driveimg1.intermarche.com/pt/Content/images/boitmal/produit/zoom/B4DE454FD5CA5C67863F06FFF45366E8.jpg,https://driveimg1.intermarche.com/pt/Content/images/boitmal/produit/zoom/FF03523E6B925BE3441B0A34A996CA2B.jpg,https://driveimg1.intermarche.com/pt/Content/images/boitmal/produit/zoom/FF03523E6B925BE3441B0A34A996CA2B.jpg,12,1,,,
12978,2892462000000,400.0,Legumes,Alface Frisada,1 un= 400 g (aprox.),0.48,1.19,0,,€/Kg,,,2024-08-07T23:59:59.999999999+01:00,PROSPECTUS,https://driveimg1.intermarche.com/pt/Content/images/boitmal/produit/zoom/14C8DBD7827DB992F77D5C5056950123.jpg,,,12,1,,,
24371,5601050033014,620.0,Danone,"Iogurte líquido pinacolada corpos danone,  4 x 155 g",,1.69,2.73,0,kg,€/Kg,,,2024-08-07T23:59:59.999999999+01:00,PROSPECTUS,https://driveimg1.intermarche.com/pt/Content/images/boitmal/produit/zoom/BA062C78232ADE921CB0D8917CC39423.jpg,,,12,1,,,
12356,8410108122535,,Dodot,Toalhitas Sensitive |Recarga,Pack: 4 x54 unidades,5.99,5.99,0,,€/Unidade,,,2024-08-07T23:59:59.999999999+01:00,PROSPECTUS,https://driveimg1.intermarche.com/pt/Content/images/boitmal/produit/zoom/25B89D0E4CFA95A39B00208C4F12F5D5.jpg,https://driveimg1.intermarche.com/pt/Content/images/boitmal/produit/zoom/47D40D02C955E98DB96B03E04432FF85.jpg,https://driveimg1.intermarche.com/pt/Content/images/boitmal/produit/zoom/47D40D02C955E98DB96B03E04432FF85.jpg,12,1,,,
26300,4000388177000,250.0,Dove,"Sabonete Líquido Original, 250 ml",,2.39,9.56,250,L,€/L,,,2024-08-02T23:59:59.999999999+01:00,PROSPECTUS,https://driveimg1.intermarche.com/pt/Content/images/boitmal/produit/zoom/4CDFFBE6127F9BD8A2946AFF52A0239A.jpg,,,12,1,,,
29738,8410436324533,1300.0,Sonasol,Lava Tudo Flores Montanha,1.3 l,2.09,1.61,1300,L,€/L,,,2024-08-02T23:59:59.999999999+01:00,PROSPECTUS,https://driveimg1.intermarche.com/pt/Content/images/boitmal/produit/zoom/619CC29EDCFB8BA35BEA4FA4EA1CE5DD.jpg,,,12,1,,,
11883,5602445000543,750.0,Encosta das Perdizes,Vinho regional alentejano reserva tinto,Garrafa de 0.75 l,3.29,4.39,750,L,€/L,,,2024-08-02T23:59:59.999999999+01:00,PROSPECTUS,https://driveimg1.intermarche.com/pt/Content/images/boitmal/produit/zoom/97CDEC766F9D980921096CEB55AB1DA5.jpg,,,12,1,,,
2777,8410168399823,3000.0,Friskies,Ração para cão júnior vitafit com frango e leite,Embalagem de 3 kg,9.74,3.25,0,kg,€/Kg,,,2024-08-07T23:59:59.999999999+01:00,PROSPECTUS,https://driveimg1.intermarche.com/pt/Content/images/boitmal/produit/zoom/0DFCA8E5439FA8FC7457AA59F9A611A6.jpg,,,12,1,,,
13833,2892579000000,300.0,Legumes,Pepino,1 un = 300 gr  (aprox.),0.36,1.19,0,,€/Kg,,,2024-08-07T23:59:59.999999999+01:00,PROSPECTUS,https://driveimg1.intermarche.com/pt/Content/images/boitmal/produit/zoom/81A5C57CCE1518487B68F04112010F92.jpg,,,12,1,,,
12994,2892524000000,100.0,Legumes,Cenoura Granel,1 un = 100 gr (aprox.),0.09,0.89,0,,€/Kg,,,2024-08-07T23:59:59.999999999+01:00,PROSPECTUS,https://driveimg1.intermarche.com/pt/Content/images/boitmal/produit/zoom/6427FE21A79FA79A1E8CC03E5F3B3703.jpg,,,12,1,,,
36522,5604260292042,,PorSi,Papel higiénico macio absorvente,12 rolos,2.59,2.59,0,,€/Unidade,,,2024-08-02T23:59:59.999999999+01:00,PROSPECTUS,https://driveimg1.intermarche.com/pt/Content/images/boitmal/produit/zoom/839473679F0155D9469467503CB1B3E6.jpg,,,12,1,,,
15922,2892269000000,150.0,Fruta,Nectarina,1 un = 150 gr (aprox.),0.28,1.89,0,,€/Kg,,,2024-08-07T23:59:59.999999999+01:00,PROSPECTUS,https://driveimg1.intermarche.com/pt/Content/images/boitmal/produit/zoom/3A8538F6AC415625F5A1969A6F07D441.jpg,,,12,1,,,
28607,5604260278442,640.0,PorSi,"Iogurte líquido morango/banana,  4 x 160 g",,1.38,2.16,0,kg,€/Kg,,,2024-08-02T23:59:59.999999999+01:00,PROSPECTUS,https://driveimg1.intermarche.com/pt/Content/images/boitmal/produit/zoom/E93EE6852A43EE33A208A07B3A318C73.jpg,,,12,1,,,
14897,2892245000000,4000.0,Fruta,Melancia Riscada,Vendido ao peso | 1 un = 4kg (aprox.),2.36,0.59,0,,€/Kg,,,2024-08-07T23:59:59.999999999+01:00,PROSPECTUS,https://driveimg1.intermarche.com/pt/Content/images/boitmal/produit/zoom/AA3D63A30F9BA2DBBD75810E5FD774FC.jpg,,,12,1,,,
9691,5604260270613,500.0,PorSi,Queijo Flamengo Fatias,Embalagem 500G,3.99,7.98,0,kg,€/Kg,,,2024-08-02T23:59:59.999999999+01:00,PROSPECTUS,https://driveimg1.intermarche.com/pt/Content/images/boitmal/produit/zoom/FFFF236BFADF54D62A4E0EFB7AF0E7B7.jpg,,,12,1,,,
9727,5604260273058,200.0,PorSi,Queijo mozzarella ralado,Embalagem de 200 g,1.39,6.95,0,kg,€/Kg,,,2024-08-02T23:59:59.999999999+01:00,PROSPECTUS,https://driveimg1.intermarche.com/pt/Content/images/boitmal/produit/zoom/06A41E6C952C21A7856951F2F972349C.jpg,,,12,1,,,
15767,2892306000000,150.0,Fruta,Pêssego Vermelho Paraguaio,1 un = 150 gr (aprox.),0.25,1.69,0,,€/Kg,,,2024-08-07T23:59:59.999999999+01:00,PROSPECTUS,https://driveimg1.intermarche.com/pt/Content/images/boitmal/produit/zoom/9005EDA76D054A9925A65C66022A136F.jpg,,,12,1,,,
5772,5604260025275,200.0,PorSi,"Fiambre extra, fatiado",Embalagem de 200g,1.99,9.95,0,kg,€/Kg,,,2024-08-02T23:59:59.999999999+01:00,PROSPECTUS,https://driveimg1.intermarche.com/pt/Content/images/boitmal/produit/zoom/E1FD3B6764CBA26BBE33F1BC49A13FA3.jpg,,,12,1,,,
1308,5601151979099,1250.0,Sumol,Refrigerante com gás de laranja,"Garrafa de 1,25 l",1.09,0.87,1250,L,€/L,,,2024-08-02T23:59:59.999999999+01:00,PROSPECTUS,https://driveimg1.intermarche.com/pt/Content/images/boitmal/produit/zoom/ECE6BD1006EEE4AC73A1110926F981DC.jpg,,,12,1,,,
18296,5604260278428,640.0,PorSi,"Iogurte líquido pinacolada,  4 x 160 g",,1.38,2.16,0,kg,€/Kg,,,2024-08-02T23:59:59.999999999+01:00,PROSPECTUS,https://driveimg1.intermarche.com/pt/Content/images/boitmal/produit/zoom/E2D38B384B5C05E85037B10175E3330E.jpg,,,12,1,,,
19447,5604260278473,640.0,PorSi,"Iogurte líquido de frutos vermelhos,  4 x 160 g",,1.38,2.16,0,kg,€/Kg,,,2024-08-02T23:59:59.999999999+01:00,PROSPECTUS,https://driveimg1.intermarche.com/pt/Content/images/boitmal/produit/zoom/891F6EF8D7281D5B469468F4C3F4A246.jpg,,,12,1,,,
25597,5601151979303,1200.0,Bongo,Néctar 8 frutos,Pack 6 x 200 ml,2.19,1.83,1200,L,€/L,,,2024-08-02T23:59:59.999999999+01:00,PROSPECTUS,https://driveimg1.intermarche.com/pt/Content/images/boitmal/produit/zoom/8F7097498E407AAD3EBA218E9E0D2469.jpg,,,12,1,,,
26772,5449000106186,3500.0,Coca-Cola,Refrigerante c/ gás,pack 2 x 1.75 l,3.68,1.05,3500,L,€/L,,,2024-08-07T23:59:59.999999999+01:00,PROSPECTUS,https://driveimg1.intermarche.com/pt/Content/images/boitmal/produit/zoom/1D4EC82F15980642AA3BE6E246545A05.jpg,,,12,1,,,
28608,5604260282821,160.0,PorSi,"Iogurte Líquido Frutos Tropicais, 4 x 160g",,1.38,8.63,0,kg,€/Kg,,,2024-08-02T23:59:59.999999999+01:00,PROSPECTUS,https://driveimg1.intermarche.com/pt/Content/images/boitmal/produit/zoom/EB7AD688B381BBBCE16BBE5DF0C318EE.jpg,,,12,1,,,
1188,5601119007970,200.0,Nobre,Salsichas de porco,Lata de 200g,1.39,6.95,0,kg,€/Kg,,,2024-08-07T23:59:59.999999999+01:00,PROSPECTUS,https://driveimg1.intermarche.com/pt/Content/images/boitmal/produit/zoom/01CF2549C0E08C23060DD310D0C9B5DD.jpg,,,12,1,,,
1315,5601151983508,1250.0,Seven-up,Refrigerante com Gás Lima Limão,"Garrafa de 1,25 l",1.19,0.95,1250,L,€/L,,,2024-08-02T23:59:59.999999999+01:00,PROSPECTUS,https://driveimg1.intermarche.com/pt/Content/images/boitmal/produit/zoom/D7ADD067C52BBE29F907539EA3813D05.jpg,,,12,1,,,
405,8712566410910,280.0,Calvé,Ketchup,Embalagem de 280g,1.84,6.57,0,kg,€/Kg,,,2024-08-07T23:59:59.999999999+01:00,PROSPECTUS,https://driveimg1.intermarche.com/pt/Content/images/boitmal/produit/zoom/D7E099A6ABAECF4C5D06260734A2C975.jpg,https://driveimg1.intermarche.com/pt/Content/images/boitmal/produit/zoom/0D7B165FF00CA45BD8F6AC077E3CA1EC.jpg,https://driveimg1.intermarche.com/pt/Content/images/boitmal/produit/zoom/0D7B165FF00CA45BD8F6AC077E3CA1EC.jpg,12,1,,,
40749,5604260304158,1000.0,PorSi,Detergente liquido loiça clássico,Garrafa de 1 litro,0.89,0.89,1000,L,€/L,,,2024-08-02T23:59:59.999999999+01:00,PROSPECTUS,https://driveimg1.intermarche.com/pt/Content/images/boitmal/produit/zoom/AF2F1189F25F58E20EE8C7BA2141119A.jpg,,,12,1,,,
40750,5604260304165,1000.0,PorSi,Detergente liquido loiça limão,Garrafa de 1 litro,0.89,0.89,1000,L,€/L,,,2024-08-02T23:59:59.999999999+01:00,PROSPECTUS,https://driveimg1.intermarche.com/pt/Content/images/boitmal/produit/zoom/133A79C299237D7021118245D0D00D2E.jpg,,,12,1,,,
41876,5604172000520,9000.0,Monchique,"Água Mineral Natural, 6 x 1.5l",,3.59,0.4,9000,L,€/L,,,2024-08-07T23:59:59.999999999+01:00,PROSPECTUS,https://driveimg1.intermarche.com/pt/Content/images/boitmal/produit/zoom/96F4F2E330EF0E7DD342F519AF275171.jpg,,,12,1,,,
46922,5601897500021,,Matinados,Ovos de Galinha ao Ar Livre Classe M/L,12 unidades,2.79,2.79,0,,€/Unidade,,,2024-08-07T23:59:59.999999999+01:00,PROSPECTUS,https://driveimg1.intermarche.com/pt/Content/images/boitmal/produit/zoom/D418E60C080058753E8CC98EB5E81765.jpg,,,12,1,,,
48083,5604260323135,1000.0,PorSi,Oleo alimentar,Garrafa de 1 l,1.49,1.49,1000,L,€/L,,,2024-08-02T23:59:59.999999999+01:00,PROSPECTUS,https://driveimg1.intermarche.com/pt/Content/images/boitmal/produit/zoom/8B2EE5D82D8A9168ABD059EAAC852768.jpg,,,12,1,,,
13817,2892582000000,250.0,Legumes,Pimento Verde,1 un = 250 gr  (aprox.),0.5,1.99,0,,€/Kg,,,2024-08-07T23:59:59.999999999+01:00,PROSPECTUS,https://driveimg1.intermarche.com/pt/Content/images/boitmal/produit/zoom/7B3A4CEB1862E90C3453A121EC9872E4.jpg,,,12,1,,,
45212,5604260313440,,PorSi,Toalhitas Bebé Basic,Embalagem de 72 unidades,0.89,0.89,0,,€/Unidade,,,2024-08-02T23:59:59.999999999+01:00,PROSPECTUS,https://driveimg1.intermarche.com/pt/Content/images/boitmal/produit/zoom/856ACD070E028237EAE2C96F31396D77.jpg,,,12,1,,,
49479,5601151969465,1750.0,Sumol,Refrigerante com Gás Laranja Sem Açúcar,Garrafa de 1.75 l,1.39,0.79,1750,L,€/L,,,2024-08-02T23:59:59.999999999+01:00,PROSPECTUS,https://driveimg1.intermarche.com/pt/Content/images/boitmal/produit/zoom/B1A5F916FFA77C7E7F9A1CB0E85C459E.jpg,,,12,1,,,
927,5601001180903,380.0,Nestlé,Cereais chocapic,Embalagem de 375 g,2.29,6.03,0,kg,€/Kg,,,2024-08-02T23:59:59.999999999+01:00,PROSPECTUS,https://driveimg1.intermarche.com/pt/Content/images/boitmal/produit/zoom/6DE0110672BED70DCD1FFE94A66DEB48.jpg,,,12,1,,,
9279,5603533652002,1000.0,Frize,Água c/ gás limão,pack 4 x 0.25 l,1.99,1.99,1000,L,€/L,,,2024-08-02T23:59:59.999999999+01:00,PROSPECTUS,https://driveimg1.intermarche.com/pt/Content/images/boitmal/produit/zoom/5168323A2D812BEF907FCB0E5F1CDA9E.jpg,,,12,1,,,
973,5601024105020,1000.0,Fula,Óleo alimentar,Embalagem 1L,1.99,1.99,1000,L,€/L,,,2024-08-02T23:59:59.999999999+01:00,PROSPECTUS,https://driveimg1.intermarche.com/pt/Content/images/boitmal/produit/zoom/82D3E88293E42CC5B178C569AA9B57E6.jpg,,,12,1,,,
978,5601024134136,750.0,Oliveira da Serra,Azeite,Embalagem de 750 ml,4.99,6.65,750,L,€/L,,,2024-08-02T23:59:59.999999999+01:00,PROSPECTUS,https://driveimg1.intermarche.com/pt/Content/images/boitmal/produit/zoom/4618FCD27F27BDBAA8CF1CDC30F2EFF5.jpg,,,12,1,,,
1010,5601038300091,240.0,Knorr,Caldo de galinha 24 cubos,Embalagem de 240g,2.49,10.38,0,kg,€/Kg,,,2024-08-02T23:59:59.999999999+01:00,PROSPECTUS,https://driveimg1.intermarche.com/pt/Content/images/boitmal/produit/zoom/4EAB67797AD4AB1D62B7E64BA0380D8B.jpg,,,12,1,,,
11641,5601180001020,1000.0,Vigor,Leite pasteurizado meio gordo,Garrafa de 1 l,0.98,0.98,1000,L,€/L,,,2024-08-02T23:59:59.999999999+01:00,PROSPECTUS,https://driveimg1.intermarche.com/pt/Content/images/boitmal/produit/zoom/27E81D9C59177D8FE66A1E22F472A238.jpg,,,12,1,,,
12943,2892087000000,1500.0,Fruta,Mamão,"1 un = 1,5 kg (aprox.)",5.54,3.69,0,,€/Kg,,,2024-08-07T23:59:59.999999999+01:00,PROSPECTUS,https://driveimg1.intermarche.com/pt/Content/images/boitmal/produit/zoom/7BEA239E9FBE1F40B72B7D640F731AC1.jpg,,,12,1,,,
13892,2891041000000,1000.0,Porco,Costeletas do Lombo,Vendido ao peso a partir de 1 kg,3.99,3.99,0,,€/Kg,,,2024-08-07T23:59:59.999999999+01:00,PROSPECTUS,https://driveimg1.intermarche.com/pt/Content/images/boitmal/produit/zoom/0CEDBCB04142A68CDED3690FB39820D0.jpg,,,12,1,,,
1427,5601255322128,1000.0,Caçarola,Arroz agulha,Embalagem de 1 kg,1.28,1.28,0,kg,€/Kg,,,2024-08-02T23:59:59.999999999+01:00,PROSPECTUS,https://driveimg1.intermarche.com/pt/Content/images/boitmal/produit/zoom/A52540C62DF57685F2A437535D54EC25.jpg,,,12,1,,,
14684,0000080177173,350.0,Nutella,Creme para barrar de avelãs e cacau,Embalagem de 350G,3.29,9.4,0,kg,€/Kg,,,2024-08-07T23:59:59.999999999+01:00,PROSPECTUS,https://driveimg1.intermarche.com/pt/Content/images/boitmal/produit/zoom/3277225B3D0CAE93D52B7650F565CAA9.jpg,,,12,1,,,
2458,7613031423583,625.0,Nestlé,Cereais nesquik,Embalagem de 625g,3.24,5.18,0,kg,€/Kg,,,2024-08-02T23:59:59.999999999+01:00,PROSPECTUS,https://driveimg1.intermarche.com/pt/Content/images/boitmal/produit/zoom/3F494F3C149F2147A07872C278BEDBC9.jpg,,,12,1,,,
29915,5600826202982,500.0,Prozis,"Manteiga de amendoim cremosa, 500g",,3.95,7.9,0,kg,€/Kg,,,2024-08-07T23:59:59.999999999+01:00,PROSPECTUS,https://driveimg1.intermarche.com/pt/Content/images/boitmal/produit/zoom/5039923B1D2DFB66F663AC55A706C4D6.jpg,,,12,1,,,
34077,5604260287284,1500.0,PorSi,"Iogurte natural, 12 x 125g",,2.18,1.45,0,kg,€/Kg,,,2024-08-02T23:59:59.999999999+01:00,PROSPECTUS,https://driveimg1.intermarche.com/pt/Content/images/boitmal/produit/zoom/3965ED928DFAC6A0B27DB3EED0D09D6B.jpg,,,12,1,,,
35132,5604260292691,400.0,PorSi,Preparado de carne de novilho (picada),Embalagem de 400 g,3.99,9.98,0,kg,€/Kg,,,2024-08-07T23:59:59.999999999+01:00,PROSPECTUS,https://driveimg1.intermarche.com/pt/Content/images/boitmal/produit/zoom/15825CDEB8856758AED10FE91F8F1EA8.jpg,,,12,1,,,
36728,5604260294343,1000.0,PorSi,Arroz carolino,Embalagem de 1 kg,1.25,1.25,0,kg,€/Kg,,,2024-08-02T23:59:59.999999999+01:00,PROSPECTUS,https://driveimg1.intermarche.com/pt/Content/images/boitmal/produit/zoom/10350363E0DE37B1698299EA7835EFEE.jpg,,,12,1,,,
41716,5604260303809,90.0,PorSi,Saqueta de puré de fruta | maçã + pêssego + banana + pera,90 g,0.74,8.22,0,kg,€/Kg,,,2024-08-02T23:59:59.999999999+01:00,PROSPECTUS,https://driveimg1.intermarche.com/pt/Content/images/boitmal/produit/zoom/BA821088BC22D810D2198777A3EC5FCD.jpg,,,12,1,,,
41720,5604260303786,90.0,PorSi,Saqueta de puré de fruta | maçã + banana + morango,90 g,0.74,8.22,0,kg,€/Kg,,,2024-08-02T23:59:59.999999999+01:00,PROSPECTUS,https://driveimg1.intermarche.com/pt/Content/images/boitmal/produit/zoom/D8CF0CCEDABFBBF47BBC90A180FDA1C7.jpg,,,12,1,,,
48862,5604260320592,600.0,PorSi Viva Bem,"Iogurte líquido magro morango,  4x150 ml",,1.38,2.3,600,L,€/L,,,2024-08-02T23:59:59.999999999+01:00,PROSPECTUS,https://driveimg1.intermarche.com/pt/Content/images/boitmal/produit/zoom/0C694DE9782FCC84FA1DB148AA050087.jpg,,,12,1,,,
49463,8445290250322,600.0,Nestum,Flocos Cereais Mel,Embalagem de 600g,3.79,6.32,0,kg,€/Kg,,,2024-08-02T23:59:59.999999999+01:00,PROSPECTUS,https://driveimg1.intermarche.com/pt/Content/images/boitmal/produit/zoom/9F028579C623CFF4FC3FA9CCEB955938.jpg,,,12,1,,,
49480,5601151969458,1750.0,Sumol,Refrigerante com Gás Ananás Sem Açúcar,Garrafa de 1.75 l,1.39,0.79,1750,L,€/L,,,2024-08-02T23:59:59.999999999+01:00,PROSPECTUS,https://driveimg1.intermarche.com/pt/Content/images/boitmal/produit/zoom/4A159117E2730F166C16E5A6DF517C87.jpg,,,12,1,,,
980,5601024134488,750.0,Oliveira da Serra,Azeite virgem extra clássico,Embalagem de 750 ml,8.79,11.72,750,L,€/L,,,2024-08-02T23:59:59.999999999+01:00,PROSPECTUS,https://driveimg1.intermarche.com/pt/Content/images/boitmal/produit/zoom/01EF39EFE8396CC9ACA95DC25E9D3412.jpg,,,12,1,,,
1108,5601066300087,500.0,Nacional,Massa de cotovelinhos,Embalagem de 500g,0.93,1.86,0,kg,€/Kg,,,2024-08-07T23:59:59.999999999+01:00,PROSPECTUS,https://driveimg1.intermarche.com/pt/Content/images/boitmal/produit/zoom/3C947C343F18C9B0CC5D66D04FA630B6.jpg,,,12,1,,,
1114,5601066300780,500.0,Nacional,Massa de macarrão riscado,Embalagem de 500g,0.93,1.86,0,kg,€/Kg,,,2024-08-07T23:59:59.999999999+01:00,PROSPECTUS,https://driveimg1.intermarche.com/pt/Content/images/boitmal/produit/zoom/4E586B0F43C13026DBE291FFB6AC87A9.jpg,,,12,1,,,
11688,5601244202318,200.0,Terra Nostra,Queijo flamengo em fatias,Embalagem de 200g,2.19,10.95,0,kg,€/Kg,,,2024-08-07T23:59:59.999999999+01:00,PROSPECTUS,https://driveimg1.intermarche.com/pt/Content/images/boitmal/produit/zoom/1AC37D1F5312990D8FFDE85110EEAFAE.jpg,,,12,1,,,
12946,2892155000000,250.0,Fruta,Ameixa Vermelha,1 un = 250 gr  (aprox.),0.5,1.99,0,,€/Kg,,,2024-08-07T23:59:59.999999999+01:00,PROSPECTUS,https://driveimg1.intermarche.com/pt/Content/images/boitmal/produit/zoom/1F3553DA3EF8F6B165B1563A2EC408C3.jpg,,,12,1,,,
13242,2893227000000,200.0,Peixaria,Robalo de Viveiro,de 200 a 600 g (aprox.),1.16,5.79,0,,€/Kg,,,2024-08-07T23:59:59.999999999+01:00,PROSPECTUS,https://driveimg1.intermarche.com/pt/Content/images/boitmal/produit/zoom/48561D1FC8B0542874DDBC21F2E9ADCA.jpg,,,12,1,,,
14372,8712100599392,550.0,Calvé,Ketchup XXL,Embalagem de 550g,2.99,5.44,0,kg,€/Kg,,,2024-08-07T23:59:59.999999999+01:00,PROSPECTUS,https://driveimg1.intermarche.com/pt/Content/images/boitmal/produit/zoom/4544D7A761DF83B5B8BF2C6EF0FF53D9.jpg,https://driveimg1.intermarche.com/pt/Content/images/boitmal/produit/zoom/FE7F103C359D2D1FD7BF3FDC8DD381BA.jpg,https://driveimg1.intermarche.com/pt/Content/images/boitmal/produit/zoom/FE7F103C359D2D1FD7BF3FDC8DD381BA.jpg,12,1,,,
18295,5604260278411,640.0,PorSi,"Iogurte líquido morango/cereais,  4 x 160 g",,1.38,2.16,0,kg,€/Kg,,,2024-08-02T23:59:59.999999999+01:00,PROSPECTUS,https://driveimg1.intermarche.com/pt/Content/images/boitmal/produit/zoom/E44EF7A495B5D88032D3F10A44D3886E.jpg,,,12,1,,,
18298,5604260278459,640.0,PorSi,"Iogurte líquido morango,  4 x 160 g",,1.38,2.16,0,kg,€/Kg,,,2024-08-02T23:59:59.999999999+01:00,PROSPECTUS,https://driveimg1.intermarche.com/pt/Content/images/boitmal/produit/zoom/9B284E13E8C95C5E0A5B9E9B9B54FC18.jpg,,,12,1,,,
18770,5449000138026,1500.0,Fanta,Refrigerante c/ gás de laranja zero,"Garrafa de 1,5 l",0.99,0.66,1500,L,€/L,,,2024-08-07T23:59:59.999999999+01:00,PROSPECTUS,https://driveimg1.intermarche.com/pt/Content/images/boitmal/produit/zoom/42C12268B3BC23315C825D0012A62086.jpg,,,12,1,,,
19022,5603722509742,800.0,Agros,Leite com Chocolate,Embalagem de 4 x 200 ml,1.48,1.85,800,L,€/L,,,2024-08-07T23:59:59.999999999+01:00,PROSPECTUS,https://driveimg1.intermarche.com/pt/Content/images/boitmal/produit/zoom/5E96016EA2C29977083D2986B4126E1A.jpg,,,12,1,,,
251,2696001000000,400.0,Padaria,Baguete,400 g,0.79,1.98,0,kg,€/Kg,,,2024-08-07T23:59:59.999999999+01:00,PROSPECTUS,https://driveimg1.intermarche.com/pt/Content/images/boitmal/produit/zoom/872B1FA740AE707B5EB206709F5F94A0.jpg,,,12,1,,,
25808,8426617002510,100.0,Haribo,Gomas ositos de oro,Embalagem de 100g,1.04,10.4,0,kg,€/Kg,,,2024-08-07T23:59:59.999999999+01:00,PROSPECTUS,https://driveimg1.intermarche.com/pt/Content/images/boitmal/produit/zoom/D25D6900B46F8C2565F09DD42E0CDF4D.jpg,,,12,1,,,
26639,2696604000000,60.0,Pastelaria,Napolitana de Chocolate,60 g,0.65,10.83,0,kg,€/Kg,,,2024-08-07T23:59:59.999999999+01:00,PROSPECTUS,https://driveimg1.intermarche.com/pt/Content/images/boitmal/produit/zoom/E74933C24C59920D728E6B1157C24E50.jpg,,,12,1,,,
40558,5604260301164,220.0,PorSi,"Queijinho morango com drageias,  2 x 110 g",,1.69,7.68,0,kg,€/Kg,,,2024-08-02T23:59:59.999999999+01:00,PROSPECTUS,https://driveimg1.intermarche.com/pt/Content/images/boitmal/produit/zoom/939055EF9B8FE9ECC8E1BC97C5579929.jpg,,,12,1,,,
40925,8710522652138,240.0,Calvé,Maionese,Embalagem de 240g,1.59,6.63,0,kg,€/Kg,,,2024-08-07T23:59:59.999999999+01:00,PROSPECTUS,https://driveimg1.intermarche.com/pt/Content/images/boitmal/produit/zoom/BAE5DB5E204D247526D3D3D4E5D5A52E.jpg,https://driveimg1.intermarche.com/pt/Content/images/boitmal/produit/zoom/8E23B17512BCD2C444A6228885CC4217.jpg,https://driveimg1.intermarche.com/pt/Content/images/boitmal/produit/zoom/8E23B17512BCD2C444A6228885CC4217.jpg,12,1,,,
41719,5604260303793,90.0,PorSi,Saqueta de puré de fruta | maçã + banana,90 g,0.74,8.22,0,kg,€/Kg,,,2024-08-02T23:59:59.999999999+01:00,PROSPECTUS,https://driveimg1.intermarche.com/pt/Content/images/boitmal/produit/zoom/917C5C6898063E49F7861F32B2346FD5.jpg,,,12,1,,,
42625,5604260309832,1000.0,PorSi,Farinha de trigo sem fermento t55,Embalagem de 1 kg,0.69,0.69,0,kg,€/Kg,,,2024-08-02T23:59:59.999999999+01:00,PROSPECTUS,https://driveimg1.intermarche.com/pt/Content/images/boitmal/produit/zoom/EF956CFC77024866F5D3B9C6A4D0EA3B.jpg,,,12,1,,,
48040,5604260320615,640.0,PorSi Viva Bem,"Iogurte líquido magro frutos vermelhos,  4x160 ml",,1.38,2.16,640,L,€/L,,,2024-08-02T23:59:59.999999999+01:00,PROSPECTUS,https://driveimg1.intermarche.com/pt/Content/images/boitmal/produit/zoom/FA684AFC50E812150A1E2AF9F6A67F47.jpg,https://driveimg1.intermarche.com/pt/Content/images/boitmal/produit/zoom/8BCFC316C76164C4EB30E1CA8663C5AA.jpg,,12,1,,,
48551,7613287300393,209.0,Nescafé,Cápsulas Café Buondi Int. 8,Embalagem de 209g,8.99,43.01,0,kg,€/Kg,,,2024-08-02T23:59:59.999999999+01:00,PROSPECTUS,https://driveimg1.intermarche.com/pt/Content/images/boitmal/produit/zoom/3C2972EF213A813C45BFB5F845259020.jpg,,,12,1,,,
52758,5604260329601,200.0,PorSi Viva Bem,"Iogurte Proteico Figo e Mel Sem Lactose,  200g",,0.98,4.9,0,kg,€/Kg,,,2024-08-02T23:59:59.999999999+01:00,PROSPECTUS,https://driveimg1.intermarche.com/pt/Content/images/boitmal/produit/zoom/404D41F5B1208431BF169CB7EE17F294.jpg,,,12,1,,,
52760,5604260329625,200.0,PorSi Viva Bem,"Iogurte Proteico Pêssego e Maracujá Sem Lactose,  200g",,0.98,4.9,0,kg,€/Kg,,,2024-08-02T23:59:59.999999999+01:00,PROSPECTUS,https://driveimg1.intermarche.com/pt/Content/images/boitmal/produit/zoom/1192B7788C2C8D2143947921A0A37322.jpg,,,12,1,,,
5818,5604260063765,1000.0,PorSi,Macedonia de legumes,Embalagem de 1 kg,1.89,1.89,0,kg,€/Kg,,Tipo de stockagem,2024-08-02T23:59:59.999999999+01:00,PROSPECTUS,https://driveimg1.intermarche.com/pt/Content/images/boitmal/produit/zoom/FB7C912619E696B4A0C61F64E6787D35.jpg,,,12,1,,,
6475,8410436242264,1100.0,Sonasol,Lava Tudo Brilhante Madeira,"embalagem 1,1L",2.79,2.54,1100,L,€/L,,,2024-08-02T23:59:59.999999999+01:00,PROSPECTUS,https://driveimg1.intermarche.com/pt/Content/images/boitmal/produit/zoom/4804207F489281D6AC8C3987D7C802CA.jpg,,,12,1,,,
7039,2894063000000,150.0,PorSi,Fiambre da Pá,1 un = 150 gr (aprox.),1.05,6.99,0,,€/Kg,,,2024-08-07T23:59:59.999999999+01:00,PROSPECTUS,https://driveimg1.intermarche.com/pt/Content/images/boitmal/produit/zoom/B87BAC127B58478623C2B11B6464A879.jpg,,,12,1,,,
7105,2894508000000,100.0,Primor,Bacon Extra,"Vendido ao peso, fatiado a partir de 100 gr",1.2,11.99,0,,€/Kg,,,2024-08-07T23:59:59.999999999+01:00,PROSPECTUS,https://driveimg1.intermarche.com/pt/Content/images/boitmal/produit/zoom/11A9EC567F982E26800D8DF9E4043FCC.jpg,,,12,1,,,
8384,5601049133992,1000.0,Mimosa,Leite uht magro,Embalagem de 1 litro,0.86,0.86,1000,L,€/L,,,2024-08-07T23:59:59.999999999+01:00,PROSPECTUS,https://driveimg1.intermarche.com/pt/Content/images/boitmal/produit/zoom/F5320FAD88ED459A5E33FEB47EAEF410.jpg,https://driveimg1.intermarche.com/pt/Content/images/boitmal/produit/zoom/8C350978140C257D0AAD7365CD133F0C.jpg,https://driveimg1.intermarche.com/pt/Content/images/boitmal/produit/zoom/B9BED9F397071733FB4D36CBE39ECDBA.jpg,12,1,,,
989,5601029004014,120.0,Bom Petisco,Atum posta em óleo,Embalagem de 120 g,1.18,9.83,0,kg,€/Kg,,,2024-08-07T23:59:59.999999999+01:00,PROSPECTUS,https://driveimg1.intermarche.com/pt/Content/images/boitmal/produit/zoom/824E43DBA120CAA5D21A19E116ABF32B.jpg,,,12,2,,,
10274,8410436242172,1100.0,Sonasol,Lava Tudo Brilhante Floral,"embalagem 1,1L",2.79,2.54,1100,L,€/L,,,2024-08-02T23:59:59.999999999+01:00,PROSPECTUS,https://driveimg1.intermarche.com/pt/Content/images/boitmal/produit/zoom/45AE65B29796E27661779732657737AC.jpg,,,12,2,,,
11466,5601018004605,200.0,Gresso,Nata Uht para Bater,Embalagem de 200 ml,0.79,3.95,200,L,€/L,,,2024-08-07T23:59:59.999999999+01:00,PROSPECTUS,https://driveimg1.intermarche.com/pt/Content/images/boitmal/produit/zoom/F0BDEBD8FC14852BBFA2B30DDCAEC8DB.jpg,,,12,2,,,
11961,5603722505607,1000.0,Mimosa,Leite s/ lactose meio gordo,Garrafa de 1 l,1.14,1.14,1000,L,€/L,,,2024-08-07T23:59:59.999999999+01:00,PROSPECTUS,https://driveimg1.intermarche.com/pt/Content/images/boitmal/produit/zoom/B50AD06E1D69691E134268704FD849E5.jpg,https://driveimg1.intermarche.com/pt/Content/images/boitmal/produit/zoom/4E57BFE09E8D859BDBE1705476BB9F1B.jpg,https://driveimg1.intermarche.com/pt/Content/images/boitmal/produit/zoom/E1F70144AAFCC0EAEBFF05614177D009.jpg,12,2,,,
13915,2891249000000,2000.0,Peru,Perna com Osso,Vendido ao peso,6.98,3.49,0,,€/Kg,,,2024-08-07T23:59:59.999999999+01:00,PROSPECTUS,https://driveimg1.intermarche.com/pt/Content/images/boitmal/produit/zoom/1D88BA2E1544364C5EB66CF19AD6E70E.jpg,,,12,2,,,
13950,2891145000000,100.0,Porco,Salsicha Fresca,1 un = 100 gr (aprox.),0.5,4.99,0,,€/Kg,,,2024-08-07T23:59:59.999999999+01:00,PROSPECTUS,https://driveimg1.intermarche.com/pt/Content/images/boitmal/produit/zoom/2E1CED7EDF010F56C2BF0E6CDF74D52B.jpg,,,12,2,,,
15432,2892261000000,1000.0,Fruta,Meloa Gália,1 un = 1 kg (aprox.),1.49,1.49,0,,€/Kg,,,2024-08-07T23:59:59.999999999+01:00,PROSPECTUS,https://driveimg1.intermarche.com/pt/Content/images/boitmal/produit/zoom/57DEE2C457893F0BD3086DA63F043153.jpg,https://driveimg1.intermarche.com/pt/Content/images/boitmal/produit/zoom/1BEFE2C9741C070DC8FB94F036E807A8.jpg,,12,2,,,
16022,5601146703609,5000.0,Sagres,Cerveja Mini,20 x 0.25 l,9.99,2.0,5000,L,€/L,,,2024-08-02T23:59:59.999999999+01:00,PROSPECTUS,https://driveimg1.intermarche.com/pt/Content/images/boitmal/produit/zoom/FF51CCF9441973386AEED91491E4E439.jpg,,,12,2,,,
17114,5000116110148,320.0,Capitão Iglo,4 hamburguers vaca s/ glúten,Embalagem de 320g,3.99,12.47,0,kg,€/Kg,,Tipo de stockagem,2024-08-02T23:59:59.999999999+01:00,PROSPECTUS,https://driveimg1.intermarche.com/pt/Content/images/boitmal/produit/zoom/8E7F8CBEF475C7DF0459EA1D70B35576.jpg,,,12,2,,,
20264,5000116110872,180.0,Iglo,Crocantes frango parmesão e ervas,Embalagem de 180g,3.74,20.78,0,kg,€/Kg,,Tipo de stockagem,2024-08-07T23:59:59.999999999+01:00,PROSPECTUS,https://driveimg1.intermarche.com/pt/Content/images/boitmal/produit/zoom/D8CF2D65B55930225EB9E80FCB37828C.jpg,,,12,2,,,
20918,5000116110964,840.0,Capitão Iglo,30 douradinhos,Embalagem de 840g,7.99,9.51,0,kg,€/Kg,,Tipo de stockagem,2024-08-07T23:59:59.999999999+01:00,PROSPECTUS,https://driveimg1.intermarche.com/pt/Content/images/boitmal/produit/zoom/AEDD14052902A045272594F0C20ABD33.jpg,,,12,2,,,
22335,5000116110940,420.0,Capitão Iglo,15 douradinhos,Embalagem de 420g,4.99,11.88,0,kg,€/Kg,,Tipo de stockagem,2024-08-07T23:59:59.999999999+01:00,PROSPECTUS,https://driveimg1.intermarche.com/pt/Content/images/boitmal/produit/zoom/A875E63BB10AF2CF300666B64DC69107.jpg,,,12,2,,,
22655,8008820148447,750.0,Sorbello,Lambrusco rosé,Garrafa de 0.75 l,1.99,2.65,750,L,€/L,,,2024-08-07T23:59:59.999999999+01:00,PROSPECTUS,https://driveimg1.intermarche.com/pt/Content/images/boitmal/produit/zoom/B8608CD34D613092187F919E49F2FAB5.jpg,,,12,2,,,
24413,8410436297783,1300.0,Sonasol,Lava tudo PH neutro,"Embalagem de 1,3L",2.09,1.61,1300,L,€/L,,,2024-08-02T23:59:59.999999999+01:00,PROSPECTUS,https://driveimg1.intermarche.com/pt/Content/images/boitmal/produit/zoom/F7DD11C0EABB6452E24AA720E593B0B5.jpg,,,12,2,,,
25397,8426617014032,90.0,Haribo,Gomas favoritos açúcar,Embalagem de 90g,1.04,11.56,0,kg,€/Kg,,,2024-08-07T23:59:59.999999999+01:00,PROSPECTUS,https://driveimg1.intermarche.com/pt/Content/images/boitmal/produit/zoom/CB2D3A429B70394C527322D309B14285.jpg,,,12,2,,,
29834,8712100516467,480.0,Olá,Gelado cornetto mini clássico,Embalagem de 8 x 60 ml,3.89,8.1,480,L,€/L,,Tipo de stockagem,2024-08-02T23:59:59.999999999+01:00,PROSPECTUS,https://driveimg1.intermarche.com/pt/Content/images/boitmal/produit/zoom/52C23093EFDFEFEAE4F1F6612BE1C6BE.jpg,,,12,2,,,
29899,2696008000000,,Padaria,Bola Rústica,85 g,0.25,0.25,0,,€/Unidade,,,2024-08-07T23:59:59.999999999+01:00,PROSPECTUS,https://driveimg1.intermarche.com/pt/Content/images/boitmal/produit/zoom/DCA7C0FA6B23BAB7806B1D133929F516.jpg,,,12,2,,,
30526,5449000087775,3000.0,Fanta,Fanta go laranja,pack 2 x 1.5 l,1.98,0.66,3000,L,€/L,,,2024-08-07T23:59:59.999999999+01:00,PROSPECTUS,https://driveimg1.intermarche.com/pt/Content/images/boitmal/produit/zoom/593BAD71F5135741DD23AA781A57779F.jpg,,,12,2,,,
35138,5603722517655,960.0,Mimosa,"Iogurte sólido aroma morango, ananás e banana,  8 x 120 g",,1.79,1.86,0,kg,€/Kg,,,2024-08-07T23:59:59.999999999+01:00,PROSPECTUS,https://driveimg1.intermarche.com/pt/Content/images/boitmal/produit/zoom/0001D46CAD021E71E3E28F8FD4948E5F.jpg,,,12,2,,,
36774,5604260300686,640.0,PorSi,"Iogurte liquido stracciatella,  4 x 160 g",,1.28,2.0,0,kg,€/Kg,,,2024-08-02T23:59:59.999999999+01:00,PROSPECTUS,https://driveimg1.intermarche.com/pt/Content/images/boitmal/produit/zoom/CA76E60A3E29F3063FEC78B659667DD6.jpg,,,12,2,,,
37485,5602016141033,750.0,Cacho Fresco,Vinho rosé frisante,Garrafa de 0.75 l,1.64,2.19,750,L,€/L,,,2024-08-07T23:59:59.999999999+01:00,PROSPECTUS,https://driveimg1.intermarche.com/pt/Content/images/boitmal/produit/zoom/FF86331B5FA926BAAE69E1C280139991.jpg,,,12,2,,,
40348,8410076481597,185.0,Old El Paso,"Nachips, 185g",,2.39,12.92,0,kg,€/Kg,,,2024-08-07T23:59:59.999999999+01:00,PROSPECTUS,https://driveimg1.intermarche.com/pt/Content/images/boitmal/produit/zoom/FD6208E3B3539C8A140DAE76943090D4.jpg,,,12,2,,,
41583,5601050036633,440.0,Danone,"Iogurte grego caramelo,  4 x 110 g",,1.99,4.52,0,kg,€/Kg,,,2024-08-02T23:59:59.999999999+01:00,PROSPECTUS,https://driveimg1.intermarche.com/pt/Content/images/boitmal/produit/zoom/E15B23C5D54AA2C4C2E2125712DAFF29.jpg,,,12,2,,,
41774,5604260306718,160.0,PorSi,"Iogurte líquido melão/melancia ,  4x160 ml",,1.38,8.63,160,L,€/L,,,2024-08-02T23:59:59.999999999+01:00,PROSPECTUS,https://driveimg1.intermarche.com/pt/Content/images/boitmal/produit/zoom/0E8861A4B45608B579787598A7F28EF0.jpg,,,12,2,,,
41979,5601050036244,160.0,Danone,"Yopro manteiga amendoim banana,  160g",,0.98,6.13,0,kg,€/Kg,,,2024-08-07T23:59:59.999999999+01:00,PROSPECTUS,https://driveimg1.intermarche.com/pt/Content/images/boitmal/produit/zoom/76F611345D72D89BD286B28BEC6CF628.jpg,,,12,2,,,
42518,8001841677194,,Dodot,Fralda cueca T5 | 12 a 17 kg,Embalagem com 30 unidades,7.98,7.98,0,,€/Unidade,,,2024-08-02T23:59:59.999999999+01:00,PROSPECTUS,https://driveimg1.intermarche.com/pt/Content/images/boitmal/produit/zoom/C651C3D83C903BFECFB80C7D96F998E5.jpg,,,12,2,,,
4315,3600540542861,400.0,Garnier,Champô de abacate & karité,Embalagem de 400 ml,3.79,9.48,400,L,€/L,,,2024-08-07T23:59:59.999999999+01:00,PROSPECTUS,https://driveimg1.intermarche.com/pt/Content/images/boitmal/produit/zoom/E826DE4F268362A3E1B1E27463FF1F1A.jpg,,,12,2,,,
44788,5603722514777,480.0,Mimosa,"Iogurte sólido sem lactose morango, 4 x 125 g",,1.69,3.52,0,kg,€/Kg,,,2024-08-07T23:59:59.999999999+01:00,PROSPECTUS,https://driveimg1.intermarche.com/pt/Content/images/boitmal/produit/zoom/938890D6C27A260EF0A55564EDA92A84.jpg,,,12,2,,,
46814,8410036807887,750.0,Freixenet,Blanc de blancs,Garrafa de 750 ml,5.99,7.99,750,L,€/L,,,2024-08-07T23:59:59.999999999+01:00,PROSPECTUS,https://driveimg1.intermarche.com/pt/Content/images/boitmal/produit/zoom/8443921EA647B3A561B8E54CBA9F0C34.jpg,,,12,2,,,
49460,7613287300362,99.0,Nescafé,Café Buondi Intensidade 8,16 cápsulas,4.99,50.4,0,kg,€/Kg,,,2024-08-07T23:59:59.999999999+01:00,PROSPECTUS,https://driveimg1.intermarche.com/pt/Content/images/boitmal/produit/zoom/80D095BD8937186A634C0603F93E6D9A.jpg,,,12,2,,,
4984,5601012011500,750.0,Mateus,Vinho rosé,Garrafa de 750 ml,3.59,4.79,750,L,€/L,,,2024-08-07T23:59:59.999999999+01:00,PROSPECTUS,https://driveimg1.intermarche.com/pt/Content/images/boitmal/produit/zoom/7610C8D5121203BD98F5BBCA0E5D26B2.jpg,,,12,2,,,
4987,5601012115505,750.0,Planalto,Vinho doc douro branco,Garrafa de 0.75 l,4.09,5.45,750,L,€/L,,,2024-08-07T23:59:59.999999999+01:00,PROSPECTUS,https://driveimg1.intermarche.com/pt/Content/images/boitmal/produit/zoom/6C726FDABB211E05C4F7D5DBE4A94D76.jpg,,,12,2,,,
51916,5601050037777,160.0,Yopro,"Yopro caramelo machiato,  160g",,0.98,6.13,0,kg,€/Kg,,,2024-08-07T23:59:59.999999999+01:00,PROSPECTUS,https://driveimg1.intermarche.com/pt/Content/images/boitmal/produit/zoom/1270C0A6586804B87FB971BF20F15493.jpg,,,12,2,,,
51924,5601146040506,500.0,Bandida do Pomar,Sidra Manga,lata 500 ml,1.19,2.38,500,L,€/L,,,2024-08-07T23:59:59.999999999+01:00,PROSPECTUS,https://driveimg1.intermarche.com/pt/Content/images/boitmal/produit/zoom/5DC3A679A950FE78C66F0F66E2C36EA9.jpg,,,12,2,,,
52324,8720181384899,,Skip,Detergente Máquina Roupa Líquido Active Fresh,56 Doses,9.99,9.99,0,,€/Unidade,,,2024-08-02T23:59:59.999999999+01:00,PROSPECTUS,https://driveimg1.intermarche.com/pt/Content/images/boitmal/produit/zoom/04DF579D55CD2D6A01A784ECE774108E.jpg,,,12,2,,,
52340,8720181392962,,Comfort,Amaciador Roupa Concentrado Creations Madressilva e Sândalo,76 Doses,3.99,3.99,0,,€/Unidade,,,2024-08-02T23:59:59.999999999+01:00,PROSPECTUS,https://driveimg1.intermarche.com/pt/Content/images/boitmal/produit/zoom/6B8F8DA9C5DF28DF49A227B125CD9AD5.jpg,,,12,2,,,
52880,8719200267794,450.0,Becel,"Creme Vegetal de Barrar com Sabor a Manteiga, 450g",,2.99,6.64,0,kg,€/Kg,,,2024-08-07T23:59:59.999999999+01:00,PROSPECTUS,https://driveimg1.intermarche.com/pt/Content/images/boitmal/produit/zoom/287D301C66C180312FAA8A3BAE7EA710.jpg,,,12,2,,,
6477,8410437531008,750.0,Cif,Desinfetante em gel p/ wc,Garrafa de 750 ml,1.49,1.99,750,L,€/L,,,2024-08-07T23:59:59.999999999+01:00,PROSPECTUS,https://driveimg1.intermarche.com/pt/Content/images/boitmal/produit/zoom/F80AEED5DC0E17CB3B3BE1F09E46AB95.jpg,,,12,2,,,
848,5000189974579,200.0,Kit Kat,Chocolate mini,Embalagem de 200g,2.89,14.45,0,kg,€/Kg,,,2024-08-07T23:59:59.999999999+01:00,PROSPECTUS,https://driveimg1.intermarche.com/pt/Content/images/boitmal/produit/zoom/33F684DC544CDCED4E93A337A33052D5.jpg,,,12,2,,,
8537,5601119957206,120.0,Campofrio,Peito frango forno lenha  fatias clássicas,Embalagem de 120g,2.39,19.92,0,kg,€/Kg,,,2024-08-07T23:59:59.999999999+01:00,PROSPECTUS,https://driveimg1.intermarche.com/pt/Content/images/boitmal/produit/zoom/316713CBE56425C1457B9A3672568B05.jpg,,,12,2,,,
8800,5601244201922,200.0,Terra Nostra,"Queijo em fatias, -50% gordura",Embalagem de 200g,2.29,11.45,0,kg,€/Kg,,,2024-08-07T23:59:59.999999999+01:00,PROSPECTUS,https://driveimg1.intermarche.com/pt/Content/images/boitmal/produit/zoom/85D15B5E2887AAA1EC03C6E7ECAD1482.jpg,,,12,2,,,
9113,5601989001566,750.0,Monte Velho,Vinho branco alentejo,Garrafa de 750 ml,3.99,5.32,750,L,€/L,,,2024-08-07T23:59:59.999999999+01:00,PROSPECTUS,https://driveimg1.intermarche.com/pt/Content/images/boitmal/produit/zoom/535A67A6AB54BC16A34A4F4F6B7FCD26.jpg,,,12,2,,,
9315,5603722509544,1000.0,Mimosa,Leite 0% lactose magro,Garrafa de 1 l,1.14,1.14,1000,L,€/L,,,2024-08-07T23:59:59.999999999+01:00,PROSPECTUS,https://driveimg1.intermarche.com/pt/Content/images/boitmal/produit/zoom/F5A14B3D114F4F7D42484C8D1602E358.jpg,https://driveimg1.intermarche.com/pt/Content/images/boitmal/produit/zoom/DC5219EC1E15E09529E323B7D196FADA.jpg,https://driveimg1.intermarche.com/pt/Content/images/boitmal/produit/zoom/DC48BFFA4281D8016E9FB40168ED4485.jpg,12,2,,,
9809,5608527000418,750.0,Dona Ermelinda,Vinho doc palmela branco,Garrafa de 750 ml,3.99,5.32,750,L,€/L,,,2024-08-07T23:59:59.999999999+01:00,PROSPECTUS,https://driveimg1.intermarche.com/pt/Content/images/boitmal/produit/zoom/2259C36579DB9596F3C8BA9119D1E5F8.jpg,,,12,2,,,
10056,8410036800468,750.0,Freixenet,"Espumante cava bruto, reserva",Garrafa de 750 ml,7.99,10.65,750,L,€/L,,,2024-08-07T23:59:59.999999999+01:00,PROSPECTUS,https://driveimg1.intermarche.com/pt/Content/images/boitmal/produit/zoom/71005F461E53AA0E268F973931CDE2DB.jpg,,,12,2,,,
10057,8410036800512,750.0,Freixenet,Espumante cava meio seco reserva,Garrafa de 750 ml,7.19,9.59,750,L,€/L,,,2024-08-07T23:59:59.999999999+01:00,PROSPECTUS,https://driveimg1.intermarche.com/pt/Content/images/boitmal/produit/zoom/595A72B091587557F63E6DF8F5C0E8F8.jpg,,,12,2,,,
10512,8435250439577,232.0,Nestlé,"Iogurte mix-in nesquik,  2 x 115 g",,1.99,8.58,0,kg,€/Kg,,,2024-08-02T23:59:59.999999999+01:00,PROSPECTUS,https://driveimg1.intermarche.com/pt/Content/images/boitmal/produit/zoom/B4A9B3F7F589CA090A23F817C058A787.jpg,,,12,2,,,
11297,5000127524026,300.0,Kellogg's,"Cereais special k, frutos vermelhos",Embalagem de 300g,2.99,9.97,0,kg,€/Kg,,,2024-08-07T23:59:59.999999999+01:00,PROSPECTUS,https://driveimg1.intermarche.com/pt/Content/images/boitmal/produit/zoom/7E10ECB844A26DF4123ED03FA3134CBA.jpg,,,12,2,,,
11445,5600318520013,1500.0,Sandevid,"Bebida açucarada  tinto de verão, clássico","Garrafa de 1,5 l",1.79,1.19,1500,L,€/L,,,2024-08-07T23:59:59.999999999+01:00,PROSPECTUS,https://driveimg1.intermarche.com/pt/Content/images/boitmal/produit/zoom/92A9D3AE7125620FF31ACFE4A8B47EDD.jpg,,,12,2,,,
11503,5601050019100,600.0,Danone,"Danacol frutos exóticos,  6 x 100 g",,2.99,4.98,0,kg,€/Kg,,,2024-08-07T23:59:59.999999999+01:00,PROSPECTUS,https://driveimg1.intermarche.com/pt/Content/images/boitmal/produit/zoom/17F7F3CE5BC5B190BC85D20A58C39B60.jpg,,,12,2,,,
11611,5601164594203,1980.0,Super Bock,Cerveja com álcool abadia,pack 6 x 0.33 l,4.49,2.27,1980,L,€/L,,,2024-08-07T23:59:59.999999999+01:00,PROSPECTUS,https://driveimg1.intermarche.com/pt/Content/images/boitmal/produit/zoom/DDE9AC6098BAC06CAE37FE52F8C52BAA.jpg,,,12,2,,,
1189,5601119007987,250.0,Nobre,Salsichas de porco,Lata de 250g,1.67,6.68,0,kg,€/Kg,,,2024-08-07T23:59:59.999999999+01:00,PROSPECTUS,https://driveimg1.intermarche.com/pt/Content/images/boitmal/produit/zoom/098AB25EB23B66D623E253A97FD15BDF.jpg,,,12,2,,,
11942,5603533492202,1000.0,Frize,Água c/ gás groselha,pack 4 x 0.25 l,1.99,1.99,1000,L,€/L,,,2024-08-02T23:59:59.999999999+01:00,PROSPECTUS,https://driveimg1.intermarche.com/pt/Content/images/boitmal/produit/zoom/1BCB2445A8F41EC02B613ABED34EE191.jpg,,,12,2,,,
11982,5603802400020,750.0,Fiuza,Vinho branco tejo sauvignon,Garrafa de 750 ml,4.99,6.65,750,L,€/L,,,2024-08-07T23:59:59.999999999+01:00,PROSPECTUS,https://driveimg1.intermarche.com/pt/Content/images/boitmal/produit/zoom/797D96AF75B4BD4EF0B0B0A63B1AB06E.jpg,,,12,2,,,
12146,5604260272785,750.0,Selecção de Enófilos,Espumoso moscato,"Garrafa de 0,75 l",3.29,4.39,750,L,€/L,,,2024-08-07T23:59:59.999999999+01:00,PROSPECTUS,https://driveimg1.intermarche.com/pt/Content/images/boitmal/produit/zoom/CA3B3A3DABAFE27F0DB3F8EA5EDF7A4D.jpg,,,12,2,,,
12168,5604575110024,750.0,Cabriz,Vinho tinto doc dão,Garrafa de 0.75 l,3.99,5.32,750,L,€/L,,,2024-08-02T23:59:59.999999999+01:00,PROSPECTUS,https://driveimg1.intermarche.com/pt/Content/images/boitmal/produit/zoom/A3374E31A2BF8230054ADB4C2C4F8376.jpg,https://driveimg1.intermarche.com/pt/Content/images/boitmal/produit/zoom/B79B99AC1459B8F6165E16A7A5B65E9E.jpg,https://driveimg1.intermarche.com/pt/Content/images/boitmal/produit/zoom/B79B99AC1459B8F6165E16A7A5B65E9E.jpg,12,2,,,
1279,5601151123362,1000.0,Bongo,Néctar de 8 frutos,Garrafa de 1 l,1.19,1.19,1000,L,€/L,,,2024-08-07T23:59:59.999999999+01:00,PROSPECTUS,https://driveimg1.intermarche.com/pt/Content/images/boitmal/produit/zoom/A385521CD93D23B64326FFF286275FD6.jpg,,,12,2,,,
12819,3600522023883,400.0,Elvive,Champô total repair,Embalagem de 400 ml,3.99,9.98,400,L,€/L,,,2024-08-07T23:59:59.999999999+01:00,PROSPECTUS,https://driveimg1.intermarche.com/pt/Content/images/boitmal/produit/zoom/EA7D6E07CD09475944FC0B7344377C93.jpg,,,12,2,,,
1309,5601151979105,1250.0,Sumol,"Refrigerante com gás, ananás","Garrafa de 1,25 l",1.09,0.87,1250,L,€/L,,,2024-08-02T23:59:59.999999999+01:00,PROSPECTUS,https://driveimg1.intermarche.com/pt/Content/images/boitmal/produit/zoom/BEECBA2128529C8FAEEDAE9896BFB132.jpg,,,12,2,,,
1331,5601165006255,260.0,Calvé,Molho de alho,Embalagem de 260g,1.94,7.46,0,kg,€/Kg,,,2024-08-07T23:59:59.999999999+01:00,PROSPECTUS,https://driveimg1.intermarche.com/pt/Content/images/boitmal/produit/zoom/089B1CAB7287353404366CB7226AD30F.jpg,https://driveimg1.intermarche.com/pt/Content/images/boitmal/produit/zoom/5F13F0DF96776682A865C5AC21E8DB42.jpg,https://driveimg1.intermarche.com/pt/Content/images/boitmal/produit/zoom/5F13F0DF96776682A865C5AC21E8DB42.jpg,12,2,https://driveimg1.intermarche.com/pt/Content/images/boitmal/produit/zoom/5F13F0DF96776682A865C5AC21E8DB42.jpg,,
13567,2893562000000,250.0,Marisco,Ameijoa Castanha Vietnamita Congelada,Venda ao Kilo,0.72,2.89,0,,€/Kg,,Avantages !,2024-08-07T23:59:59.999999999+01:00,PROSPECTUS,https://driveimg1.intermarche.com/pt/Content/images/boitmal/produit/zoom/33CC3279E2741F227440A7AFDC3AEEF9.jpg,,,12,2,,,
13585,2893580000000,250.0,Marisco,Gambão Congelado 20/30,Vendido a partir de 250 (aprox.),2.2,8.79,0,,€/Kg,,Avantages !,2024-08-07T23:59:59.999999999+01:00,PROSPECTUS,https://driveimg1.intermarche.com/pt/Content/images/boitmal/produit/zoom/FBF44724042B73F1218C70BB4977864A.jpg,,,12,2,,,
13673,2893668000000,100.0,Peixaria,Verdinhos,1 un= 100 gr (aprox.),0.2,1.99,0,,€/Kg,,,2024-08-07T23:59:59.999999999+01:00,PROSPECTUS,https://driveimg1.intermarche.com/pt/Content/images/boitmal/produit/zoom/8FA032CD02DE442A2FE95E0D7EBC90D3.jpg,,,12,2,,,
13893,2891043000000,1000.0,Porco,Entrecosto,Vendido ao peso a partir de 1 kg,6.28,6.28,0,,€/Kg,,,2024-08-07T23:59:59.999999999+01:00,PROSPECTUS,https://driveimg1.intermarche.com/pt/Content/images/boitmal/produit/zoom/AA05EE99D302D59771FCC108473E0700.jpg,,,12,2,,,
13894,2891044000000,1000.0,Porco,Entremeada sem Entrecosto,Vendido ao peso a partir de 1 kg,4.88,4.88,0,,€/Kg,,,2024-08-07T23:59:59.999999999+01:00,PROSPECTUS,https://driveimg1.intermarche.com/pt/Content/images/boitmal/produit/zoom/C03EF63C56AFB4E4EA78E134436BF30C.jpg,,,12,2,,,
1426,5601255312112,1000.0,Caçarola,Arroz carolino,Embalagem de 1kg,1.46,1.46,0,kg,€/Kg,,,2024-08-07T23:59:59.999999999+01:00,PROSPECTUS,https://driveimg1.intermarche.com/pt/Content/images/boitmal/produit/zoom/7F690432AAD8958D114DBA6E5A052325.jpg,,,12,2,,,
1439,5601260127107,1000.0,Cigala,Arroz vaporizado,Embalagem de 1 kg,1.38,1.38,0,kg,€/Kg,,,2024-08-07T23:59:59.999999999+01:00,PROSPECTUS,https://driveimg1.intermarche.com/pt/Content/images/boitmal/produit/zoom/0DD33F088D804C413066136DC8BB8986.jpg,,,12,2,,,
14708,5601244202332,250.0,Terra Nostra,Manteiga c/sal,Embalagem de 250g,2.09,8.36,0,kg,€/Kg,,,2024-08-07T23:59:59.999999999+01:00,PROSPECTUS,https://driveimg1.intermarche.com/pt/Content/images/boitmal/produit/zoom/F856625366E0E50DFC4757127A46E849.jpg,https://driveimg1.intermarche.com/pt/Content/images/boitmal/produit/zoom/9D76B5CC4F670644A71C1CF49788751C.jpg,,12,2,,,
15038,2892255000000,2500.0,Programa Origens,Melão Branco,Vendido ao peso | 1 un = 2.5 kg (aprox.),1.98,0.79,0,,€/Kg,,,2024-08-07T23:59:59.999999999+01:00,PROSPECTUS,https://driveimg1.intermarche.com/pt/Content/images/boitmal/produit/zoom/1907C0AEFCB3376B09C7B915B4809CC0.jpg,,,12,2,,,
15507,5601050031621,480.0,Danone,"Iogurte activia cremoso coco,  4 x 120 g",,1.99,4.15,0,kg,€/Kg,,,2024-08-07T23:59:59.999999999+01:00,PROSPECTUS,https://driveimg1.intermarche.com/pt/Content/images/boitmal/produit/zoom/05783495E4A676779F417115EB52CFE8.jpg,,,12,2,,,
16532,8410104156640,250.0,Air Wick,Ambientador recarga delícias de verão,Garrafa de 250 ml,3.59,14.36,250,L,€/L,,,2024-08-02T23:59:59.999999999+01:00,PROSPECTUS,https://driveimg1.intermarche.com/pt/Content/images/boitmal/produit/zoom/1A24418B2FA3D8BC0FEDAE10D82B4634.jpg,,,12,2,,,
16869,3600541575790,400.0,Ultra Suave,Amaciador Nutritivo com Óleos Maravilhosos,Embalagem de 400 ml,3.79,9.48,400,L,€/L,,,2024-08-07T23:59:59.999999999+01:00,PROSPECTUS,https://driveimg1.intermarche.com/pt/Content/images/boitmal/produit/zoom/A1E72E12671EF8522EC8B1125864013C.jpg,,,12,2,,,
17665,8712100745591,753.0,Calvé,Maionese XXL,Embalagem de 753 g,3.69,4.9,0,kg,€/Kg,,,2024-08-07T23:59:59.999999999+01:00,PROSPECTUS,https://driveimg1.intermarche.com/pt/Content/images/boitmal/produit/zoom/69DD5C01FA6303DE3BD821864A539AC3.jpg,,,12,2,,,
17827,5603344531022,110.0,General,Atum posta em óleo,Embalagem de 110g,0.99,9.0,0,kg,€/Kg,,,2024-08-07T23:59:59.999999999+01:00,PROSPECTUS,https://driveimg1.intermarche.com/pt/Content/images/boitmal/produit/zoom/0B70BBA12E696DF4BBA1975714F843B4.jpg,,,12,2,,,
17893,5601082039817,220.0,Delta Q,Café xl qharacter cápsulas,40 Cápsulas,14.99,68.14,0,kg,€/Kg,,,2024-08-02T23:59:59.999999999+01:00,PROSPECTUS,https://driveimg1.intermarche.com/pt/Content/images/boitmal/produit/zoom/AE88A9B98D43407F51BB06087F668DC5.jpg,,,12,2,,,
18942,5601989950086,750.0,Monte Velho,"Vinho rosé, região do Alentejo","Garrafa de 0,75 l",3.99,5.32,750,L,€/L,,,2024-08-07T23:59:59.999999999+01:00,PROSPECTUS,https://driveimg1.intermarche.com/pt/Content/images/boitmal/produit/zoom/FEEEDC68044EA9454E1EDA15982D1A78.jpg,,,12,2,,,
19046,5000116110414,480.0,Capitão Iglo,8 hamburguers s/ glúten frango,Embalagem de 480g,7.49,15.6,0,kg,€/Kg,,Tipo de stockagem,2024-08-02T23:59:59.999999999+01:00,PROSPECTUS,https://driveimg1.intermarche.com/pt/Content/images/boitmal/produit/zoom/1C35A366EB207E26898D1AC0CE188CE6.jpg,,,12,2,,,
1966,5604260061563,210.0,PorSi,Bolachas waffers chocolate,Embalagem de 210g,1.17,5.57,0,kg,€/Kg,,,2024-08-02T23:59:59.999999999+01:00,PROSPECTUS,https://driveimg1.intermarche.com/pt/Content/images/boitmal/produit/zoom/E92C257493404A909F14CAEAF9D2A018.jpg,,,12,2,,,
19664,7613035655782,175.0,Nestlé,Bebida de cereais e café mokambo intenso,Embalagem de 180g,3.99,22.8,0,kg,€/Kg,,,2024-08-02T23:59:59.999999999+01:00,PROSPECTUS,https://driveimg1.intermarche.com/pt/Content/images/boitmal/produit/zoom/A3CA615261CEC919CFE62FBBDABF420F.jpg,,,12,2,,,
19872,3600541921252,200.0,Ambre Solaire,Protector Solar Clássico FPS 30,Embalagem de 200 ml,9.59,47.95,200,L,€/L,,,2024-08-07T23:59:59.999999999+01:00,PROSPECTUS,https://driveimg1.intermarche.com/pt/Content/images/boitmal/produit/zoom/34AF72C47D3763838528A15090C7FD3B.jpg,,,12,2,,,
20032,5602947000010,750.0,Quinta da Pacheca,Vinho tinto doc douro,Garrafa de 750 ml,5.99,7.99,750,L,€/L,,,2024-08-07T23:59:59.999999999+01:00,PROSPECTUS,https://driveimg1.intermarche.com/pt/Content/images/boitmal/produit/zoom/595081D749AF5B554E631E38F5E97F6B.jpg,,,12,2,,,
20202,5601151976456,1000.0,Frize,Água c/ gás: limão/pepino/gengibre,pack 4 x 0.25 l,1.99,1.99,1000,L,€/L,,,2024-08-02T23:59:59.999999999+01:00,PROSPECTUS,https://driveimg1.intermarche.com/pt/Content/images/boitmal/produit/zoom/F47824AB7ACD4F4E1E1A0CC54659430F.jpg,,,12,2,,,
20263,5000116110889,180.0,Iglo,Crocantes de frango original,Embalagem de 180g,3.74,20.78,0,kg,€/Kg,,Tipo de stockagem,2024-08-07T23:59:59.999999999+01:00,PROSPECTUS,https://driveimg1.intermarche.com/pt/Content/images/boitmal/produit/zoom/4233EA8D8C7E2BCB4DD87490668F64B2.jpg,,,12,2,,,
20438,5601119250833,160.0,Nobre,Salsichas cuida-t + de peru,Lata de 160g,1.79,11.19,0,kg,€/Kg,,,2024-08-07T23:59:59.999999999+01:00,PROSPECTUS,https://driveimg1.intermarche.com/pt/Content/images/boitmal/produit/zoom/549158EAF234787E74F253420580E8F8.jpg,https://driveimg1.intermarche.com/pt/Content/images/boitmal/produit/zoom/01A1F1801A838AF8D0A446CB4DE55577.jpg,,12,2,,,
20515,5601096360303,750.0,Casal Garcia,Sangria,Garrafa de 750 ml,3.29,4.39,750,L,€/L,,,2024-08-07T23:59:59.999999999+01:00,PROSPECTUS,https://driveimg1.intermarche.com/pt/Content/images/boitmal/produit/zoom/B2A419587BC37CD68479B6EF2C3DB381.jpg,,,12,2,,,
21577,5602947000713,750.0,Quinta da Pacheca,Vinho rosé doc douro,Garrafa de 750 ml,5.99,7.99,750,L,€/L,,,2024-08-07T23:59:59.999999999+01:00,PROSPECTUS,https://driveimg1.intermarche.com/pt/Content/images/boitmal/produit/zoom/D45B80F7C32A9DB753E134BA68365F5A.jpg,,,12,2,,,
22327,7613035766488,250.0,Nestum,Nestum bolacha maria,Embalagem de 250g,2.14,8.56,0,kg,€/Kg,,,2024-08-07T23:59:59.999999999+01:00,PROSPECTUS,https://driveimg1.intermarche.com/pt/Content/images/boitmal/produit/zoom/2A470117028949BD6CC7619A1F2A3929.jpg,,,12,2,,,
23762,5600202948305,750.0,Valleperro,Vinho doc douro reserva tinto,Garrafa de 0.75 l,4.49,5.99,750,L,€/L,,,2024-08-02T23:59:59.999999999+01:00,PROSPECTUS,https://driveimg1.intermarche.com/pt/Content/images/boitmal/produit/zoom/A1EFDD4503301D6A933720FD863CF389.jpg,,,12,2,,,
24368,5601050033021,620.0,Danone,"Iogurte líquido corpos danone,  4 x 155 g",,1.69,2.73,0,kg,€/Kg,,,2024-08-07T23:59:59.999999999+01:00,PROSPECTUS,https://driveimg1.intermarche.com/pt/Content/images/boitmal/produit/zoom/5B929BA979DAF1031F335D50613B8384.jpg,,,12,2,,,
24370,5601050033052,620.0,Danone,"Iogurte líquido morango / framboesa corpos danone,  4 x 155 g",,1.69,2.73,0,kg,€/Kg,,,2024-08-07T23:59:59.999999999+01:00,PROSPECTUS,https://driveimg1.intermarche.com/pt/Content/images/boitmal/produit/zoom/944714BB6E54D611AAE53F4C9C525265.jpg,,,12,2,,,
24411,8410436297752,1300.0,Sonasol,Lava tudo rosas e jasmim,"Embalagem de 1,3L",2.09,1.61,1300,L,€/L,,,2024-08-02T23:59:59.999999999+01:00,PROSPECTUS,https://driveimg1.intermarche.com/pt/Content/images/boitmal/produit/zoom/46E3798C4C5509E4EFB8DA2E52D80035.jpg,,,12,2,,,
24518,5603034000135,300.0,São Jorge,"Queijo dop cura 12 meses, 300g",,6.34,21.13,0,kg,€/Kg,,,2024-08-07T23:59:59.999999999+01:00,PROSPECTUS,https://driveimg1.intermarche.com/pt/Content/images/boitmal/produit/zoom/5ACCB31E822FADCB40F05F5638F93C7A.jpg,,,12,2,,,
2466,7613032142599,500.0,Cerelac,Farinha láctea cerelac,Embalagem de 500g,3.74,7.48,0,kg,€/Kg,,,2024-08-07T23:59:59.999999999+01:00,PROSPECTUS,https://driveimg1.intermarche.com/pt/Content/images/boitmal/produit/zoom/FAE48F9FC8C51C77AD6C82F23613A30C.jpg,,,12,2,,,
24829,5601110006071,750.0,Cabeça de Toiro,Vinho Reserva DOC Tejo Rosé,Garrafa 0.75L,5.49,7.32,750,L,€/L,,,2024-08-07T23:59:59.999999999+01:00,PROSPECTUS,https://driveimg1.intermarche.com/pt/Content/images/boitmal/produit/zoom/3DAB4A588C2B4E298A9FF45EA2D0BB94.jpg,,,12,2,,,
25077,5601096360310,750.0,Casal Garcia,Sangria branca,Garrafa de 750 ml,3.29,4.39,750,L,€/L,,,2024-08-07T23:59:59.999999999+01:00,PROSPECTUS,https://driveimg1.intermarche.com/pt/Content/images/boitmal/produit/zoom/F0F23BB680C6422AA99B26452FCE1389.jpg,,,12,2,,,
2520,7613033822827,250.0,Nestum,Nestum flocos de cereais integrais,Embalagem de 250g,2.14,8.56,0,kg,€/Kg,,,2024-08-07T23:59:59.999999999+01:00,PROSPECTUS,https://driveimg1.intermarche.com/pt/Content/images/boitmal/produit/zoom/C34EF83D0967AA6ED013672F2285D0CB.jpg,,,12,2,,,
25334,3600542087711,400.0,Ultra Suave,Champô Água de Coco e Aloe Vera,Embalagem com 400 ml,3.79,9.48,400,L,€/L,,,2024-08-07T23:59:59.999999999+01:00,PROSPECTUS,https://driveimg1.intermarche.com/pt/Content/images/boitmal/produit/zoom/6AF4658212F1BF0CEE8C3ACF1FE15B99.jpg,,,12,2,,,
25339,3600542075343,400.0,Ultra Suave,Condicionador Água de Coco e Aloé Vera,Embalagem de 400 ml,3.79,9.48,400,L,€/L,,,2024-08-07T23:59:59.999999999+01:00,PROSPECTUS,https://driveimg1.intermarche.com/pt/Content/images/boitmal/produit/zoom/A7E3A377513CFB2FB643A4FF2C50970D.jpg,,,12,2,,,
25812,8426617013455,90.0,Haribo,Gomas starmix,Embalagem de 90g,1.04,11.56,0,kg,€/Kg,,,2024-08-07T23:59:59.999999999+01:00,PROSPECTUS,https://driveimg1.intermarche.com/pt/Content/images/boitmal/produit/zoom/6069DF2B2FD88763E78D26B941394462.jpg,,,12,2,,,
25906,8412600071144,650.0,Bimbo,"Pão de forma especial torradas s/ côdea, 650g",,2.09,3.22,0,kg,€/Kg,,,2024-08-07T23:59:59.999999999+01:00,PROSPECTUS,https://driveimg1.intermarche.com/pt/Content/images/boitmal/produit/zoom/FE072CBAE2B254D11818DC4B4A08F173.jpg,,,12,2,,,
26163,8410436272360,150.0,Sonasol,Bloco WC Poder Activo Pinho,Embalagem 3 x 50 g,4.39,29.27,0,kg,€/Kg,,,2024-08-02T23:59:59.999999999+01:00,PROSPECTUS,https://driveimg1.intermarche.com/pt/Content/images/boitmal/produit/zoom/4D25E7844869A13A0CA82F2E8AC36315.jpg,,,12,3,,,
26594,8711000357613,52.0,L'or,Café colombia,Embalagem de 50g,3.29,63.27,0,kg,€/Kg,,,2024-08-07T23:59:59.999999999+01:00,PROSPECTUS,https://driveimg1.intermarche.com/pt/Content/images/boitmal/produit/zoom/D21968ECC01B0E37036DFC520D71E940.jpg,,,12,3,,,
26595,8711000357507,52.0,L'or,Café fortissimo intensidade 10,Embalagem de 50g,3.39,65.19,0,kg,€/Kg,,,2024-08-07T23:59:59.999999999+01:00,PROSPECTUS,https://driveimg1.intermarche.com/pt/Content/images/boitmal/produit/zoom/1F348F2FB0AFBB7C3886E18EA9B43B29.jpg,,,12,3,,,
26597,8711000357521,52.0,L'or,Café descafeinato ristretto intensidade 9,Embalagem de 50g,3.39,65.19,0,kg,€/Kg,,,2024-08-07T23:59:59.999999999+01:00,PROSPECTUS,https://driveimg1.intermarche.com/pt/Content/images/boitmal/produit/zoom/4F97218A2C927C2121A6E7B79534223E.jpg,,,12,3,,,
27891,3600523586387,400.0,Elvive,Champô Reconstrutor Dream Long,Embalagem de 400 ml,3.99,9.98,400,L,€/L,,,2024-08-07T23:59:59.999999999+01:00,PROSPECTUS,https://driveimg1.intermarche.com/pt/Content/images/boitmal/produit/zoom/84CC356C36067BE7C6654BA5E8036F86.jpg,,,12,3,,,
29356,8718951202856,500.0,Palmolive,Gel de banho natural leite e mel,500 ml,2.69,5.38,500,L,€/L,,,2024-08-07T23:59:59.999999999+01:00,PROSPECTUS,https://driveimg1.intermarche.com/pt/Content/images/boitmal/produit/zoom/03DDD6064F175B5617E28ECB6E66862A.jpg,,,12,3,,,
29374,5601146530304,500.0,Bandida do Pomar,Sidra maçã,Lata de 500 ml,1.19,2.38,500,L,€/L,,,2024-08-07T23:59:59.999999999+01:00,PROSPECTUS,https://driveimg1.intermarche.com/pt/Content/images/boitmal/produit/zoom/57CDF902BE68D0923B8FF79F40E5361C.jpg,,,12,3,,,
30260,3574660089547,,Ob,Tampão Normal,1 Embalagem c/32 unidades,3.74,3.74,0,,€/Unidade,,,2024-08-02T23:59:59.999999999+01:00,PROSPECTUS,https://driveimg1.intermarche.com/pt/Content/images/boitmal/produit/zoom/0696E1E3706178A8B8B3B7D97A979B1F.jpg,,,12,3,,,
30261,3574661350202,,Ob,Tampão Super,1 Embalagem c/32 unidades,3.74,3.74,0,,€/Unidade,,,2024-08-02T23:59:59.999999999+01:00,PROSPECTUS,https://driveimg1.intermarche.com/pt/Content/images/boitmal/produit/zoom/A6C7A614B4F7CDD5C156BEBD4564F90B.jpg,,,12,3,,,
30499,5603522986439,750.0,Assobio,Vinho branco região do douro,Garrafa de 750 ml,5.99,7.99,750,L,€/L,,,2024-08-07T23:59:59.999999999+01:00,PROSPECTUS,https://driveimg1.intermarche.com/pt/Content/images/boitmal/produit/zoom/BD3EAB2F8CDFAE7397E22327F9B043D5.jpg,,,12,3,,,
32255,5601096011205,750.0,Casal Garcia,Sangria frutos vermelhos,Garrafa de 0.75 l,3.79,5.05,750,L,€/L,,,2024-08-07T23:59:59.999999999+01:00,PROSPECTUS,https://driveimg1.intermarche.com/pt/Content/images/boitmal/produit/zoom/364348C463F355254BDE31E86B75329E.jpg,,,12,3,,,
32306,8718951202979,500.0,Palmolive,Gel de banho naturals amêndoa e leite,500 ml,2.69,5.38,500,L,€/L,,,2024-08-07T23:59:59.999999999+01:00,PROSPECTUS,https://driveimg1.intermarche.com/pt/Content/images/boitmal/produit/zoom/679D3CFCC9969DD874FD147C2208C882.jpg,,,12,3,,,
32408,5601050034967,600.0,Danone,"Danacol aveia,  6 x 100 g",,2.99,4.98,0,kg,€/Kg,,,2024-08-07T23:59:59.999999999+01:00,PROSPECTUS,https://driveimg1.intermarche.com/pt/Content/images/boitmal/produit/zoom/D8B4CB4708653F3D4BB9B148DB6D8336.jpg,,,12,3,,,
32542,5609060007087,200.0,Delta,Café solúvel + cereais,Embalagem de 200 g,3.49,17.45,0,kg,€/Kg,,,2024-08-07T23:59:59.999999999+01:00,PROSPECTUS,https://driveimg1.intermarche.com/pt/Content/images/boitmal/produit/zoom/71017D6AD31C4FAB5A8BF8D255A8BF79.jpg,,,12,3,,,
35850,5600798960743,1000.0,Shoyce,Bebida de amêndoa - 0% açúcar,Embalagem de 1 litro,1.69,1.69,1000,L,€/L,,,2024-08-02T23:59:59.999999999+01:00,PROSPECTUS,https://driveimg1.intermarche.com/pt/Content/images/boitmal/produit/zoom/5013FFC843ED4864BBA03A98EB758892.jpg,,,12,3,,,
36654,8410436343497,500.0,Sonasol,Spray limpa vidros brilhante,Embalagem de 500 ml,1.99,3.98,500,L,€/L,,,2024-08-02T23:59:59.999999999+01:00,PROSPECTUS,https://driveimg1.intermarche.com/pt/Content/images/boitmal/produit/zoom/6BD482198179BD4338A991D3B750B511.jpg,,,12,3,,,
36655,8410436343404,500.0,Sonasol,Spray casa de banho brilhante,Embalagem de 500 ml,1.99,3.98,500,L,€/L,,,2024-08-02T23:59:59.999999999+01:00,PROSPECTUS,https://driveimg1.intermarche.com/pt/Content/images/boitmal/produit/zoom/DE1ABE94258D954A0B137F0F858C6881.jpg,,,12,3,,,
36704,5604260300655,385.0,PorSi,Atum posta ao natural,Lata de 385 g,2.74,7.12,0,kg,€/Kg,,,2024-08-02T23:59:59.999999999+01:00,PROSPECTUS,https://driveimg1.intermarche.com/pt/Content/images/boitmal/produit/zoom/98B8D8AF95627C26A14A019E67211289.jpg,,,12,3,,,
36909,5604260326051,,PorSi,Fraldas agility T5 de 13 a 18 kg,44 unidades,6.69,6.69,0,,€/Unidade,,,2024-08-02T23:59:59.999999999+01:00,PROSPECTUS,https://driveimg1.intermarche.com/pt/Content/images/boitmal/produit/zoom/35F5347888749D5FF884CE0B00621B68.jpg,,,12,3,,,
37045,5601217132659,500.0,Cillitbang,"Spray bolor e sujidade, garrafa de 500 ml",,2.49,4.98,500,L,€/L,,,2024-08-02T23:59:59.999999999+01:00,PROSPECTUS,https://driveimg1.intermarche.com/pt/Content/images/boitmal/produit/zoom/2A51671BCEA4544BF377B06769DE1169.jpg,,,12,3,,,
37761,5604260273638,1000.0,PorSi,Lasanha à bolonhesa,Embalagem de 1 kg,4.99,4.99,0,kg,€/Kg,,Tipo de stockagem,2024-08-02T23:59:59.999999999+01:00,PROSPECTUS,https://driveimg1.intermarche.com/pt/Content/images/boitmal/produit/zoom/3D7D37CD2C2C955E887051D2A74CEAFC.jpg,,,12,3,,,
37948,5601217132697,500.0,Cillitbang,Spray limpeza casa de banho,Embalagem de 500 ml,2.49,4.98,500,L,€/L,,,2024-08-02T23:59:59.999999999+01:00,PROSPECTUS,https://driveimg1.intermarche.com/pt/Content/images/boitmal/produit/zoom/62E5A8E0A6D5CF81B7A29AA6D1070117.jpg,,,12,3,,,
386,8712100479298,260.0,Calvé,Molho Mad Chips,Embalagem de 260g,1.94,7.46,0,kg,€/Kg,,,2024-08-07T23:59:59.999999999+01:00,PROSPECTUS,https://driveimg1.intermarche.com/pt/Content/images/boitmal/produit/zoom/2AC7B1BC6056929199259BC3C52D7157.jpg,https://driveimg1.intermarche.com/pt/Content/images/boitmal/produit/zoom/5EE595CA865FFD7654A8E18623535097.jpg,https://driveimg1.intermarche.com/pt/Content/images/boitmal/produit/zoom/5EE595CA865FFD7654A8E18623535097.jpg,12,3,,,
40121,8410076481825,185.0,Old El Paso,"Queijo chips, 185g",,2.39,12.92,0,kg,€/Kg,,,2024-08-07T23:59:59.999999999+01:00,PROSPECTUS,https://driveimg1.intermarche.com/pt/Content/images/boitmal/produit/zoom/DEA1516B26F52576858FA0F1943C8F52.jpg,,,12,3,,,
40347,8410076471604,350.0,Old El Paso,Tortilhas de Trigo Wraps,Embalagem de 350g,2.69,7.69,0,kg,€/Kg,,,2024-08-07T23:59:59.999999999+01:00,PROSPECTUS,https://driveimg1.intermarche.com/pt/Content/images/boitmal/produit/zoom/82EA638866E34F556114F2E95362AEAD.jpg,,,12,3,,,
40769,5604260301942,300.0,PorSi,Comida húmida para cão,Embalagem de 300 g,0.75,2.5,0,kg,€/Kg,,,2024-08-02T23:59:59.999999999+01:00,PROSPECTUS,https://driveimg1.intermarche.com/pt/Content/images/boitmal/produit/zoom/D90B7AD78A8FE4F93D83927A0C609BE3.jpg,,,12,3,,,
40969,5601151972557,1000.0,Frize,Água com gás sabor a maracujá,"Pack 4x 0,25l",1.99,1.99,1000,L,€/L,,,2024-08-02T23:59:59.999999999+01:00,PROSPECTUS,https://driveimg1.intermarche.com/pt/Content/images/boitmal/produit/zoom/9EDA238AFCB0C6D994D4CB4972B7E3C2.jpg,,,12,3,,,
41226,5601050036572,440.0,Danone,"Oikos morango, 4 x 110g",,1.99,4.52,0,kg,€/Kg,,,2024-08-02T23:59:59.999999999+01:00,PROSPECTUS,https://driveimg1.intermarche.com/pt/Content/images/boitmal/produit/zoom/8E4736FC7A27F857CF545D0499041B59.jpg,,,12,3,,,
41622,5604260304585,5000.0,PorSi,Areia para gatos mineral perfumada,Embalagem de 5 kg,2.59,0.52,0,kg,€/Kg,,,2024-08-02T23:59:59.999999999+01:00,PROSPECTUS,https://driveimg1.intermarche.com/pt/Content/images/boitmal/produit/zoom/A22F3FF72D9C5B78E2D24E4C52DC8F4E.jpg,,,12,3,,,
41718,5604260303823,90.0,PorSi,Saqueta de puré de fruta | maçã + manga + pêssego,90 g,0.74,8.22,0,kg,€/Kg,,,2024-08-02T23:59:59.999999999+01:00,PROSPECTUS,https://driveimg1.intermarche.com/pt/Content/images/boitmal/produit/zoom/002C0AF35BCBB9E50AC34B89735CDC2C.jpg,,,12,3,,,
41819,5601082047737,,Delta Q,Café XL Deqafeinatus intensidade 1,40 cápsulas,14.99,14.99,0,,€/Unidade,,,2024-08-02T23:59:59.999999999+01:00,PROSPECTUS,https://driveimg1.intermarche.com/pt/Content/images/boitmal/produit/zoom/705993EC4BA1EBFC96981215A35D276B.jpg,,,12,3,,,
42202,5604260308545,90.0,PorSi Bio,Bio pure fruta maca/banana,Embalagem de 90g,0.79,8.78,0,kg,€/Kg,,Produtos Bio,2024-08-02T23:59:59.999999999+01:00,PROSPECTUS,https://driveimg1.intermarche.com/pt/Content/images/boitmal/produit/zoom/E365F5C1DB1EAE536B220D12C8495923.jpg,https://driveimg1.intermarche.com/pt/Content/images/boitmal/produit/zoom/14B951515EAAAA2322752AB2EEFAC0ED.jpg,,12,3,,,
4254,3600521848449,50.0,L'oreal Men Expert,Desodorizante roll-on fresh extra,Embalagem de 50 ml,2.69,53.8,50,L,€/L,,,2024-08-07T23:59:59.999999999+01:00,PROSPECTUS,https://driveimg1.intermarche.com/pt/Content/images/boitmal/produit/zoom/E57536F1DBA38F68B80006805ED4ECFF.jpg,,,12,3,,,
4310,3600540362384,400.0,Ultra Suave,"Champô de camomila, 400 ml",,3.59,8.98,400,L,€/L,,,2024-08-07T23:59:59.999999999+01:00,PROSPECTUS,https://driveimg1.intermarche.com/pt/Content/images/boitmal/produit/zoom/3682EA1516F924548CF0016D3C028605.jpg,,,12,3,,,
43520,8411300478116,400.0,Elvive,Champô argila cabelos normais,Embalagem com 400ml,3.99,9.98,400,L,€/L,,,2024-08-07T23:59:59.999999999+01:00,PROSPECTUS,https://driveimg1.intermarche.com/pt/Content/images/boitmal/produit/zoom/4FA9549FFEB000EE016E8AB88BD8B66F.jpg,,,12,3,,,
43768,7613287121783,187.0,Smarties,"Smarties mini chocolate, 187g",,2.89,15.45,0,kg,€/Kg,,,2024-08-07T23:59:59.999999999+01:00,PROSPECTUS,https://driveimg1.intermarche.com/pt/Content/images/boitmal/produit/zoom/7A552A060795A355D30AAAB4BC193B70.jpg,https://driveimg1.intermarche.com/pt/Content/images/boitmal/produit/zoom/E8FEE980732B87942B93ED2D1ABFFA78.jpg,https://driveimg1.intermarche.com/pt/Content/images/boitmal/produit/zoom/E8FEE980732B87942B93ED2D1ABFFA78.jpg,12,3,,,
44389,8410001134925,,Scotch-Brite,Esfregão com Esponja Fibra Verde Gama Classic,Embalagem de 1 unidades,0.99,0.99,1,,€/Unidade,,,2024-08-02T23:59:59.999999999+01:00,PROSPECTUS,https://driveimg1.intermarche.com/pt/Content/images/boitmal/produit/zoom/4B6C5529FF177F3DF11EAD6B51EEDBFA.jpg,,,12,3,,,
44761,5601146050505,500.0,Bandida do Pomar,Bandida do pomar frutos vermelhos lata 50cl,Garrafa de 500 ml,1.19,2.38,500,L,€/L,,,2024-08-07T23:59:59.999999999+01:00,PROSPECTUS,https://driveimg1.intermarche.com/pt/Content/images/boitmal/produit/zoom/742101EF53028A0048A920A4A9EEC720.jpg,,,12,3,,,
44789,5603722514791,480.0,Mimosa,"Iogurte sólido sem lactose multifrutos, 4 x 125 g",,1.69,3.52,0,kg,€/Kg,,,2024-08-07T23:59:59.999999999+01:00,PROSPECTUS,https://driveimg1.intermarche.com/pt/Content/images/boitmal/produit/zoom/AFD577199B3478174C373E88A7AC02B1.jpg,,,12,3,,,
44914,5601119345379,160.0,Nobre,Vegalia especialidade vegetariana de soja,Lata com 8 unidades,2.09,13.06,0,kg,€/Kg,,,2024-08-07T23:59:59.999999999+01:00,PROSPECTUS,https://driveimg1.intermarche.com/pt/Content/images/boitmal/produit/zoom/54ED9714421A275D2E718198BEFF1393.jpg,,,12,3,,,
45431,5601050036893,300.0,Danone,"Yopro líquido manga,  300g",,1.88,6.27,0,kg,€/Kg,,,2024-08-07T23:59:59.999999999+01:00,PROSPECTUS,https://driveimg1.intermarche.com/pt/Content/images/boitmal/produit/zoom/8583A6614D9FCD023E372D07BF1E7B47.jpg,,,12,3,,,
46665,5601172231466,20.0,Blédina,"Snack flores lentilhas e milho, 20g",,0.99,49.5,0,kg,€/Kg,,Produtos Bio,2024-08-07T23:59:59.999999999+01:00,PROSPECTUS,https://driveimg1.intermarche.com/pt/Content/images/boitmal/produit/zoom/B98168ABB29868FB3B50201570328B13.jpg,,,12,3,,,
47636,8412600018323,300.0,Bimbo,Bimbo® bagels sementes 4 un.,Embalagem de 300g,2.29,7.63,0,kg,€/Kg,,,2024-08-07T23:59:59.999999999+01:00,PROSPECTUS,https://driveimg1.intermarche.com/pt/Content/images/boitmal/produit/zoom/64C691C53069BB7F8DA412B00033DFA3.jpg,,,12,3,,,
48092,5604260322435,85.0,PorSi Select,Comida húmida gato adulto c/ frango,Embalagem de 85g,0.59,6.94,0,kg,€/Kg,,,2024-08-02T23:59:59.999999999+01:00,PROSPECTUS,https://driveimg1.intermarche.com/pt/Content/images/boitmal/produit/zoom/E590670BC863F23F67B117215815F296.jpg,,,12,3,,,
48093,5604260322459,85.0,PorSi Select,Comida húmida gato adulto c/ peixe,Embalagem de 85g,0.59,6.94,0,kg,€/Kg,,,2024-08-02T23:59:59.999999999+01:00,PROSPECTUS,https://driveimg1.intermarche.com/pt/Content/images/boitmal/produit/zoom/4AA6ADFFF1475CB1AF3BAE3736401E0B.jpg,,,12,3,,,
48279,5054563108203,,Polident,Pastilhas de Limpeza Aparelho Dentário,Embalagem com 30 unidades ,4.39,4.39,0,,€/Unidade,,,2024-08-02T23:59:59.999999999+01:00,PROSPECTUS,https://driveimg1.intermarche.com/pt/Content/images/boitmal/produit/zoom/0FB9D80F4A25AFA9B454CEB4BA68ED5F.jpg,,,12,3,,,
48829,3600542202220,400.0,Fructis,Creme de Pentear Caracóis,Embalagem de 400 ml,5.59,13.98,400,L,€/L,,,2024-08-07T23:59:59.999999999+01:00,PROSPECTUS,https://driveimg1.intermarche.com/pt/Content/images/boitmal/produit/zoom/AB959134F7B479D1AFA1095297EA0B9F.jpg,,,12,3,,,
48907,5604260320769,,PorSi,Penso diário normal,Embalagem de 64 unidades,1.69,1.69,64,,€/Unidade,,,2024-08-02T23:59:59.999999999+01:00,PROSPECTUS,https://driveimg1.intermarche.com/pt/Content/images/boitmal/produit/zoom/160580AB04FA8705A00B47E711994C11.jpg,https://driveimg1.intermarche.com/pt/Content/images/boitmal/produit/zoom/C20F8AD2FC19771FE6AB1B975D7F3E8C.jpg,https://driveimg1.intermarche.com/pt/Content/images/boitmal/produit/zoom/C20F8AD2FC19771FE6AB1B975D7F3E8C.jpg,12,3,https://driveimg1.intermarche.com/pt/Content/images/boitmal/produit/zoom/C20F8AD2FC19771FE6AB1B975D7F3E8C.jpg,,
49084,5604260323562,300.0,PorSi,8 rissóis de carne,Embalagem de 300g,1.28,4.27,0,kg,€/Kg,,Tipo de stockagem,2024-08-02T23:59:59.999999999+01:00,PROSPECTUS,https://driveimg1.intermarche.com/pt/Content/images/boitmal/produit/zoom/217225786E9180EDB8CCAEEA81B08902.jpg,,,12,3,,,
49767,5601151969106,1000.0,Frize,Água c/ Gás Ananás,pack 4 x 0.25 l,1.99,1.99,1000,L,€/L,,,2024-08-02T23:59:59.999999999+01:00,PROSPECTUS,https://driveimg1.intermarche.com/pt/Content/images/boitmal/produit/zoom/EE071A8A9B23805FF5594CF8DCE06CD5.jpg,,,12,3,,,
49964,8719200238176,225.0,Becel,Creme de Barrar,Embalagem de 225g,1.99,8.84,0,kg,€/Kg,,,2024-08-07T23:59:59.999999999+01:00,PROSPECTUS,https://driveimg1.intermarche.com/pt/Content/images/boitmal/produit/zoom/382BF7BFAA9AE155413812F2C51A439C.jpg,,,12,3,,,
50033,5601050037593,300.0,Yopro,"Iogurte Liquido Pêssego Maragujá,  300g",,1.88,6.27,0,kg,€/Kg,,,2024-08-07T23:59:59.999999999+01:00,PROSPECTUS,https://driveimg1.intermarche.com/pt/Content/images/boitmal/produit/zoom/8DF1B41264F620D281B0BA1662B0D3D8.jpg,,,12,3,,,
50277,8410436429443,,Persil,Detergente máquina roupa 4 em 1,40 cápsulas,9.99,9.99,0,,€/Unidade,,,2024-08-02T23:59:59.999999999+01:00,PROSPECTUS,https://driveimg1.intermarche.com/pt/Content/images/boitmal/produit/zoom/5E047E9BAF43F15ECC8BBAF280F71764.jpg,,,12,3,,,
50410,8720181292903,760.0,Comfort,Intensificador de Perfume Onda de Frescura,Garrafa de 760 ml,3.49,4.59,760,L,€/L,,,2024-08-02T23:59:59.999999999+01:00,PROSPECTUS,https://driveimg1.intermarche.com/pt/Content/images/boitmal/produit/zoom/F7D6549EEE11F8BCC082E924E85195BB.jpg,,,12,3,,,
50512,8410500028206,160.0,Yopro,"Yopro morango,  160g",,0.98,6.13,0,kg,€/Kg,,,2024-08-07T23:59:59.999999999+01:00,PROSPECTUS,https://driveimg1.intermarche.com/pt/Content/images/boitmal/produit/zoom/D925B59D7A508F0A005BF08DFAE0B307.jpg,,,12,3,,,
51181,5601217137265,,Quanto,"Perfumador de Roupa Azul, 36 doses",,2.99,2.99,0,,€/Unidade,,,2024-08-02T23:59:59.999999999+01:00,PROSPECTUS,https://driveimg1.intermarche.com/pt/Content/images/boitmal/produit/zoom/D220904A5CC7339C1FC4FDBF74A24C1B.jpg,,,12,3,,,
5143,5601096201309,750.0,Casal Garcia,Vinho verde branco,Garrafa de 0.75 l,2.99,3.99,750,L,€/L,,,2024-08-07T23:59:59.999999999+01:00,PROSPECTUS,https://driveimg1.intermarche.com/pt/Content/images/boitmal/produit/zoom/056BD080A2D98C87EBA807C039694917.jpg,,,12,3,,,
51560,5601174792002,750.0,João Pires,Vinho Rosé Península de Setúbal,Garrafa de 0.75 l,3.49,4.65,750,L,€/L,,,2024-08-07T23:59:59.999999999+01:00,PROSPECTUS,https://driveimg1.intermarche.com/pt/Content/images/boitmal/produit/zoom/5C884C754161C78D04BEEB9A8611ACBF.jpg,,,12,3,,,
51927,4005900911537,270.0,Nivea Sun,Protetor Solar Kids Protect & Care FP50+,Garrafa de 270 ml,12.59,46.63,270,L,€/L,,,2024-08-07T23:59:59.999999999+01:00,PROSPECTUS,https://driveimg1.intermarche.com/pt/Content/images/boitmal/produit/zoom/9BBC6CA36143C3EB2B9B2E1200AF6EC6.jpg,,,12,3,,,
52327,8720181385087,,Skip,Detergente Máquina Roupa Líquido Roupa Escura,56 Doses,9.99,9.99,0,,€/Unidade,,,2024-08-02T23:59:59.999999999+01:00,PROSPECTUS,https://driveimg1.intermarche.com/pt/Content/images/boitmal/produit/zoom/E0D1F9F4573871E5DC8853A835283320.jpg,,,12,3,,,
52338,8720181392931,,Comfort,Amaciador Roupa Concentrado Creations Jasmim e Mirtilo,76 Doses,3.99,3.99,0,,€/Unidade,,,2024-08-02T23:59:59.999999999+01:00,PROSPECTUS,https://driveimg1.intermarche.com/pt/Content/images/boitmal/produit/zoom/DED7323146382FF9F9D6D0F2196F9D63.jpg,,,12,3,,,
52361,5604260330485,200.0,PorSi,Pão Especial para Hamburguer,4 Unidades,0.89,4.45,0,kg,€/Kg,,,2024-08-02T23:59:59.999999999+01:00,PROSPECTUS,https://driveimg1.intermarche.com/pt/Content/images/boitmal/produit/zoom/E7F20C90E07EBB93C3E37B236831802D.jpg,,,12,3,,,
52372,8720181384783,,Skip,Detergente Máquina Roupa Líquido Active Clean,76 Doses,11.99,11.99,0,,€/Unidade,,,2024-08-02T23:59:59.999999999+01:00,PROSPECTUS,https://driveimg1.intermarche.com/pt/Content/images/boitmal/produit/zoom/317EA4E845A007FE56B2D6D0E194B17C.jpg,,,12,3,,,
52381,8720181407154,1300.0,Cif,Lava Tudo Perfumado Lavanda,"Embalagem de 1,3L",1.99,1.53,1300,L,€/L,,,2024-08-07T23:59:59.999999999+01:00,PROSPECTUS,https://driveimg1.intermarche.com/pt/Content/images/boitmal/produit/zoom/A81E6DD1EE934840EEF0519DC6E6E364.jpg,https://driveimg1.intermarche.com/pt/Content/images/boitmal/produit/zoom/935C662FEAE9FBF79977B0438F001CF1.jpg,,12,3,,,
52527,5604260329656,750.0,Selecção de Enófilos,Vinho Branco Alentejo Antão-Vaz,Garrafa de 0.75 litros,2.99,3.99,750,L,€/L,,,2024-08-07T23:59:59.999999999+01:00,PROSPECTUS,https://driveimg1.intermarche.com/pt/Content/images/boitmal/produit/zoom/0E250910A437131CAA095AC58E610C45.jpg,,,12,3,,,
52529,5604260330874,750.0,Selecção de Enófilos,Vinho Branco do Tejo Sauvignon-Blanc,Garrafa de 0.75 litros,2.99,3.99,750,L,€/L,,,2024-08-07T23:59:59.999999999+01:00,PROSPECTUS,https://driveimg1.intermarche.com/pt/Content/images/boitmal/produit/zoom/1514A633BA7B3687C04E3C4EF47B91A5.jpg,,,12,3,,,
52600,5601217137951,1710.0,Quanto,"Amaciador Roupa Concentrado Ouro e Orquídea Branca, 95 doses",,3.99,2.33,1710,L,€/L,,,2024-08-02T23:59:59.999999999+01:00,PROSPECTUS,https://driveimg1.intermarche.com/pt/Content/images/boitmal/produit/zoom/A89E9019D654EFABC7388FF37B1BF310.jpg,,,12,3,,,
52601,5601217137944,1710.0,Quanto,"Amaciador Roupa Concentrado Rubi e Jasmim, 95 doses",,3.99,2.33,1710,L,€/L,,,2024-08-02T23:59:59.999999999+01:00,PROSPECTUS,https://driveimg1.intermarche.com/pt/Content/images/boitmal/produit/zoom/EFA6AAA584BAA33F31E0C73AACE65A5B.jpg,,,12,3,,,
52789,5601050038132,480.0,Yopro,"Iogurte Proteina Natural, 480g",,3.29,6.85,0,kg,€/Kg,,,2024-08-07T23:59:59.999999999+01:00,PROSPECTUS,https://driveimg1.intermarche.com/pt/Content/images/boitmal/produit/zoom/BE4D3D8FEB829E1CCD624C248168783D.jpg,,,12,3,,,
52796,8711327616455,825.0,Carte d'or,"Gelado Tiramisu, 825 ml",,3.55,4.3,825,L,€/L,,Tipo de stockagem,2024-08-07T23:59:59.999999999+01:00,PROSPECTUS,https://driveimg1.intermarche.com/pt/Content/images/boitmal/produit/zoom/9B84E001D84CA5CB733E1DA3A05B1D5F.jpg,,,12,3,,,
52891,8720181387357,600.0,Skip,"Detergente em Pó Máquina de Roupa Active Clean, 12 Doses",,2.99,4.98,0,kg,€/Kg,,,2024-08-02T23:59:59.999999999+01:00,PROSPECTUS,https://driveimg1.intermarche.com/pt/Content/images/boitmal/produit/zoom/57A6A7FF199125F45C11F360C191B640.jpg,,,12,3,,,
52937,8410104914103,,Finish,"Detergente Loiça Máquina Ultimate Limão, 44 unidades",,10.99,10.99,44,,€/Unidade,,,2024-08-07T23:59:59.999999999+01:00,PROSPECTUS,https://driveimg1.intermarche.com/pt/Content/images/boitmal/produit/zoom/362A0E4E8C3D4E0B10CFC0DA1DA75F34.jpg,,,12,3,,,
52941,8720181386510,2700.0,Skip,"Detergente Líquido Máquina de Roupa Sabão Natural, 60 Doses",,7.99,2.96,2700,L,€/L,,,2024-08-02T23:59:59.999999999+01:00,PROSPECTUS,https://driveimg1.intermarche.com/pt/Content/images/boitmal/produit/zoom/F78D7BA1CEEC1BA7836B80E309E4D243.jpg,,,12,3,,,
52942,8720181385070,2520.0,Skip,"Detergente Líquido Máquina de Roupa Cores, 56 Doses",,9.99,3.96,2520,L,€/L,,,2024-08-02T23:59:59.999999999+01:00,PROSPECTUS,https://driveimg1.intermarche.com/pt/Content/images/boitmal/produit/zoom/DA89C34C561727E74F60C33922AB0C9D.jpg,,,12,3,,,
53024,8720182589569,280.0,Calvé,"Molho Agridoce, 280g",,1.94,6.93,0,kg,€/Kg,,,2024-08-07T23:59:59.999999999+01:00,PROSPECTUS,https://driveimg1.intermarche.com/pt/Content/images/boitmal/produit/zoom/7ADC1EF520237C467C08598D71586602.jpg,,,12,3,,,
53240,8720181384264,2340.0,Skip,"Detergente Líquido Máquina de Roupa 2 em 1 Ultimate, 52 Doses",,10.99,4.7,2340,L,€/L,,,2024-08-02T23:59:59.999999999+01:00,PROSPECTUS,https://driveimg1.intermarche.com/pt/Content/images/boitmal/produit/zoom/ADA1267F1850FE173AC42CD30CA77DD5.jpg,,,12,3,,,
53262,8711327597761,360.0,Cornetto,"Gelado Filipinos, 4 x 90ml",,3.89,10.81,360,L,€/L,,Tipo de stockagem,2024-08-02T23:59:59.999999999+01:00,PROSPECTUS,https://driveimg1.intermarche.com/pt/Content/images/boitmal/produit/zoom/B06A234868C6C8C0E9F6DD974D43ACB2.jpg,,,12,3,,,
53760,8435495837145,2000.0,Gama,Detergente Máquina Roupa Líquido Frescor da Colónia,Embalagem de 45 Doses,3.99,2.0,2000,L,€/L,,,2024-08-02T23:59:59.999999999+01:00,PROSPECTUS,https://driveimg1.intermarche.com/pt/Content/images/boitmal/produit/zoom/66F2A8E21E7849C860A39607DF894D69.jpg,,,12,3,,,
6039,5606215090017,750.0,Raposeira,Espumante bruto reserva,Garrafa de 0.75 l,6.99,9.32,750,L,€/L,,,2024-08-07T23:59:59.999999999+01:00,PROSPECTUS,https://driveimg1.intermarche.com/pt/Content/images/boitmal/produit/zoom/D1246C608EB3BA32E60D61BDE2573490.jpg,,,12,3,,,
6057,5608527000401,750.0,Dona Ermelinda,Vinho doc palmela tinto,Garrafa de 750 ml,3.99,5.32,750,L,€/L,,,2024-08-07T23:59:59.999999999+01:00,PROSPECTUS,https://driveimg1.intermarche.com/pt/Content/images/boitmal/produit/zoom/A42E08518C2D5C24CA9EADB32EC8646D.jpg,,,12,3,,,
6818,8712566118625,390.0,Olá,Gelado supermaxi,Embalagem de 6 x 65 ml,3.09,7.92,390,L,€/L,,Tipo de stockagem,2024-08-02T23:59:59.999999999+01:00,PROSPECTUS,https://driveimg1.intermarche.com/pt/Content/images/boitmal/produit/zoom/EDD74C84414985483D339FDE915214FB.jpg,https://driveimg1.intermarche.com/pt/Content/images/boitmal/produit/zoom/C78EEEF4719F48D1D9E8F75D0F700815.jpg,https://driveimg1.intermarche.com/pt/Content/images/boitmal/produit/zoom/C78EEEF4719F48D1D9E8F75D0F700815.jpg,12,3,,,
7043,2894074000000,150.0,Campofrio,Peito de peru forno lenha,1 un = 150 gr (aprox.),2.32,15.49,0,,€/Kg,,,2024-08-07T23:59:59.999999999+01:00,PROSPECTUS,https://driveimg1.intermarche.com/pt/Content/images/boitmal/produit/zoom/EF3CEFEECAD2391EED6F65839052F87D.jpg,,,12,3,,,
7324,3228020390131,250.0,Président,Manteiga magra meio sal,Embalagem de 250g,2.37,9.48,0,kg,€/Kg,,,2024-08-07T23:59:59.999999999+01:00,PROSPECTUS,https://driveimg1.intermarche.com/pt/Content/images/boitmal/produit/zoom/E0572D04FA5CEC1AC6556A139AF011D2.jpg,,,12,3,,,
7550,3600541550087,400.0,Ultra Suave,Champô tesouros de mel,Embalagem de 400 ml,3.79,9.48,400,L,€/L,,,2024-08-07T23:59:59.999999999+01:00,PROSPECTUS,https://driveimg1.intermarche.com/pt/Content/images/boitmal/produit/zoom/E6566E0DAE3A76CF422C4F3C02B07F81.jpg,,,12,3,,,
8286,5601012001310,750.0,Mateus,Espumante rosé bruto,Garrafa de 750 ml,4.99,6.65,750,L,€/L,,,2024-08-07T23:59:59.999999999+01:00,PROSPECTUS,https://driveimg1.intermarche.com/pt/Content/images/boitmal/produit/zoom/C4D8A14EE2E1841C04C49E6174952E01.jpg,,,12,3,,,
8502,5601109211288,750.0,EVEL,Vinho branco doc douro,Garrafa de 750 ml,4.79,6.39,750,L,€/L,,,2024-08-07T23:59:59.999999999+01:00,PROSPECTUS,https://driveimg1.intermarche.com/pt/Content/images/boitmal/produit/zoom/170D4E8A50CEC9755918B80CA1B25767.jpg,,,12,3,,,
8508,5601110113205,750.0,Cabeça de Toiro,Vinho DOC Tejo Tinto Reserva,Garrafa de 0.75 l,5.49,7.32,750,L,€/L,,,2024-08-07T23:59:59.999999999+01:00,PROSPECTUS,https://driveimg1.intermarche.com/pt/Content/images/boitmal/produit/zoom/EADE66D1097A14209B44751A85B7C009.jpg,,,12,3,,,
8631,5601151123355,600.0,Bongo,Néctar 8 frutos,Pack 3 x 200 ml,1.27,2.12,600,L,€/L,,,2024-08-07T23:59:59.999999999+01:00,PROSPECTUS,https://driveimg1.intermarche.com/pt/Content/images/boitmal/produit/zoom/8BAF12E62C24AA53D4D4C5A5073D4AC9.jpg,,,12,3,,,
8752,5601217102065,1000.0,Finish,Sal p/ máquina de lavar loiça,Embalagem de 1 kg,1.89,1.89,0,kg,€/Kg,,,2024-08-07T23:59:59.999999999+01:00,PROSPECTUS,https://driveimg1.intermarche.com/pt/Content/images/boitmal/produit/zoom/8EBDC7AE1197593D3539E53F449D6E79.jpg,,,12,3,,,
8907,5601356013062,750.0,Porta da Ravessa,Vinho doc alentejo tinto,Garrafa de 750 ml,2.19,2.92,750,L,€/L,,,2024-08-07T23:59:59.999999999+01:00,PROSPECTUS,https://driveimg1.intermarche.com/pt/Content/images/boitmal/produit/zoom/6959CDD5BE6F9D19F80D1BD635488E3C.jpg,,,12,3,,,
8929,5601377319082,750.0,Monsaraz,Vinho doc alentejo branco,"Garrafa de 0,75 l",2.99,3.99,750,L,€/L,,,2024-08-02T23:59:59.999999999+01:00,PROSPECTUS,https://driveimg1.intermarche.com/pt/Content/images/boitmal/produit/zoom/57A61372BA394565717B5AEFA7626E3C.jpg,,,12,3,,,
8933,5601377339080,750.0,Monsaraz,Vinho Tinto DOC Alentejo,"Garrafa de 0,75 l",2.99,3.99,750,L,€/L,,,2024-08-02T23:59:59.999999999+01:00,PROSPECTUS,https://driveimg1.intermarche.com/pt/Content/images/boitmal/produit/zoom/91D66AE5F752617A4B7436C49147FA1C.jpg,,,12,3,,,
9011,5601531101102,750.0,Deu-la-deu,Vinho Verde Alvarinho Branco,Garrafa de 0.75 l,5.89,7.85,750,L,€/L,,,2024-08-07T23:59:59.999999999+01:00,PROSPECTUS,https://driveimg1.intermarche.com/pt/Content/images/boitmal/produit/zoom/A59DDCB43A3BD6CCA2CD4215292E0BC5.jpg,,,12,3,,,
9245,5603034000098,400.0,São Jorge,Queijo dop cura 4 meses fatias,Embalagem de 400g,6.14,15.35,0,kg,€/Kg,,,2024-08-07T23:59:59.999999999+01:00,PROSPECTUS,https://driveimg1.intermarche.com/pt/Content/images/boitmal/produit/zoom/A4FE3A45E95585BD4D435B2857AEDB59.jpg,,,12,3,,,
939,5601001315107,200.0,Nestlé,Mistura solúvel tofina despertar,Embalagem de 200g,2.84,14.2,0,kg,€/Kg,,,2024-08-02T23:59:59.999999999+01:00,PROSPECTUS,https://driveimg1.intermarche.com/pt/Content/images/boitmal/produit/zoom/5CE6D55625AEDC805A15D1C134965D0D.jpg,,,12,3,,,
944,5601001339301,200.0,Nestlé,Mistura solúvel mokambo,Embalagem de 200g,3.99,19.95,0,kg,€/Kg,,,2024-08-02T23:59:59.999999999+01:00,PROSPECTUS,https://driveimg1.intermarche.com/pt/Content/images/boitmal/produit/zoom/A8F3A8EB08BBF4181F15A95334F151A2.jpg,,,12,3,,,
974,5601024105051,3000.0,Fula,Óleo alimentar,Embalagem 3L,5.85,1.95,3000,L,€/L,,,2024-08-02T23:59:59.999999999+01:00,PROSPECTUS,https://driveimg1.intermarche.com/pt/Content/images/boitmal/produit/zoom/E8988831656F5EAF04A94786E82867B7.jpg,,,12,3,,,
9860,5998749117774,60.0,Catisfactions,Snack para gato,Embalagem de 60g,1.69,28.17,0,kg,€/Kg,,,2024-08-02T23:59:59.999999999+01:00,PROSPECTUS,https://driveimg1.intermarche.com/pt/Content/images/boitmal/produit/zoom/7959C16D36E6FB98E4D26D4979458461.jpg,,,12,3,,,
996,5601038005064,80.0,Knorr,Caldo de legumes 8 cubos,Embalagem de 80g,2.29,28.63,0,kg,€/Kg,,,2024-08-07T23:59:59.999999999+01:00,PROSPECTUS,https://driveimg1.intermarche.com/pt/Content/images/boitmal/produit/zoom/3606EB29BAB8193115549EA3C4464D95.jpg,,,12,3,,,
13884,2891106000000,2000.0,PorSi Select,Frango do Campo Inteiro c/ Miúdos Programa Origens,Vendido ao peso,6.9,3.45,0,,€/Kg,,,2024-08-07T23:59:59.999999999+01:00,PROSPECTUS,https://driveimg1.intermarche.com/pt/Content/images/boitmal/produit/zoom/6B6825838652E244237081C091CB1D51.jpg,,,12,3,,,
16042,8410022000025,200.0,Donuts,Donuts classic,Embalagem de 200g,2.19,10.95,0,kg,€/Kg,,,2024-08-07T23:59:59.999999999+01:00,PROSPECTUS,https://driveimg1.intermarche.com/pt/Content/images/boitmal/produit/zoom/9DE87D45842580C95F36B655B1BA5FC5.jpg,,,12,4,,,
11469,5601028016681,,Renova,"Papel higiénico compacto, folha dupla",4 = 12 rolos,2.49,2.49,0,,€/Unidade,,,2024-08-07T23:59:59.999999999+01:00,PROSPECTUS,https://driveimg1.intermarche.com/pt/Content/images/boitmal/produit/zoom/833BBD2F004421BEB7D3758CD6F84330.jpg,https://driveimg1.intermarche.com/pt/Content/images/boitmal/produit/zoom/5256AFB114E96932DA597D5372942F20.jpg,https://driveimg1.intermarche.com/pt/Content/images/boitmal/produit/zoom/0AC1E0BF4245ABCA66BD5F1E70264BC6.jpg,12,4,,,
2206,5604260265084,800.0,PorSi,Bacalhau em lombos,Embalagem de 800g,14.49,18.11,0,kg,€/Kg,,Tipo de stockagem,2024-08-02T23:59:59.999999999+01:00,PROSPECTUS,https://driveimg1.intermarche.com/pt/Content/images/boitmal/produit/zoom/3A39DBFB4F8A5BABDA8F378C8D2032E7.jpg,,,12,4,,,
51403,5604260325689,1000.0,PorSi,Vinagre de limpeza,Garrafa de 1 l,0.95,0.95,1000,L,€/L,,,2024-08-02T23:59:59.999999999+01:00,PROSPECTUS,https://driveimg1.intermarche.com/pt/Content/images/boitmal/produit/zoom/D97716AE40F4384225AEA397971D7BFD.jpg,,,12,4,,,
17189,5603344531107,110.0,General,"Atum em posta, em azeite",Embalagem de 110g,1.49,13.55,0,kg,€/Kg,,,2024-08-07T23:59:59.999999999+01:00,PROSPECTUS,https://driveimg1.intermarche.com/pt/Content/images/boitmal/produit/zoom/23F9119BF17F96B8DBD56B1983340EF6.jpg,,,12,4,,,
16857,5603344531114,110.0,General,Atum natural,Embalagem de 110g,1.1,10.0,0,kg,€/Kg,,,2024-08-07T23:59:59.999999999+01:00,PROSPECTUS,https://driveimg1.intermarche.com/pt/Content/images/boitmal/produit/zoom/134BCB035260DA080E0EB7CE51D7253D.jpg,,,12,4,,,
1383,5601175103173,3000.0,Oliveira da Serra,Azeite tradição,Embalagem 3L,26.89,8.96,3000,L,€/L,,,2024-08-07T23:59:59.999999999+01:00,PROSPECTUS,https://driveimg1.intermarche.com/pt/Content/images/boitmal/produit/zoom/5E0D005BAEBDB53CB4A9D6251C17079C.jpg,,,12,4,,,
34084,5607233509321,520.0,Panrico,Pão de forma especial integral de trigo,Embalagem de 520g,1.59,3.06,0,kg,€/Kg,,,2024-08-07T23:59:59.999999999+01:00,PROSPECTUS,https://driveimg1.intermarche.com/pt/Content/images/boitmal/produit/zoom/E3F722519E8DED07FAFDF23AF00716EC.jpg,,,12,4,,,
49085,5604260323555,300.0,PorSi,8 rissóis de camarão,Embalagem de 300g,1.25,4.17,0,kg,€/Kg,,Tipo de stockagem,2024-08-02T23:59:59.999999999+01:00,PROSPECTUS,https://driveimg1.intermarche.com/pt/Content/images/boitmal/produit/zoom/D126C42EDA26B0D368147D17B093DA22.jpg,,,12,4,,,
41717,5604260303816,90.0,PorSi,Saqueta de puré de fruta | maçã + pera,90 g,0.74,8.22,0,kg,€/Kg,,,2024-08-02T23:59:59.999999999+01:00,PROSPECTUS,https://driveimg1.intermarche.com/pt/Content/images/boitmal/produit/zoom/BDC9DCB2575995ED71759BEA2C9A3172.jpg,,,12,4,,,
10509,8435250297955,256.0,Nestlé,"Iogurte mix-in smarties baunilha,  2 x 128 g",,1.99,7.77,0,kg,€/Kg,,,2024-08-02T23:59:59.999999999+01:00,PROSPECTUS,https://driveimg1.intermarche.com/pt/Content/images/boitmal/produit/zoom/4FC6F733C531A7A948940F213F0E604D.jpg,,,12,4,,,
13095,2893071000000,100.0,Peixaria,Carapau Pequeno,1 un = 100 g (aprox.),0.3,2.99,0,,€/Kg,,,2024-08-07T23:59:59.999999999+01:00,PROSPECTUS,https://driveimg1.intermarche.com/pt/Content/images/boitmal/produit/zoom/A6FA4A5C89011F3F27A60AD959FD9913.jpg,,,12,4,,,
19539,7613035610156,250.0,Sical,Café 5 estrelas moído tradição,Embalagem de 250g,2.79,11.16,0,kg,€/Kg,,,2024-08-07T23:59:59.999999999+01:00,PROSPECTUS,https://driveimg1.intermarche.com/pt/Content/images/boitmal/produit/zoom/05F298B6158A264F26FCA1105F30811A.jpg,https://driveimg1.intermarche.com/pt/Content/images/boitmal/produit/zoom/2888C77DDA1DB5E5E1FA7EF4EE8D9964.jpg,,12,4,,,
35542,7613036867405,210.0,Nescafé,Café em cápsulas dolce gusto ristreto intenso,Embalagem de 210g,9.99,47.57,0,kg,€/Kg,,,2024-08-02T23:59:59.999999999+01:00,PROSPECTUS,https://driveimg1.intermarche.com/pt/Content/images/boitmal/produit/zoom/267E125B7795F042AD3E2E89E4989A32.jpg,,,12,4,,,
36657,5601217132673,500.0,Cillitbang,Spray lixívia e higiene,Garrafa de 500 ml,2.49,4.98,500,L,€/L,,,2024-08-02T23:59:59.999999999+01:00,PROSPECTUS,https://driveimg1.intermarche.com/pt/Content/images/boitmal/produit/zoom/B883369E3F8FD2106485DC8F041B61F8.jpg,,,12,4,,,
13175,2893160000000,300.0,Marisco,Mexilhão Médio Fresco,Vendido ao peso,0.6,1.99,0,,€/Kg,,,2024-08-07T23:59:59.999999999+01:00,PROSPECTUS,https://driveimg1.intermarche.com/pt/Content/images/boitmal/produit/zoom/1B99F057F8C4C1BA9A19D558FEEB76B4.jpg,,,12,4,,,
24415,8410436299961,1300.0,Sonasol,Lava tudo lavanda,"Embalagem de 1,3L",2.09,1.61,1300,L,€/L,,,2024-08-02T23:59:59.999999999+01:00,PROSPECTUS,https://driveimg1.intermarche.com/pt/Content/images/boitmal/produit/zoom/4C901B46EE167F7ABAA5D085E91578A1.jpg,,,12,4,,,
52377,8720181385131,,Skip,Detergente Máquina Roupa Líquido Sabão Natural,100 Doses,11.99,11.99,0,,€/Unidade,,,2024-08-07T23:59:59.999999999+01:00,PROSPECTUS,https://driveimg1.intermarche.com/pt/Content/images/boitmal/produit/zoom/C8D069DB25783C2FC7889DE8456B0590.jpg,,,12,4,,,
12945,2892154000000,250.0,Fruta,Ameixa Amarela,1 un = 250 gr  (aprox.),0.5,1.99,0,,€/Kg,,,2024-08-07T23:59:59.999999999+01:00,PROSPECTUS,https://driveimg1.intermarche.com/pt/Content/images/boitmal/produit/zoom/2090DD1A82171FDD907927AD0AF26B38.jpg,,,12,4,,,
41384,5601050036602,440.0,Danone,"Iogurte grego oikos stracciatella,  4 x 110 g",,1.99,4.52,0,kg,€/Kg,,,2024-08-02T23:59:59.999999999+01:00,PROSPECTUS,https://driveimg1.intermarche.com/pt/Content/images/boitmal/produit/zoom/A0A6F59B7D5832D67ED1CDB718D78849.jpg,,,12,4,,,
50405,8445290489173,900.0,Cerelac,Papa Infantil + 6 meses,Embalagem de 900g,6.29,6.99,0,kg,€/Kg,,,2024-08-02T23:59:59.999999999+01:00,PROSPECTUS,https://driveimg1.intermarche.com/pt/Content/images/boitmal/produit/zoom/AC49BEE482A5844CB7C28462BEA4C70C.jpg,,,12,4,,,
13566,2893560000000,250.0,Congelado de Aquicultura,Camarão Congelado 20/30,1 un = 250 gr  (aprox.),2.2,8.79,0,,€/Kg,,Avantages !,2024-08-07T23:59:59.999999999+01:00,PROSPECTUS,https://driveimg1.intermarche.com/pt/Content/images/boitmal/produit/zoom/863DB9F10BE616A55736AB7A17BC6BB5.jpg,,,12,4,,,
17892,5601082039800,220.0,Delta Q,Café xl qalidus cápsulas,Embalagem de 220g,14.99,68.14,0,kg,€/Kg,,,2024-08-02T23:59:59.999999999+01:00,PROSPECTUS,https://driveimg1.intermarche.com/pt/Content/images/boitmal/produit/zoom/366FA5D4E032D6F1950F570ABB5EB801.jpg,,,12,4,,,
35103,5601029000115,120.0,Bom Petisco,Sardinhas em azeite,Lata com 120 g,1.46,12.17,0,kg,€/Kg,,,2024-08-07T23:59:59.999999999+01:00,PROSPECTUS,https://driveimg1.intermarche.com/pt/Content/images/boitmal/produit/zoom/C04E3695F77420B1311611DC74837D3E.jpg,,,12,4,,,
49223,5604260322633,90.0,PorSi,Saqueta puré de fruta e bolacha,Embalagem de 90g,0.74,8.22,0,kg,€/Kg,,,2024-08-02T23:59:59.999999999+01:00,PROSPECTUS,https://driveimg1.intermarche.com/pt/Content/images/boitmal/produit/zoom/F218EA95CBA167422382632AB54B0FE0.jpg,,,12,4,,,
21749,7613035766532,250.0,Nestum,Nestum chocolate,Embalagem de 250g,2.14,8.56,0,kg,€/Kg,,,2024-08-07T23:59:59.999999999+01:00,PROSPECTUS,https://driveimg1.intermarche.com/pt/Content/images/boitmal/produit/zoom/2985CAADA6D151AC0E20062A22E70429.jpg,,,12,4,,,
49225,5604260322657,90.0,PorSi,Saqueta puré de fruta,Embalagem de 90g,0.74,8.22,0,kg,€/Kg,,,2024-08-02T23:59:59.999999999+01:00,PROSPECTUS,https://driveimg1.intermarche.com/pt/Content/images/boitmal/produit/zoom/9AD870D1CAD79AE0716C1075F5C158F0.jpg,,,12,4,,,
13577,2893572000000,200.0,Peixaria,Pota Inteira Congelada,1 un= 200 gr (aprox.),1.18,5.89,0,,€/Kg,,Avantages !,2024-08-07T23:59:59.999999999+01:00,PROSPECTUS,https://driveimg1.intermarche.com/pt/Content/images/boitmal/produit/zoom/B2D6321EA80C5271A6C9DE3162C36D95.jpg,,,12,4,,,
50367,5604260326129,300.0,PorSi,8 rissóis de pescada,Embalagem de 300g,1.15,3.83,0,kg,€/Kg,,Tipo de stockagem,2024-08-02T23:59:59.999999999+01:00,PROSPECTUS,https://driveimg1.intermarche.com/pt/Content/images/boitmal/produit/zoom/66808786B3FF6C3E96EF19274B692EA7.jpg,,,12,4,,,
52326,8720181384776,,Skip,Detergente Máquina Roupa Líquido Active Clean,56 Doses,9.99,9.99,0,,€/Unidade,,,2024-08-02T23:59:59.999999999+01:00,PROSPECTUS,https://driveimg1.intermarche.com/pt/Content/images/boitmal/produit/zoom/FB959F644F3F5B9BCC6B250AF56B6E18.jpg,,,12,4,,,
36910,5604260326068,,PorSi,Fraldas agility T6 para + de 17 kg,30 unidades,5.69,5.69,0,,€/Unidade,,,2024-08-02T23:59:59.999999999+01:00,PROSPECTUS,https://driveimg1.intermarche.com/pt/Content/images/boitmal/produit/zoom/C8AE5AF97E01CC5E961749F64F41AB9A.jpg,,,12,4,,,
44234,8710522854815,257.0,Calvé,Mostarda,Embalagem de 257g,1.68,6.54,0,kg,€/Kg,,,2024-08-07T23:59:59.999999999+01:00,PROSPECTUS,https://driveimg1.intermarche.com/pt/Content/images/boitmal/produit/zoom/7979D994594677C477DA08ADD5A2E9CB.jpg,,,12,4,,,
10859,3023290400395,230.0,Nestlé,"Iogurte mix-in kit kat,  2 x 115 g",,1.99,8.65,0,kg,€/Kg,,,2024-08-02T23:59:59.999999999+01:00,PROSPECTUS,https://driveimg1.intermarche.com/pt/Content/images/boitmal/produit/zoom/D24FD8641E9037F3EAA23A9C6F869324.jpg,,,12,4,,,
20653,5449000003751,1500.0,Fanta,"Refrigerante com gás de ananás, garrafa de 1,5 l",,0.99,0.66,1500,L,€/L,,,2024-08-07T23:59:59.999999999+01:00,PROSPECTUS,https://driveimg1.intermarche.com/pt/Content/images/boitmal/produit/zoom/E02106088F5A281D124D7D74DB00421E.jpg,,,12,4,,,
44936,8711327318373,540.0,Olá,Cornetto clássico,Embalagem de 6 x 90 ml,3.56,6.59,540,L,€/L,,Tipo de stockagem,2024-08-02T23:59:59.999999999+01:00,PROSPECTUS,https://driveimg1.intermarche.com/pt/Content/images/boitmal/produit/zoom/8D9DC9138E665052BD487BD925ECAB26.jpg,,,12,4,,,
47004,5604260319237,1500.0,PorSi,"Iogurte tipo grego natural,  12 x 125 g",,4.99,3.33,0,kg,€/Kg,,,2024-08-07T23:59:59.999999999+01:00,PROSPECTUS,https://driveimg1.intermarche.com/pt/Content/images/boitmal/produit/zoom/70890CE63A246EFD470DA6FD2A5C5173.jpg,,,12,4,,,
49221,5604260322602,90.0,PorSi,Saqueta puré de fruta,Embalagem de 90g,0.74,8.22,0,kg,€/Kg,,,2024-08-02T23:59:59.999999999+01:00,PROSPECTUS,https://driveimg1.intermarche.com/pt/Content/images/boitmal/produit/zoom/9893E2C7164F12F4E4974DE54879A4ED.jpg,,,12,4,,,
50377,8445290351357,,Nescafé,Dolce gusto sical espresso cafés,Embalagem de 16 unidades,4.99,4.99,0,,€/Unidade,,,2024-08-07T23:59:59.999999999+01:00,PROSPECTUS,https://driveimg1.intermarche.com/pt/Content/images/boitmal/produit/zoom/59ABD0BE756D706CBAA91B3DBDD3A34A.jpg,,,12,4,,,
14075,2891270000000,800.0,Bovino,Picanha,Vendido ao peso a partir de 800 g,10.38,12.98,0,,€/Kg,,,2024-08-07T23:59:59.999999999+01:00,PROSPECTUS,https://driveimg1.intermarche.com/pt/Content/images/boitmal/produit/zoom/0D53841F7FAAB339706426EF33AAF920.jpg,,,12,4,,,
448,8722700752943,2000.0,Lipton,Ice tea de manga,Garrafa de 2 l,2.39,1.2,2000,L,€/L,,,2024-08-07T23:59:59.999999999+01:00,PROSPECTUS,https://driveimg1.intermarche.com/pt/Content/images/boitmal/produit/zoom/D8A7BBA271F5B46B5DC4031B0621A8E9.jpg,,,12,4,,,
24412,8410436297660,1300.0,Sonasol,Lava tudo aloe vera e flores brancas,"Embalagem de 1,3L",2.09,1.61,1300,L,€/L,,,2024-08-02T23:59:59.999999999+01:00,PROSPECTUS,https://driveimg1.intermarche.com/pt/Content/images/boitmal/produit/zoom/99177C313800E1C306087975E7A5D1E7.jpg,,,12,4,,,
24414,8410436297691,1300.0,Sonasol,Lava tudo camomila e flor de laranjeira,"Embalagem de 1,3L",2.09,1.61,1300,L,€/L,,,2024-08-02T23:59:59.999999999+01:00,PROSPECTUS,https://driveimg1.intermarche.com/pt/Content/images/boitmal/produit/zoom/3B18B6CCDC35A0C75589B9509520BFD6.jpg,,,12,4,,,
49224,5604260322640,90.0,PorSi,Saqueta puré de fruta e aveia,Embalagem de 90g,0.74,8.22,0,kg,€/Kg,,,2024-08-02T23:59:59.999999999+01:00,PROSPECTUS,https://driveimg1.intermarche.com/pt/Content/images/boitmal/produit/zoom/59D0B4997F6BB91367D9F5B747F7D847.jpg,,,12,4,,,
52339,8720181392924,,Comfort,Amaciador Roupa Concentrado Creations Lírios e Morango,76 Doses,3.99,3.99,0,,€/Unidade,,,2024-08-02T23:59:59.999999999+01:00,PROSPECTUS,https://driveimg1.intermarche.com/pt/Content/images/boitmal/produit/zoom/8F3E1CB8E1F41E507DB7FBA8EF126461.jpg,,,12,4,,,
951,5601010131217,120.0,Ramirez,Atum posta em óleo,Embalagem de 120g,0.99,8.25,0,kg,€/Kg,,,2024-08-07T23:59:59.999999999+01:00,PROSPECTUS,https://driveimg1.intermarche.com/pt/Content/images/boitmal/produit/zoom/5BE3B05F210FF0425C989109F8B84C66.jpg,,,12,4,,,
9989,8000430133035,125.0,Galbani,Queijo mozzarella fresca,Embalagem de 125 g,1.59,12.72,0,kg,€/Kg,,,2024-08-07T23:59:59.999999999+01:00,PROSPECTUS,https://driveimg1.intermarche.com/pt/Content/images/boitmal/produit/zoom/605C9FB94611B32191667C7EDC36EC8E.jpg,,,12,4,,,
24369,5601050033045,620.0,Danone,"Iogurte líquido morango / kiwi corpos danone,  4 x 155 g",,1.69,2.73,0,kg,€/Kg,,,2024-08-07T23:59:59.999999999+01:00,PROSPECTUS,https://driveimg1.intermarche.com/pt/Content/images/boitmal/produit/zoom/727FBA9E88DFAC31F291DCAC14087FD2.jpg,,,12,4,,,
41298,5601050036541,440.0,Danone,"Iogurte oikos natural,  4 x 110g",,2.49,5.66,0,kg,€/Kg,,,2024-08-07T23:59:59.999999999+01:00,PROSPECTUS,https://driveimg1.intermarche.com/pt/Content/images/boitmal/produit/zoom/1E39B56DE0869E56503E420B563E33DD.jpg,,,12,4,,,
44795,5601151971437,1000.0,Pepsi,Pepsi max,Garrafa de 1 l,0.99,0.99,1000,L,€/L,,,2024-08-02T23:59:59.999999999+01:00,PROSPECTUS,https://driveimg1.intermarche.com/pt/Content/images/boitmal/produit/zoom/2D41E70783394B937C5E8504D6A01EA4.jpg,,,12,4,,,
49505,8006540618578,,Dodot,Fraldas Bebé Seco Extra T3+ 7-11kg,Embalagem c/ 66 un.,13.49,13.49,0,,€/Unidade,,,2024-08-02T23:59:59.999999999+01:00,PROSPECTUS,https://driveimg1.intermarche.com/pt/Content/images/boitmal/produit/zoom/BEEC46C8A19C711256F037B8E4254626.jpg,,,12,4,,,
9111,5601989001412,750.0,Monte Velho,Vinho regional alentejano tinto,Garrafa de 0.75 l,3.99,5.32,750,L,€/L,,,2024-08-02T23:59:59.999999999+01:00,PROSPECTUS,https://driveimg1.intermarche.com/pt/Content/images/boitmal/produit/zoom/71C75E8C8338510892305D4318796B26.jpg,,,12,4,,,
11672,5601217126399,1650.0,Woolite,Detergente líquido p/ máquina lavar roupa cores escuras,"Garrafa de 1,65 l",6.99,4.24,1650,L,€/L,,,2024-08-02T23:59:59.999999999+01:00,PROSPECTUS,https://driveimg1.intermarche.com/pt/Content/images/boitmal/produit/zoom/F70AD128C36B39364F81379E51C417C0.jpg,,,12,4,,,
1191,5601119009660,180.0,Nobre,Mini salsichas cocktail,lata de 180g,1.79,9.94,0,kg,€/Kg,,,2024-08-07T23:59:59.999999999+01:00,PROSPECTUS,https://driveimg1.intermarche.com/pt/Content/images/boitmal/produit/zoom/823F6F019E644C8CAAB58DB89986EEFD.jpg,,,12,4,,,
16229,8712561587495,4000.0,Comfort,"Amaciador de roupa, pure",Garrafa de 4 l,4.99,1.25,4000,L,€/L,,,2024-08-02T23:59:59.999999999+01:00,PROSPECTUS,https://driveimg1.intermarche.com/pt/Content/images/boitmal/produit/zoom/AAE7E7461FE5C9CAA68CFDC37842673D.jpg,,,12,4,,,
25275,5775345121578,700.0,Sunquick,Concentrado de laranja,Garrafa de 700 ml,5.19,7.41,700,L,€/L,,,2024-08-07T23:59:59.999999999+01:00,PROSPECTUS,https://driveimg1.intermarche.com/pt/Content/images/boitmal/produit/zoom/8F6159314AFA9ACA4FB2EC88A7BBF04D.jpg,,,12,4,,,
