identifier,produitEan13,capacite,marque,libelle,conditionnement,prix,unitPrice,volume,typeProduit_uniteByCode,unit_value,pictogrammes_0,pictogrammes_libelleCategorie,images_0,images_1,images_2,images_3,images_4,images_5,avantages_dateFin,avantages_categorie,nro_paginas,page
1844,5604260035847,185.0,PorSi,Batatas Fritas Onduladas Sabor A Presunto 185G,,1.25,6.76,0,kg,€/Kg,,,https://driveimg1.intermarche.com/pt/Content/images/boitmal/produit/zoom/29D2C600CBA2711F31E4BCBC05A9C865.jpg,,,,,,2025-07-16T23:59:59.999999999+01:00,PROSPECTUS,13,1
36186,8715700017006,570.0,Heinz,"Ketchup top down, 570g",,3.24,5.68,0,kg,€/Kg,,,https://driveimg1.intermarche.com/pt/Content/images/boitmal/produit/zoom/61C6EABD68232C332B75678207D54C3E.jpg,,,,,,2025-07-16T23:59:59.999999999+01:00,PROSPECTUS,13,1
9279,5603533652002,1000.0,Frize,"Água com gás limão, pack 4 x 0.25 l",,2.09,2.09,1000,L,€/L,,,https://driveimg1.intermarche.com/pt/Content/images/boitmal/produit/zoom/11B7A1FE3C8011649267813E9487639D.jpg,,,,,,2025-07-16T23:59:59.999999999+01:00,PROSPECTUS,13,1
10280,8410469002781,,Colhogar,"Papel higiénico compacto ultra suave xxl, 12 rolos",,6.27,6.27,12,,€/Unidade,,,https://driveimg1.intermarche.com/pt/Content/images/boitmal/produit/zoom/25C6AA40EDFE818F3044E21D30E55D7F.jpg,,,,,,2025-07-16T23:59:59.999999999+01:00,PROSPECTUS,13,1
14038,2696013000000,80.0,Padaria,Bola mistura,1 unidade= 80 g,0.19,2.38,0,kg,€/Kg,,,https://driveimg1.intermarche.com/pt/Content/images/boitmal/produit/zoom/509539D5119FE663643D444B9A3F9D6A.jpg,,,,,,2025-07-16T23:59:59.999999999+01:00,PROSPECTUS,13,1
19415,5601028019798,,Renova,"Rolo de cozinha design xxl, 3 rolos",,1.99,1.99,3,,€/Unidade,,,https://driveimg1.intermarche.com/pt/Content/images/boitmal/produit/zoom/9A25E60B9B6B556C2D19CB0AC3EE543B.jpg,,,,,,2025-07-16T23:59:59.999999999+01:00,PROSPECTUS,13,1
13833,2892579000000,300.0,Legumes,Pepino,1 un = 300 gr  (aprox.),0.3,0.99,0,,€/Kg,,,https://driveimg1.intermarche.com/pt/Content/images/boitmal/produit/zoom/BD2734BFC4704D52A466FC85B929304E.jpg,,,,,,2025-07-16T23:59:59.999999999+01:00,PROSPECTUS,13,1
18942,5601989950086,750.0,Monte Velho,"Vinho rosé, região do alentejo, garrafa de 0,75 l",,3.99,5.32,750,L,€/L,,,https://driveimg1.intermarche.com/pt/Content/images/boitmal/produit/zoom/492FA643C4A4901779ACEB329DDE602F.jpg,,,,,,2025-07-16T23:59:59.999999999+01:00,PROSPECTUS,13,1
2474,7613032408602,85.0,Purina Gourmet,"Comida húmida para gato vaca e frango, embalagem de 90g",,0.87,10.24,0,kg,€/Kg,,,https://driveimg1.intermarche.com/pt/Content/images/boitmal/produit/zoom/571C1A9D6D5EE4C101463565EC0CDDDE.jpg,,,,,,2025-07-16T23:59:59.999999999+01:00,PROSPECTUS,13,1
12356,8410108122535,,Dodot,Toalhitas Sensitive |Recarga,Pack: 4 x54 unidades,5.99,5.99,0,,€/Unidade,,,https://driveimg1.intermarche.com/pt/Content/images/boitmal/produit/zoom/2D442A68E931C2DF1957ADA0EF3AD2F3.jpg,https://driveimg1.intermarche.com/pt/Content/images/boitmal/produit/zoom/47D40D02C955E98DB96B03E04432FF85.jpg,https://driveimg1.intermarche.com/pt/Content/images/boitmal/produit/zoom/47D40D02C955E98DB96B03E04432FF85.jpg,,,,2025-07-16T23:59:59.999999999+01:00,PROSPECTUS,13,1
5093,5601050033755,620.0,Danone,"Iogurte activia líquido 0% morango/kiwi, embalagem de 4 x 155 g",,1.99,3.21,0,kg,€/Kg,,,https://driveimg1.intermarche.com/pt/Content/images/boitmal/produit/zoom/29B41AE598716D0550D815AA0FE86025.jpg,,,,,,2025-07-16T23:59:59.999999999+01:00,PROSPECTUS,13,1
53673,5054563165008,75.0,Sensodyne,"Pasta de Dentes Sensibilidade, Gengivas e Esmalte",Embalagem de 75ml,3.96,52.8,75,L,€/L,,,https://driveimg1.intermarche.com/pt/Content/images/boitmal/produit/zoom/F5ABBB429E7224E38F564855CA9B1B26.jpg,https://driveimg1.intermarche.com/pt/Content/images/boitmal/produit/zoom/1C6D3DA6400E71115D7D0C249255C6E4.jpg,https://driveimg1.intermarche.com/pt/Content/images/boitmal/produit/zoom/1C6D3DA6400E71115D7D0C249255C6E4.jpg,https://driveimg1.intermarche.com/pt/Content/images/boitmal/produit/zoom/1C6D3DA6400E71115D7D0C249255C6E4.jpg,https://driveimg1.intermarche.com/pt/Content/images/boitmal/produit/zoom/1C6D3DA6400E71115D7D0C249255C6E4.jpg,https://driveimg1.intermarche.com/pt/Content/images/boitmal/produit/zoom/1C6D3DA6400E71115D7D0C249255C6E4.jpg,2025-07-16T23:59:59.999999999+01:00,PROSPECTUS,13,1
27547,7613036101417,240.0,Cerelac,Seleção da natureza papa infantil láctea aveia manga banana +6 meses,Embalagem de 240g,2.99,12.46,0,kg,€/Kg,,,https://driveimg1.intermarche.com/pt/Content/images/boitmal/produit/zoom/9A1D77EE17F24474E65CF475B4161F9F.jpg,,,,,,2025-07-16T23:59:59.999999999+01:00,PROSPECTUS,13,1
13048,2893561000000,250.0,Marisco,Ameijoa Branca Vietnamita Congelada,Vendido a partir de 250 gr  (aprox.),0.5,1.99,0,,€/Kg,,Avantages !,https://driveimg1.intermarche.com/pt/Content/images/boitmal/produit/zoom/EB1BC296FF41180E6F3E1626AD4F78AA.jpg,,,,,,2025-07-16T23:59:59.999999999+01:00,PROSPECTUS,13,1
8438,5601050033816,620.0,Danone,"Iogurte activia líquido frutos silvestres, embalagem de 4 x 155g",,1.99,3.21,0,kg,€/Kg,,,https://driveimg1.intermarche.com/pt/Content/images/boitmal/produit/zoom/E214EAC60369F7ED2580B2CD156E97E1.jpg,,,,,,2025-07-16T23:59:59.999999999+01:00,PROSPECTUS,13,1
15489,7613031884247,4000.0,Friskies,"Ração para gato adulto com vaca, frango, embalagem de 4kg",,10.59,2.65,0,kg,€/Kg,,,https://driveimg1.intermarche.com/pt/Content/images/boitmal/produit/zoom/AA74DE430E0D577781082E763F8D5C13.jpg,,,,,,2025-07-16T23:59:59.999999999+01:00,PROSPECTUS,13,1
12909,2892005000000,250.0,Fruta,Laranja Económica,1 un = 250 gr  (aprox.),0.3,1.19,0,,€/Kg,,,https://driveimg1.intermarche.com/pt/Content/images/boitmal/produit/zoom/67E13FD34B36BCD37E12339EB836171D.jpg,,,,,,2025-07-16T23:59:59.999999999+01:00,PROSPECTUS,13,1
9111,5601989001412,750.0,Monte Velho,"Vinho regional alentejano tinto, garrafa de 0.75 l",,3.89,5.19,750,L,€/L,,,https://driveimg1.intermarche.com/pt/Content/images/boitmal/produit/zoom/5313E203A06105D1BF7A5AD8308AD864.jpg,,,,,,2025-07-16T23:59:59.999999999+01:00,PROSPECTUS,13,1
15922,2892269000000,150.0,Fruta,Nectarina,1 un = 150 gr (aprox.),0.3,1.99,0,,€/Kg,,,https://driveimg1.intermarche.com/pt/Content/images/boitmal/produit/zoom/39E5D4E904BC246491DD0D9A67E98725.jpg,,,,,,2025-07-16T23:59:59.999999999+01:00,PROSPECTUS,13,1
17229,5602125000160,300.0,Legumes,"Cogumelo branco, embalagem de 300g",,1.39,4.63,0,kg,€/Kg,,,https://driveimg1.intermarche.com/pt/Content/images/boitmal/produit/zoom/66BAD1DC458E812967002A5594A14E2C.jpg,,,,,,2025-07-16T23:59:59.999999999+01:00,PROSPECTUS,13,1
13866,2891048000000,1000.0,Porco,Bifanas,Vendido ao peso a partir de 1 kg,4.29,4.29,0,,€/Kg,,,https://driveimg1.intermarche.com/pt/Content/images/boitmal/produit/zoom/72DE0DA6B485199AC995C629E3E4D279.jpg,,,,,,2025-07-16T23:59:59.999999999+01:00,PROSPECTUS,13,1
13914,2891225000000,350.0,Frango,Perna com Costa,1 un. = 300 g (aprox.),0.8,2.29,0,,€/Kg,,,https://driveimg1.intermarche.com/pt/Content/images/boitmal/produit/zoom/D1297D1CD095629263E582A65B4C3857.jpg,,,,,,2025-07-16T23:59:59.999999999+01:00,PROSPECTUS,13,1
8383,5601049132995,1000.0,Mimosa,"Leite uht meio gordo, embalagem de 1litro",,0.9,0.9,1000,L,€/L,,,https://driveimg1.intermarche.com/pt/Content/images/boitmal/produit/zoom/6FB52C843F677BD37D399D45BB10B38B.jpg,https://driveimg1.intermarche.com/pt/Content/images/boitmal/produit/zoom/AE810093A08CEBD60415DCC626CF5804.jpg,https://driveimg1.intermarche.com/pt/Content/images/boitmal/produit/zoom/A0562293538F541B1B99592AA046327B.jpg,,,,2025-07-16T23:59:59.999999999+01:00,PROSPECTUS,13,1
2265,5604260269853,175.0,PorSi,Batatas Fritas Lisas Receita Camponesa 175G,,1.18,6.74,0,kg,€/Kg,,,https://driveimg1.intermarche.com/pt/Content/images/boitmal/produit/zoom/447E18276F99BABAF787DD69D7608562.jpg,,,,,,2025-07-16T23:59:59.999999999+01:00,PROSPECTUS,13,1
1467,5601286236784,500.0,Milaneza,"Massa de espirais, embalagem de 500g",,1.04,2.08,0,kg,€/Kg,,,https://driveimg1.intermarche.com/pt/Content/images/boitmal/produit/zoom/90F3AD9985391E2BB3C76374F1217643.jpg,,,,,,2025-07-16T23:59:59.999999999+01:00,PROSPECTUS,13,1
15039,2892256000000,4000.0,Fruta,Melão Verde,Vendido ao peso | 1 un = 4kg (aprox.),5.16,1.29,0,,€/Kg,,,https://driveimg1.intermarche.com/pt/Content/images/boitmal/produit/zoom/25FE547830213D1C98E9F3B3D9687685.jpg,,,,,,2025-07-16T23:59:59.999999999+01:00,PROSPECTUS,13,1
24921,5604260281855,500.0,PorSi,Massa Espirais Tricolores 500G,,0.79,1.58,0,kg,€/Kg,,,https://driveimg1.intermarche.com/pt/Content/images/boitmal/produit/zoom/5CE58905BD4CA1FD470803CD9B488D04.jpg,,,,,,2025-07-16T23:59:59.999999999+01:00,PROSPECTUS,13,1
12887,2892089000000,500.0,Fruta,Manga Barco,1 un = 500 gr (aprox.),1.25,2.49,0,,€/Kg,,,https://driveimg1.intermarche.com/pt/Content/images/boitmal/produit/zoom/7DE73DFAB226CDE947BB89C61333D3FE.jpg,,,,,,2025-07-16T23:59:59.999999999+01:00,PROSPECTUS,13,1
13893,2891043000000,1000.0,Porco,Entrecosto,Vendido ao peso a partir de 1 kg,4.79,4.79,0,,€/Kg,,,https://driveimg1.intermarche.com/pt/Content/images/boitmal/produit/zoom/AA05EE99D302D59771FCC108473E0700.jpg,,,,,,2025-07-16T23:59:59.999999999+01:00,PROSPECTUS,13,1
13947,2891125000000,150.0,Peru,Espetadas de Peru,1 un = 150 gr (aprox.),1.02,6.79,0,,€/Kg,,,https://driveimg1.intermarche.com/pt/Content/images/boitmal/produit/zoom/7051DD49B64096A6B46E7815DD618A85.jpg,,,,,,2025-07-16T23:59:59.999999999+01:00,PROSPECTUS,13,1
16022,5601146703609,5000.0,Sagres,Cerveja Mini,20 x 0.25 l,9.79,1.96,5000,L,€/L,,,https://driveimg1.intermarche.com/pt/Content/images/boitmal/produit/zoom/DB02895A50A259FB6B3AB495851D234D.jpg,,,,,,2025-07-16T23:59:59.999999999+01:00,PROSPECTUS,13,1
13894,2891044000000,1000.0,Porco,Entremeada sem Entrecosto,Vendido ao peso a partir de 1 kg,4.79,4.79,0,,€/Kg,,,https://driveimg1.intermarche.com/pt/Content/images/boitmal/produit/zoom/033DDCE7C7F9A9CD99F0A4BEB2F74462.jpg,,,,,,2025-07-16T23:59:59.999999999+01:00,PROSPECTUS,13,1
13950,2891145000000,100.0,Porco,Salsicha Fresca,1 un = 100 gr (aprox.),0.55,5.49,0,,€/Kg,,,https://driveimg1.intermarche.com/pt/Content/images/boitmal/produit/zoom/2E1CED7EDF010F56C2BF0E6CDF74D52B.jpg,,,,,,2025-07-16T23:59:59.999999999+01:00,PROSPECTUS,13,1
20434,5601244500063,1000.0,Terra Nostra,"Leite de pastagem meio gordo, embalagem de 1litro",,0.89,0.89,1000,L,€/L,,,https://driveimg1.intermarche.com/pt/Content/images/boitmal/produit/zoom/416A848D81A31A3BE14CC7E8951CC4DA.jpg,https://driveimg1.intermarche.com/pt/Content/images/boitmal/produit/zoom/E82125FE177156A16B33D08208F11D7F.jpg,,,,,2025-07-16T23:59:59.999999999+01:00,PROSPECTUS,13,1
24838,5601164903722,7500.0,Super Bock,"Cerveja com álcool, pack 30 x 0.25 l",,14.49,1.93,7500,L,€/L,,,https://driveimg1.intermarche.com/pt/Content/images/boitmal/produit/zoom/F70F225DD8BCAD2EFB4E63DAAFD05BBF.jpg,,,,,,2025-07-16T23:59:59.999999999+01:00,PROSPECTUS,13,1
8384,5601049133992,1000.0,Mimosa,"Leite uht magro, embalagem de 1litro",,0.9,0.9,1000,L,€/L,,,https://driveimg1.intermarche.com/pt/Content/images/boitmal/produit/zoom/128AB814EBA9C0783B386EB2E0A38CC9.jpg,https://driveimg1.intermarche.com/pt/Content/images/boitmal/produit/zoom/8C350978140C257D0AAD7365CD133F0C.jpg,https://driveimg1.intermarche.com/pt/Content/images/boitmal/produit/zoom/B9BED9F397071733FB4D36CBE39ECDBA.jpg,,,,2025-07-16T23:59:59.999999999+01:00,PROSPECTUS,13,1
11942,5603533492202,1000.0,Frize,"Água com gás groselha, pack 4 x 0.25 l",,2.09,2.09,1000,L,€/L,,,https://driveimg1.intermarche.com/pt/Content/images/boitmal/produit/zoom/9F272D120CD1620A52E8FDFD1398797A.jpg,,,,,,2025-07-16T23:59:59.999999999+01:00,PROSPECTUS,13,1
11961,5603722505607,1000.0,Mimosa,"Leite sem lactose meio gordo, de 1l",,1.15,1.15,1000,L,€/L,,,https://driveimg1.intermarche.com/pt/Content/images/boitmal/produit/zoom/A98ED8A0E5E675A3AC1A551BCE75B0AB.jpg,https://driveimg1.intermarche.com/pt/Content/images/boitmal/produit/zoom/4E57BFE09E8D859BDBE1705476BB9F1B.jpg,https://driveimg1.intermarche.com/pt/Content/images/boitmal/produit/zoom/E1F70144AAFCC0EAEBFF05614177D009.jpg,,,,2025-07-16T23:59:59.999999999+01:00,PROSPECTUS,13,1
13262,2893247000000,200.0,Peixaria,Sardinha Fresca,1 un = 200 gr (aprox.),0.96,4.79,0,,€/Kg,,,https://driveimg1.intermarche.com/pt/Content/images/boitmal/produit/zoom/66B3AFDFB78EAEB8A16C084E7A27E749.jpg,,,,,,2025-07-16T23:59:59.999999999+01:00,PROSPECTUS,13,1
13839,2891006000000,800.0,Novilho,Bife da Pá,Vendido ao peso a partir de 800 g,9.51,11.89,0,,€/Kg,,,https://driveimg1.intermarche.com/pt/Content/images/boitmal/produit/zoom/5626B1315F40E59D057B37FBCA18064B.jpg,,,,,,2025-07-16T23:59:59.999999999+01:00,PROSPECTUS,13,1
14372,8712100599392,550.0,Calvé,"Ketchup top down, embalagem de 550g",,2.59,4.71,0,kg,€/Kg,,,https://driveimg1.intermarche.com/pt/Content/images/boitmal/produit/zoom/6D3218F33B22BC3205033BC41E176600.jpg,https://driveimg1.intermarche.com/pt/Content/images/boitmal/produit/zoom/FE7F103C359D2D1FD7BF3FDC8DD381BA.jpg,https://driveimg1.intermarche.com/pt/Content/images/boitmal/produit/zoom/FE7F103C359D2D1FD7BF3FDC8DD381BA.jpg,https://driveimg1.intermarche.com/pt/Content/images/boitmal/produit/zoom/FE7F103C359D2D1FD7BF3FDC8DD381BA.jpg,,,2025-07-16T23:59:59.999999999+01:00,PROSPECTUS,13,1
14708,5601244202332,250.0,Terra Nostra,"Manteiga com sal, embalagem de 250g",,2.29,9.16,0,kg,€/Kg,,,https://driveimg1.intermarche.com/pt/Content/images/boitmal/produit/zoom/34C574538A57B9FC15AB22DC51C8B356.jpg,https://driveimg1.intermarche.com/pt/Content/images/boitmal/produit/zoom/9D76B5CC4F670644A71C1CF49788751C.jpg,,,,,2025-07-16T23:59:59.999999999+01:00,PROSPECTUS,13,1
34876,5604260285488,1500.0,PorSi,Maçã starking categoria II Programa Origens,Embalagem de 1.5 kg,1.89,1.26,0,kg,€/Kg,,,https://driveimg1.intermarche.com/pt/Content/images/boitmal/produit/zoom/AA6B73374DD1E7B1436CB2F99D3B721B.jpg,,,,,,2025-07-16T23:59:59.999999999+01:00,PROSPECTUS,13,1
35889,5601151974070,1750.0,Seven Up,"Refrigerante de lima limão free, garrafa de 1.75 l",,1.99,1.14,1750,L,€/L,,,https://driveimg1.intermarche.com/pt/Content/images/boitmal/produit/zoom/9A2F3176B60F6901274BE6108F1FBC7A.jpg,,,,,,2025-07-16T23:59:59.999999999+01:00,PROSPECTUS,13,1
42143,5604260303854,1000.0,PorSi,Polpa Tomate 1000G,,1.89,1.89,0,kg,€/Kg,,,https://driveimg1.intermarche.com/pt/Content/images/boitmal/produit/zoom/5C6D0BDD08334C8A912AFC708375CFDC.jpg,,,,,,2025-07-16T23:59:59.999999999+01:00,PROSPECTUS,13,1
45677,5604260312016,60.0,PorSi,Snacks Crocantes Bacon 60G,,0.99,16.5,0,kg,€/Kg,,,https://driveimg1.intermarche.com/pt/Content/images/boitmal/produit/zoom/052101F3D098F47C3FB7EC4FC5F6A5F1.jpg,,,,,,2025-07-16T23:59:59.999999999+01:00,PROSPECTUS,13,1
53886,5604260328635,200.0,PorSi,Salsichas Frankfurt Lata 8 Unidades,,0.95,4.75,0,kg,€/Kg,,,https://driveimg1.intermarche.com/pt/Content/images/boitmal/produit/zoom/31082215F673730ADB8637807346D57D.jpg,,,,,,2025-07-16T23:59:59.999999999+01:00,PROSPECTUS,13,1
54828,5601164906273,7000.0,Super Bock,"Cerveja, 35 x 20 cl",,11.49,1.64,7000,L,€/L,,,https://driveimg1.intermarche.com/pt/Content/images/boitmal/produit/zoom/3EEAE55F901F69F71712A095227D1F3E.jpg,,,,,,2025-07-16T23:59:59.999999999+01:00,PROSPECTUS,13,1
9315,5603722509544,1000.0,Mimosa,"Leite 0% lactose magro, de 1l",,1.15,1.15,1000,L,€/L,,,https://driveimg1.intermarche.com/pt/Content/images/boitmal/produit/zoom/0350D0DE44A653A9AB01722B06443E94.jpg,https://driveimg1.intermarche.com/pt/Content/images/boitmal/produit/zoom/DC5219EC1E15E09529E323B7D196FADA.jpg,https://driveimg1.intermarche.com/pt/Content/images/boitmal/produit/zoom/DC48BFFA4281D8016E9FB40168ED4485.jpg,,,,2025-07-16T23:59:59.999999999+01:00,PROSPECTUS,13,1
1010,5601038300091,240.0,Knorr,"Caldo de galinha 24 cubos, embalagem de 240g",,2.49,10.38,0,kg,€/Kg,,,https://driveimg1.intermarche.com/pt/Content/images/boitmal/produit/zoom/4E25834255892D5C9C1047A286FE9847.jpg,,,,,,2025-07-16T23:59:59.999999999+01:00,PROSPECTUS,13,1
11987,5604055112821,2500.0,Fastio,"Água mineral sem gás, garrafa de 2,5 l",,1.09,0.44,2500,L,€/L,,,https://driveimg1.intermarche.com/pt/Content/images/boitmal/produit/zoom/FB893DB3E3427BD2F4F475F8A8AF7AFA.jpg,,,,,,2025-07-16T23:59:59.999999999+01:00,PROSPECTUS,13,1
14947,2891215000000,150.0,Frango,Espetadas,1 un= 150 gr (aprox.),1.15,7.69,0,,€/Kg,,,https://driveimg1.intermarche.com/pt/Content/images/boitmal/produit/zoom/FE13AA549ADEC08AA2FF877D2299FBFE.jpg,,,,,,2025-07-16T23:59:59.999999999+01:00,PROSPECTUS,13,1
1709,5604055111060,6000.0,Fastio,"Água mineral sem gás, embalagem de 6 l",,1.49,0.25,6000,L,€/L,,,https://driveimg1.intermarche.com/pt/Content/images/boitmal/produit/zoom/6EFB8FD4D0614752BB5925C1048B82B3.jpg,,,,,,2025-07-16T23:59:59.999999999+01:00,PROSPECTUS,13,1
18376,5601027009769,480.0,Panrico,Pão de forma sem côdea 9 cereais,Embalagem de 480g,1.99,4.15,0,kg,€/Kg,,,https://driveimg1.intermarche.com/pt/Content/images/boitmal/produit/zoom/202DA3E3189533F2DED569B04263CF8C.jpg,,,,,,2025-07-16T23:59:59.999999999+01:00,PROSPECTUS,13,1
1862,5604260042340,185.0,PorSi,Batatas Fritas Onduladas Com Sabor A Churrasco 185G,,1.34,7.24,0,kg,€/Kg,,,https://driveimg1.intermarche.com/pt/Content/images/boitmal/produit/zoom/3A22AAF9574AA89A9DE8627F4B492DC1.jpg,,,,,,2025-07-16T23:59:59.999999999+01:00,PROSPECTUS,13,1
20988,5601260593605,67.0,Cigala,"Noodle banzai galinha, embalagem de 70g",,0.99,14.78,0,kg,€/Kg,,,https://driveimg1.intermarche.com/pt/Content/images/boitmal/produit/zoom/71C67AA9B3CABECA513D8BECB737982E.jpg,,,,,,2025-07-16T23:59:59.999999999+01:00,PROSPECTUS,13,1
27489,8434165466395,168.0,Cuétara,"Bolacha tosta rica choco guay, embalagem de 170g",,1.69,10.06,0,kg,€/Kg,,,https://driveimg1.intermarche.com/pt/Content/images/boitmal/produit/zoom/FEB247036FDFEC5DC75032390A574680.jpg,,,,,,2025-07-16T23:59:59.999999999+01:00,PROSPECTUS,13,1
3526,2894034000000,150.0,Nobre,Fiambre da Perna Extra,1 un = 150 gr (aprox.),2.1,13.99,0,,€/Kg,,,https://driveimg1.intermarche.com/pt/Content/images/boitmal/produit/zoom/C76D05EF052819EDC79567520AD2D260.jpg,,,,,,2025-07-16T23:59:59.999999999+01:00,PROSPECTUS,13,1
36523,5604260295661,2500.0,PorSi,Batata pré-frita palito,"Embalagem de 2,5 kg",4.45,1.78,0,kg,€/Kg,,Tipo de stockagem,https://driveimg1.intermarche.com/pt/Content/images/boitmal/produit/zoom/5CD0ECED2F64941F1ED73448F895103A.jpg,,,,,,2025-07-16T23:59:59.999999999+01:00,PROSPECTUS,13,1
41129,5604260303762,200.0,PorSi,Salsicha Aves Lata 8 Unidades,,1.09,5.45,0,kg,€/Kg,,,https://driveimg1.intermarche.com/pt/Content/images/boitmal/produit/zoom/9EA05D92F833661969A8EB1078BF37A5.jpg,,,,,,2025-07-16T23:59:59.999999999+01:00,PROSPECTUS,13,1
44419,5604260312306,750.0,PorSi,Frutos Vermelhos 750G,,3.19,4.25,0,kg,€/Kg,,Tipo de stockagem,https://driveimg1.intermarche.com/pt/Content/images/boitmal/produit/zoom/785A65F9402578C3254D4412BB4E0CE5.jpg,,,,,,2025-07-16T23:59:59.999999999+01:00,PROSPECTUS,13,1
46847,5604260316205,500.0,PorSi,Massa Laços Tricolores 500G,,0.99,1.98,0,kg,€/Kg,,,https://driveimg1.intermarche.com/pt/Content/images/boitmal/produit/zoom/26FB05A80D25E9387A8ADB50077F254D.jpg,,,,,,2025-07-16T23:59:59.999999999+01:00,PROSPECTUS,13,1
49545,2706799000000,1100.0,PorSi,Frango aberto para churrasco,Embalagem com 1.1 kg (aprox.),3.83,3.48,0,,€/Kg,,,https://driveimg1.intermarche.com/pt/Content/images/boitmal/produit/zoom/60684C48E5570F56CA28A1727B0F160B.jpg,,,,,,2025-07-16T23:59:59.999999999+01:00,PROSPECTUS,13,1
49767,5601151969106,1000.0,Frize,"Água com gás ananás, pack 4 x 0.25 l",,2.09,2.09,1000,L,€/L,,,https://driveimg1.intermarche.com/pt/Content/images/boitmal/produit/zoom/894FBD4D289713EED7DB570E33675A74.jpg,,,,,,2025-07-16T23:59:59.999999999+01:00,PROSPECTUS,13,1
11418,5449000020024,4000.0,Coca-Cola,"Refrigerante com gás regular, pack 4 x 1l",,4.8,1.2,4000,L,€/L,,,https://driveimg1.intermarche.com/pt/Content/images/boitmal/produit/zoom/2CFD5889C46C254AA784DACA4FED411E.jpg,https://driveimg1.intermarche.com/pt/Content/images/boitmal/produit/zoom/CA0D8B97BB868D45B944027647273BDD.jpg,,,,,2025-07-16T23:59:59.999999999+01:00,PROSPECTUS,13,1
1228,5601146230518,1500.0,Joi,"Refrigerante sem gás, laranja, garrafa de 1,5 l",,1.29,0.86,1500,L,€/L,,,https://driveimg1.intermarche.com/pt/Content/images/boitmal/produit/zoom/9CFD5D319CF23E8EEE61B6DFE693387D.jpg,,,,,,2025-07-16T23:59:59.999999999+01:00,PROSPECTUS,13,1
12943,2892087000000,1500.0,Fruta,Mamão,"1 un = 1,5 kg (aprox.)",5.84,3.89,0,,€/Kg,,,https://driveimg1.intermarche.com/pt/Content/images/boitmal/produit/zoom/E92859558CF3617793775ADAD1A11B14.jpg,,,,,,2025-07-16T23:59:59.999999999+01:00,PROSPECTUS,13,1
12946,2892155000000,250.0,Fruta,Ameixa Vermelha,1 un = 250 gr  (aprox.),0.55,2.19,0,,€/Kg,,,https://driveimg1.intermarche.com/pt/Content/images/boitmal/produit/zoom/DA65FE52200EF35EEAAD64E8BD7CE484.jpg,,,,,,2025-07-16T23:59:59.999999999+01:00,PROSPECTUS,13,1
13895,2891047000000,150.0,Porco,Espetadas,1 un = 150 gr (aprox.),0.97,6.49,0,,€/Kg,,,https://driveimg1.intermarche.com/pt/Content/images/boitmal/produit/zoom/1E16755CED294E905F3A5B2727B27D5F.jpg,,,,,,2025-07-16T23:59:59.999999999+01:00,PROSPECTUS,13,1
1459,5601286221780,500.0,Milaneza,"Massa de cotovelos finos, embalagem de 500g",,1.04,2.08,0,kg,€/Kg,,,https://driveimg1.intermarche.com/pt/Content/images/boitmal/produit/zoom/34E88CB07300F13C23DF7BCC4E861747.jpg,,,,,,2025-07-16T23:59:59.999999999+01:00,PROSPECTUS,13,1
15979,5601119242364,650.0,Nobre,"Salsichas de aves extra suculentas, frasco de 650g",,2.23,3.43,0,kg,€/Kg,,,https://driveimg1.intermarche.com/pt/Content/images/boitmal/produit/zoom/F9B3EEFB29AFDD46B059DC76A73501AE.jpg,,,,,,2025-07-16T23:59:59.999999999+01:00,PROSPECTUS,13,1
16365,5604055112005,1000.0,Fastio,"Água sem gás, garrafa de 1 l",,0.47,0.47,1000,L,€/L,,,https://driveimg1.intermarche.com/pt/Content/images/boitmal/produit/zoom/D9A5DA87896331814D054CBE16430809.jpg,,,,,,2025-07-16T23:59:59.999999999+01:00,PROSPECTUS,13,1
20101,5601010131231,120.0,Ramirez,"Atum em azeite, embalagem de 120g",,1.49,12.42,0,kg,€/Kg,,,https://driveimg1.intermarche.com/pt/Content/images/boitmal/produit/zoom/4E16DC667779622705519F8CE1EA40F5.jpg,,,,,,2025-07-16T23:59:59.999999999+01:00,PROSPECTUS,13,1
22338,8715700422084,400.0,Heinz,Maionese top down de 400 ml,,2.46,6.15,400,L,€/L,,,https://driveimg1.intermarche.com/pt/Content/images/boitmal/produit/zoom/612634FE8A5F525F53CC12FEFDCD73F6.jpg,,,,,,2025-07-16T23:59:59.999999999+01:00,PROSPECTUS,13,1
32408,5601050034967,600.0,Danone,"Danacol aveia, embalagem de 6 x 100g",,2.99,4.98,0,kg,€/Kg,,,https://driveimg1.intermarche.com/pt/Content/images/boitmal/produit/zoom/5CE656F263120C59B9C0953B21D516B7.jpg,,,,,,2025-07-16T23:59:59.999999999+01:00,PROSPECTUS,13,1
33884,2893837000000,1500.0,Peixaria,Peixe espada preto inteiro,Vendido ao peso,11.99,7.99,0,,€/Kg,,,https://driveimg1.intermarche.com/pt/Content/images/boitmal/produit/zoom/0C1CA3DE6B16A13335042AAFE1F612D6.jpg,,,,,,2025-07-16T23:59:59.999999999+01:00,PROSPECTUS,13,1
38934,5601164863217,500.0,Somersby,"Sidra de maçã, lata de 500 ml",,1.25,2.5,500,L,€/L,,,https://driveimg1.intermarche.com/pt/Content/images/boitmal/produit/zoom/A3D6F4DDF9AFF4F9F8F47269DBD60191.jpg,,,,,,2025-07-16T23:59:59.999999999+01:00,PROSPECTUS,13,1
40969,5601151972557,1000.0,Frize,"Água com gás sabor a maracujá, pack 4x 0,25l",,2.09,2.09,1000,L,€/L,,,https://driveimg1.intermarche.com/pt/Content/images/boitmal/produit/zoom/AF6318AC77392E694BAA2AC34B4CAA04.jpg,,,,,,2025-07-16T23:59:59.999999999+01:00,PROSPECTUS,13,1
41139,5604260303878,150.0,PorSi,Batatas Fritas Onduladas Sabor A Ovo Frito Com Presunto 150G,,1.39,9.27,0,kg,€/Kg,,,https://driveimg1.intermarche.com/pt/Content/images/boitmal/produit/zoom/82386744EC2CC073B945DC9C52B67321.jpg,,,,,,2025-07-16T23:59:59.999999999+01:00,PROSPECTUS,13,1
41298,5601050036541,440.0,Danone,"Iogurte oikos natural,  4 x 110g",,2.49,5.66,0,kg,€/Kg,,,https://driveimg1.intermarche.com/pt/Content/images/boitmal/produit/zoom/100CC1C1966D7A85865BF44E424F358B.jpg,,,,,,2025-07-16T23:59:59.999999999+01:00,PROSPECTUS,13,1
43719,5604260312313,450.0,PorSi,Mist. Frutos Exoticos 450G,,2.99,6.64,0,kg,€/Kg,,Tipo de stockagem,https://driveimg1.intermarche.com/pt/Content/images/boitmal/produit/zoom/29016CD4E3CFB1CF21ED9B36ADF36932.jpg,,,,,,2025-07-16T23:59:59.999999999+01:00,PROSPECTUS,13,1
46320,2696060000000,90.0,Panpor,Bolo do caco,1 un = 100 g,0.58,6.44,0,kg,€/Kg,,,https://driveimg1.intermarche.com/pt/Content/images/boitmal/produit/zoom/5CAEE66A1BD87C7D211ABC11B926FDAE.jpg,,,,,,2025-07-16T23:59:59.999999999+01:00,PROSPECTUS,13,1
47060,5900852054822,85.0,Bledina,"Frutapura maçã e pera, embalagem de 85g",,0.69,8.12,0,kg,€/Kg,,,https://driveimg1.intermarche.com/pt/Content/images/boitmal/produit/zoom/1687544E54E32044F426E002D2C0D2EF.jpg,,,,,,2025-07-16T23:59:59.999999999+01:00,PROSPECTUS,13,1
50937,5604260326396,170.0,PorSi,Batatas Fritas Lisas Sabor A Orégãos 170G,,1.39,8.18,0,kg,€/Kg,,,https://driveimg1.intermarche.com/pt/Content/images/boitmal/produit/zoom/FD8F2555506B3123DC3096FBC75B5CF9.jpg,,,,,,2025-07-16T23:59:59.999999999+01:00,PROSPECTUS,13,1
5272,5601164902312,4800.0,Super Bock,"Cerveja com álcool, pack 24 x 0.20 l",,9.99,2.08,4800,L,€/L,,,https://driveimg1.intermarche.com/pt/Content/images/boitmal/produit/zoom/A98E5FF8E5DDF166F2B333F0EE0114E7.jpg,https://driveimg1.intermarche.com/pt/Content/images/boitmal/produit/zoom/C2C2858ADC421F33AF17C6115D108100.jpg,,,,,2025-07-16T23:59:59.999999999+01:00,PROSPECTUS,13,1
52965,5411188138051,400.0,Alpro,"Yofu natural com côco, 400g",,1.99,4.98,0,kg,€/Kg,,,https://driveimg1.intermarche.com/pt/Content/images/boitmal/produit/zoom/5FD864695C9B3ECF5DA8D909F78D83D5.jpg,https://driveimg1.intermarche.com/pt/Content/images/boitmal/produit/zoom/4EFC28C798EC9CE81FCEDF77B62BF031.jpg,https://driveimg1.intermarche.com/pt/Content/images/boitmal/produit/zoom/4EFC28C798EC9CE81FCEDF77B62BF031.jpg,,,,2025-07-16T23:59:59.999999999+01:00,PROSPECTUS,13,1
54646,8720181542121,,Skip,"Detergente Máquina Roupa Líquido Active Clean, 100D",,14.99,14.99,0,,€/Unidade,,,https://driveimg1.intermarche.com/pt/Content/images/boitmal/produit/zoom/D3E9B1DE5F09D8B3FD221502F3C133F1.jpg,,,,,,2025-07-16T23:59:59.999999999+01:00,PROSPECTUS,13,1
5894,5604260227570,6000.0,Kingsbräu,"Cerveja 24X0,25L",,8.59,1.43,6000,L,€/L,,,https://driveimg1.intermarche.com/pt/Content/images/boitmal/produit/zoom/5DEA580DD99DE706787081D6054A670F.jpg,,,,,,2025-07-16T23:59:59.999999999+01:00,PROSPECTUS,13,1
5977,5604260274086,,PorSi,Acendalhas Brancas - 32 Unidades,,0.99,0.99,0,,€/Unidade,,,https://driveimg1.intermarche.com/pt/Content/images/boitmal/produit/zoom/5D848885F4F58352BFD5FA139BD7FC0A.jpg,https://driveimg1.intermarche.com/pt/Content/images/boitmal/produit/zoom/1FFF9F1373872F7DE961EE146FD1DAB4.jpg,https://driveimg1.intermarche.com/pt/Content/images/boitmal/produit/zoom/1FFF9F1373872F7DE961EE146FD1DAB4.jpg,,,,2025-08-06T23:59:59.999999999+01:00,PROSPECTUS,13,1
9184,5602348062754,70.0,Damatta,Presunto sabor português fatiado,Embalagem de 70 g,2.29,32.71,0,kg,€/Kg,,,https://driveimg1.intermarche.com/pt/Content/images/boitmal/produit/zoom/9AE2DBDD0E054DD3DCAC93A9D0EE8ECE.jpg,,,,,,2025-07-16T23:59:59.999999999+01:00,PROSPECTUS,13,1
1009,5601038300077,80.0,Knorr,"Caldo de galinha 8 cubos, embalagem de 80g",,1.49,18.63,0,kg,€/Kg,,,https://driveimg1.intermarche.com/pt/Content/images/boitmal/produit/zoom/CFDBB6C1885F48FB7941F504CD886192.jpg,,,,,,2025-07-16T23:59:59.999999999+01:00,PROSPECTUS,13,1
11496,5601049213991,200.0,Mimosa,"Nata uht, embalagem de 200 ml",,0.91,4.55,200,L,€/L,,,https://driveimg1.intermarche.com/pt/Content/images/boitmal/produit/zoom/8FC5ABCE23EB48F851FFE29C53BFA5D9.jpg,,,,,,2025-07-16T23:59:59.999999999+01:00,PROSPECTUS,13,1
11959,5603722504945,200.0,Mimosa,"Nata para culinária ligeira, embalagem de 200 ml",,0.91,4.55,200,L,€/L,,,https://driveimg1.intermarche.com/pt/Content/images/boitmal/produit/zoom/34074ECCE8C9D0028618D923D64DF04D.jpg,,,,,,2025-07-16T23:59:59.999999999+01:00,PROSPECTUS,13,1
1225,5601146000319,500.0,Sagres,"Cerveja com álcool, lata de 500ml",,0.85,1.7,500,L,€/L,,,https://driveimg1.intermarche.com/pt/Content/images/boitmal/produit/zoom/55C192466A5F674CBE2BDA0D6226A730.jpg,,,,,,2025-07-16T23:59:59.999999999+01:00,PROSPECTUS,13,1
1269,5601151021750,845.0,Compal,"Feijão preto, lata de 850g",,1.74,2.06,845,L,€/L,,,https://driveimg1.intermarche.com/pt/Content/images/boitmal/produit/zoom/9B352604A3E93D2F850CFCA0A305498A.jpg,,,,,,2025-07-16T23:59:59.999999999+01:00,PROSPECTUS,13,1
12707,3387390326574,375.0,Nestlé,"Cereais cookie crisp, embalagem de 380g",,3.19,8.51,0,kg,€/Kg,,,https://driveimg1.intermarche.com/pt/Content/images/boitmal/produit/zoom/C3C9F6F83B5C3B2A5598C75459ACC4A8.jpg,,,,,,2025-07-16T23:59:59.999999999+01:00,PROSPECTUS,13,1
1302,5601151700754,845.0,Compal,"Grão de bico, lata de 850g",,1.74,2.06,0,kg,€/Kg,,,https://driveimg1.intermarche.com/pt/Content/images/boitmal/produit/zoom/DA244D258ED9A9EF750825CAFFB70E24.jpg,,,,,,2025-07-16T23:59:59.999999999+01:00,PROSPECTUS,13,1
1326,5601164113701,500.0,Super Bock,"Cerveja com álcool, lata, garrafa de 500 ml",,0.85,1.7,500,L,€/L,,,https://driveimg1.intermarche.com/pt/Content/images/boitmal/produit/zoom/0AB2770B97F8A4B3E443129A7F4E33FA.jpg,,,,,,2025-07-16T23:59:59.999999999+01:00,PROSPECTUS,13,1
13541,2893533000000,250.0,Congelado de Aquicultura,Camarão Congelado 60/80,1 un = 250 gr  (aprox.),2.0,7.99,0,,€/Kg,,Avantages !,https://driveimg1.intermarche.com/pt/Content/images/boitmal/produit/zoom/29A2DFA509FFDAFCD18E7F308BD753B4.jpg,,,,,,2025-07-16T23:59:59.999999999+01:00,PROSPECTUS,13,1
1415,5601252106653,750.0,Gallo,"Azeite virgem extra clássico, garrafa de 750 ml",,6.49,8.65,750,L,€/L,,,https://driveimg1.intermarche.com/pt/Content/images/boitmal/produit/zoom/DC87DA4316A72232830F32E3BEBD6BCD.jpg,,,,,,2025-07-16T23:59:59.999999999+01:00,PROSPECTUS,13,1
1468,5601286250780,500.0,Milaneza,"Massa maçarronete riscado, embalagem de 500g",,1.04,2.08,0,kg,€/Kg,,,https://driveimg1.intermarche.com/pt/Content/images/boitmal/produit/zoom/BA4109E5185276DFC6B9D6597899335A.jpg,,,,,,2025-07-16T23:59:59.999999999+01:00,PROSPECTUS,13,2
14879,2696313000000,,Pastelaria,Croissant Brioche 85 g,,0.59,0.59,0,,€/Unidade,,,https://driveimg1.intermarche.com/pt/Content/images/boitmal/produit/zoom/53A872BBC45BBDDAC9749CC51F8CB1EC.jpg,,,,,,2025-07-16T23:59:59.999999999+01:00,PROSPECTUS,13,2
15962,5601252107056,250.0,Gallo,"Azeite virgem extra clássico, garrafa de 250 ml",,2.59,10.36,250,L,€/L,,,https://driveimg1.intermarche.com/pt/Content/images/boitmal/produit/zoom/09BE807A8C54B481888F449279BB53A1.jpg,,,,,,2025-07-16T23:59:59.999999999+01:00,PROSPECTUS,13,2
16609,8712561846530,700.0,Cif,"Creme abrasivo pink flowers, de 700 ml",,2.69,3.84,700,L,€/L,,,https://driveimg1.intermarche.com/pt/Content/images/boitmal/produit/zoom/C71BC29DB02419E55AB519313E13B11B.jpg,,,,,,2025-07-16T23:59:59.999999999+01:00,PROSPECTUS,13,2
19586,8435257028057,720.0,Longa vida,"Iogurte aroma 0% tutti fruti/coco, embalagem de 6 x 120g",,2.29,3.18,0,kg,€/Kg,,,https://driveimg1.intermarche.com/pt/Content/images/boitmal/produit/zoom/6FEC33DAE59256CBE3074F3F03199908.jpg,,,,,,2025-07-16T23:59:59.999999999+01:00,PROSPECTUS,13,2
20100,5601010131279,120.0,Ramirez,"Atum ao natural, embalagem de 120g",,1.19,9.92,0,kg,€/Kg,,,https://driveimg1.intermarche.com/pt/Content/images/boitmal/produit/zoom/D6D7337A327D39309C10A263E366779D.jpg,,,,,,2025-07-16T23:59:59.999999999+01:00,PROSPECTUS,13,2
2059,5604260303861,500.0,PorSi,Polpa Cebola E Alho 500G,,1.39,2.78,0,kg,€/Kg,,,https://driveimg1.intermarche.com/pt/Content/images/boitmal/produit/zoom/41444F01158BD1D91B444EE63E3C35F0.jpg,,,,,,2025-07-16T23:59:59.999999999+01:00,PROSPECTUS,13,2
22335,5000116110940,420.0,Capitão Iglo,"15 douradinhos, embalagem de 420g",,4.99,11.88,0,kg,€/Kg,,Tipo de stockagem,https://driveimg1.intermarche.com/pt/Content/images/boitmal/produit/zoom/3973A8C90F686ECB72E76C3B0A0492D4.jpg,,,,,,2025-07-16T23:59:59.999999999+01:00,PROSPECTUS,13,2
2250,5604260267699,330.0,Kingsbräu,"Cerveja Lata 0,33L",,0.38,1.15,330,L,€/L,,,https://driveimg1.intermarche.com/pt/Content/images/boitmal/produit/zoom/127155D3A5FEC751B6FBF1A24B762F45.jpg,,,,,,2025-07-16T23:59:59.999999999+01:00,PROSPECTUS,13,2
23652,8712000900175,6000.0,Heineken,"Cerveja com álcool, pack 24 x 0.25 l",,14.99,2.5,6000,L,€/L,,,https://driveimg1.intermarche.com/pt/Content/images/boitmal/produit/zoom/AB5BBEB462A56533212E5950F8D46993.jpg,,,,,,2025-07-16T23:59:59.999999999+01:00,PROSPECTUS,13,2
23744,5606586004682,250.0,Legumes,Pimento padrão,embalagem de 250 g,1.39,5.56,0,kg,€/Kg,,,https://driveimg1.intermarche.com/pt/Content/images/boitmal/produit/zoom/1899C364433F6DC55D45BC15027909BF.jpg,,,,,,2025-07-16T23:59:59.999999999+01:00,PROSPECTUS,13,2
24371,5601050033014,620.0,Danone,"Iogurte líquido pinacolada corpos danone, embalagem de 4 x 155g",,1.89,3.05,0,kg,€/Kg,,,https://driveimg1.intermarche.com/pt/Content/images/boitmal/produit/zoom/6B78DED571E8DAF3CF098A27E97064BA.jpg,,,,,,2025-07-16T23:59:59.999999999+01:00,PROSPECTUS,13,2
25871,5601260594602,67.0,Cigala,"Noodles de camarão banzai, 70g",,0.99,14.78,0,kg,€/Kg,,,https://driveimg1.intermarche.com/pt/Content/images/boitmal/produit/zoom/7E1759C17E77CC4902F1A3B8AA6FCBFB.jpg,,,,,,2025-07-16T23:59:59.999999999+01:00,PROSPECTUS,13,2
27843,5600376210079,230.0,Pasta do Dia,"Massa para pizza, embalagem de 230g",,1.89,8.22,0,kg,€/Kg,,,https://driveimg1.intermarche.com/pt/Content/images/boitmal/produit/zoom/F27E7F0555BACAC4BF6760BDEEF8770D.jpg,,,,,,2025-07-16T23:59:59.999999999+01:00,PROSPECTUS,13,2
2803,8410376009408,330.0,Gullón,"Bolacha dourada dietnature, embalagem de 330g",,2.19,6.64,0,kg,€/Kg,,,https://driveimg1.intermarche.com/pt/Content/images/boitmal/produit/zoom/13CCF92356F912CB6B38497119AB26F4.jpg,,,,,,2025-07-16T23:59:59.999999999+01:00,PROSPECTUS,13,2
29374,5601146530304,500.0,Bandida do Pomar,"Sidra maçã, lata de 500 ml",,1.19,2.38,500,L,€/L,,,https://driveimg1.intermarche.com/pt/Content/images/boitmal/produit/zoom/BCB2E29A160CFF6D3AE7FEB90426D1E6.jpg,,,,,,2025-07-16T23:59:59.999999999+01:00,PROSPECTUS,13,2
31437,5607233509048,475.0,Panrico,Pão de forma,Embalagem de 475g,1.59,3.35,0,kg,€/Kg,,,https://driveimg1.intermarche.com/pt/Content/images/boitmal/produit/zoom/D15F56450D2E6E808C4B9B6E3BBC8083.jpg,,,,,,2025-07-16T23:59:59.999999999+01:00,PROSPECTUS,13,2
32342,5603722517334,200.0,Milhafre,Queijo açoriano fatias de textura cremosa,Embalagem de 200g,2.19,10.95,0,kg,€/Kg,,,https://driveimg1.intermarche.com/pt/Content/images/boitmal/produit/zoom/171D35F4FE014EB04FB3B5636B039DB0.jpg,,,,,,2025-07-16T23:59:59.999999999+01:00,PROSPECTUS,13,2
34084,5607233509321,520.0,Panrico,Pão de forma especial integral de trigo,Embalagem de 520g,1.49,2.87,0,kg,€/Kg,,,https://driveimg1.intermarche.com/pt/Content/images/boitmal/produit/zoom/5D9682EB12FADC3D5DE1332E5A34F348.jpg,,,,,,2025-07-16T23:59:59.999999999+01:00,PROSPECTUS,13,2
36974,5601164204232,1980.0,Super Bock,"Cerveja 0.0%, pack de 6 x 0.33 l",,4.49,2.27,1980,L,€/L,,,https://driveimg1.intermarche.com/pt/Content/images/boitmal/produit/zoom/51EE83301941A006E8A100C347CAA322.jpg,,,,,,2025-07-16T23:59:59.999999999+01:00,PROSPECTUS,13,2
40564,5604260325757,330.0,PorSi,Mix 6 Salsichas 330 G,,5.19,15.73,0,kg,€/Kg,,,https://driveimg1.intermarche.com/pt/Content/images/boitmal/produit/zoom/A602225BF97DD74FD9F9FA1E3AB6FBF9.jpg,,,,,,2025-07-16T23:59:59.999999999+01:00,PROSPECTUS,13,2
40741,5604260302918,3000.0,PorSi,Óleo Girassol 3L,,4.99,1.66,3000,L,€/L,,,https://driveimg1.intermarche.com/pt/Content/images/boitmal/produit/zoom/F8BB67375CA1509EF026CE7D5296E9E5.jpg,,,,,,2025-07-16T23:59:59.999999999+01:00,PROSPECTUS,13,2
40745,5604260303847,500.0,PorSi,Polpa Tomate 500G,,0.99,1.98,0,kg,€/Kg,,,https://driveimg1.intermarche.com/pt/Content/images/boitmal/produit/zoom/5CE6F013651D968E9E37EBC7E7070E26.jpg,,,,,,2025-07-16T23:59:59.999999999+01:00,PROSPECTUS,13,2
4110,3250393073519,2500.0,Kings Bräu,Panaché,"Embalagem de 10x0,25 l",4.15,1.66,2500,L,€/L,,,https://driveimg1.intermarche.com/pt/Content/images/boitmal/produit/zoom/A0EFEDCB6E5DA2E10AAC3EACED5D0AFB.jpg,,,,,,2025-07-16T23:59:59.999999999+01:00,PROSPECTUS,13,2
41138,5604260303199,170.0,PorSi,Batatas Fritas Onduladas Com Sabor A Ketchup 170G,,1.29,7.59,0,kg,€/Kg,,,https://driveimg1.intermarche.com/pt/Content/images/boitmal/produit/zoom/BF85983DE9C11CE6295F4F4113FD56C5.jpg,,,,,,2025-07-16T23:59:59.999999999+01:00,PROSPECTUS,13,2
42987,5604260310142,200.0,Porsi Vivabem,Bolachas Marítimas Com Chia 200G,,1.88,9.4,0,kg,€/Kg,,,https://driveimg1.intermarche.com/pt/Content/images/boitmal/produit/zoom/F47D7E06AB57B9945432B19BCFB9F330.jpg,,,,,,2025-07-16T23:59:59.999999999+01:00,PROSPECTUS,13,2
42990,5604260310159,200.0,Porsi Vivabem,Bolachas Marítimas Integrais 200G,,1.88,9.4,0,kg,€/Kg,,,https://driveimg1.intermarche.com/pt/Content/images/boitmal/produit/zoom/B2F30173C4D4EDCCB94C0AD7E97DA533.jpg,https://driveimg1.intermarche.com/pt/Content/images/boitmal/produit/zoom/9A02E3B82B06D137F5079EF6685592E7.jpg,https://driveimg1.intermarche.com/pt/Content/images/boitmal/produit/zoom/9A02E3B82B06D137F5079EF6685592E7.jpg,,,,2025-07-16T23:59:59.999999999+01:00,PROSPECTUS,13,2
438,8722700140139,20.0,Lipton,"20 saquetas infusão de cidreira, embalagem de 20g",,1.49,74.5,0,kg,€/Kg,,,https://driveimg1.intermarche.com/pt/Content/images/boitmal/produit/zoom/75772B648D442A3C0BB5D4E8A4601B76.jpg,,,,,,2025-07-16T23:59:59.999999999+01:00,PROSPECTUS,13,2
44234,8710522854815,257.0,Calvé,"Mostarda top down, embalagem de 257g",,1.68,6.54,0,kg,€/Kg,,,https://driveimg1.intermarche.com/pt/Content/images/boitmal/produit/zoom/63AC7BC5BB2C7D5CE58B458BE855CC4A.jpg,,,,,,2025-07-16T23:59:59.999999999+01:00,PROSPECTUS,13,2
44634,8711327485082,330.0,Magnum,"Gelados mini double gold caramel billionaire, embalagem de 6x55 ml",,4.49,13.61,330,L,€/L,,Tipo de stockagem,https://driveimg1.intermarche.com/pt/Content/images/boitmal/produit/zoom/42AC7934AA428100845DBDC81A00E314.jpg,,,,,,2025-07-16T23:59:59.999999999+01:00,PROSPECTUS,13,2
44665,8711327488069,1000.0,Lipton,"Ice tea pêssego zero açúcar, garrafa de 1l",,1.38,1.38,1000,L,€/L,,,https://driveimg1.intermarche.com/pt/Content/images/boitmal/produit/zoom/622DEE19E0BF974598DA26024FB08C2F.jpg,,,,,,2025-07-16T23:59:59.999999999+01:00,PROSPECTUS,13,2
44756,8720182022066,350.0,Calvé,"Manteiga amendoim com pedaços, embalagem de 350g",,2.39,6.83,0,kg,€/Kg,,,https://driveimg1.intermarche.com/pt/Content/images/boitmal/produit/zoom/BDB7E894C421031DCDC32452508E8D9C.jpg,,,,,,2025-07-16T23:59:59.999999999+01:00,PROSPECTUS,13,2
44761,5601146050505,500.0,Bandida do Pomar,"Sidra frutos vermelhos, lata 50cl",,1.19,2.38,500,L,€/L,,,https://driveimg1.intermarche.com/pt/Content/images/boitmal/produit/zoom/3DF7967B62A6AA597E8EA0E6EC701FC9.jpg,,,,,,2025-07-16T23:59:59.999999999+01:00,PROSPECTUS,13,2
4687,5000116105212,375.0,Iglo,"Ervilhas, embalagem de 375g",,1.89,5.04,0,kg,€/Kg,,Tipo de stockagem,https://driveimg1.intermarche.com/pt/Content/images/boitmal/produit/zoom/6C528FEBBEDC5462386A3AB117EEBFD4.jpg,,,,,,2025-07-16T23:59:59.999999999+01:00,PROSPECTUS,13,2
47062,5900852054846,85.0,Bledina,"Frutapura pouch frutos variados, embalagem de 85g",,0.69,8.12,0,kg,€/Kg,,,https://driveimg1.intermarche.com/pt/Content/images/boitmal/produit/zoom/F3964AC394D2C194C63A1CF8AF7341F0.jpg,,,,,,2025-07-16T23:59:59.999999999+01:00,PROSPECTUS,13,2
47064,5900852054884,85.0,Bledina,"Frutapura maçã manga laranja, embalagem de 85g",,0.69,8.12,0,kg,€/Kg,,,https://driveimg1.intermarche.com/pt/Content/images/boitmal/produit/zoom/9DEC9C7C8D4977CF116F0FD542AB187C.jpg,,,,,,2025-07-16T23:59:59.999999999+01:00,PROSPECTUS,13,2
49359,5601146700066,6000.0,Sagres,"Cerveja com álcool, pack 24 x 0.25 l",,9.99,1.67,6000,L,€/L,,,https://driveimg1.intermarche.com/pt/Content/images/boitmal/produit/zoom/67C6D1253BB0D82F02E1633DF741EA25.jpg,https://driveimg1.intermarche.com/pt/Content/images/boitmal/produit/zoom/B2E3D57423A20C8E7B4C1173F1457C2E.jpg,,,,,2025-07-16T23:59:59.999999999+01:00,PROSPECTUS,13,2
49544,5604260323333,380.0,PorSi,Cookie Gelado Baunilha 4X60G,,2.99,7.87,380,L,€/L,,Tipo de stockagem,https://driveimg1.intermarche.com/pt/Content/images/boitmal/produit/zoom/BD2F341B0E07B8A3878105EE4AB75885.jpg,,,,,,2025-07-16T23:59:59.999999999+01:00,PROSPECTUS,13,2
49848,5601146700011,1500.0,Sagres,"Cerveja com álcool Branca, 6x0.25l",,3.74,2.49,1500,L,€/L,,,https://driveimg1.intermarche.com/pt/Content/images/boitmal/produit/zoom/7DD63AF461A2001B6593334CAE40B609.jpg,,,,,,2025-07-16T23:59:59.999999999+01:00,PROSPECTUS,13,2
51538,8006540752333,,Fairy,Detergente Loiça Máquina Platinum Plus Limão,Pack XXL de 48 pastilhas,12.99,12.99,0,,€/Unidade,,,https://driveimg1.intermarche.com/pt/Content/images/boitmal/produit/zoom/8786FC846898F0510EA5C208486C5D8B.jpg,,,,,,2025-07-16T23:59:59.999999999+01:00,PROSPECTUS,13,2
51929,8712000900045,500.0,Heineken,Cerveja heineken lata 0.50l,,1.29,2.58,500,L,€/L,,,https://driveimg1.intermarche.com/pt/Content/images/boitmal/produit/zoom/4D6BF999D1915BF6FB9CC02C9FB523DD.jpg,,,,,,2025-07-16T23:59:59.999999999+01:00,PROSPECTUS,13,2
52038,7622201735173,360.0,Royal,"Gelatina pronta melância sem açúcar, 360g",,1.59,4.42,0,kg,€/Kg,,,https://driveimg1.intermarche.com/pt/Content/images/boitmal/produit/zoom/AA877BC228671960789DD64761B76F43.jpg,,,,,,2025-07-16T23:59:59.999999999+01:00,PROSPECTUS,13,2
52054,7622201735111,360.0,Royal,"Gelatina pronta morango, embalagem de 360g",,1.59,4.42,0,kg,€/Kg,,,https://driveimg1.intermarche.com/pt/Content/images/boitmal/produit/zoom/EB1CEE9F607073D91EDE9AFDB9893EB1.jpg,,,,,,2025-07-16T23:59:59.999999999+01:00,PROSPECTUS,13,2
5244,5601151510759,845.0,Compal,"Feijão encarnado, lata de 850g",,1.74,2.06,0,kg,€/Kg,,,https://driveimg1.intermarche.com/pt/Content/images/boitmal/produit/zoom/DE636824D87F41FA8614ED32FEFF81FF.jpg,,,,,,2025-07-16T23:59:59.999999999+01:00,PROSPECTUS,13,2
52855,5411188137368,400.0,Alpro,"Yofu skyr exótico, 400g",,2.54,6.35,0,kg,€/Kg,,,https://driveimg1.intermarche.com/pt/Content/images/boitmal/produit/zoom/DAC9AE018EB508E38645481AA2644683.jpg,https://driveimg1.intermarche.com/pt/Content/images/boitmal/produit/zoom/5EF9019C19B1CFD1218BF97A6C8EF78D.jpg,https://driveimg1.intermarche.com/pt/Content/images/boitmal/produit/zoom/5EF9019C19B1CFD1218BF97A6C8EF78D.jpg,https://driveimg1.intermarche.com/pt/Content/images/boitmal/produit/zoom/5EF9019C19B1CFD1218BF97A6C8EF78D.jpg,,,2025-07-16T23:59:59.999999999+01:00,PROSPECTUS,13,2
52963,5711953134500,250.0,Starbucks,"Frappuccino bebida láctea de café cookies & cream, garrafa de 250 ml",,1.99,7.96,250,L,€/L,,,https://driveimg1.intermarche.com/pt/Content/images/boitmal/produit/zoom/103BC5B714C424A8E294296CFFE0A1FF.jpg,,,,,,2025-07-16T23:59:59.999999999+01:00,PROSPECTUS,13,2
53000,8410199025357,170.0,LayS,Batatas gourmet finissima 170 g,,1.59,9.35,0,kg,€/Kg,,,https://driveimg1.intermarche.com/pt/Content/images/boitmal/produit/zoom/C1F9A5A136798AD56EECF2676BEF2065.jpg,https://driveimg1.intermarche.com/pt/Content/images/boitmal/produit/zoom/477A3ECD46364DE018D2E409C1F73223.jpg,https://driveimg1.intermarche.com/pt/Content/images/boitmal/produit/zoom/477A3ECD46364DE018D2E409C1F73223.jpg,https://driveimg1.intermarche.com/pt/Content/images/boitmal/produit/zoom/477A3ECD46364DE018D2E409C1F73223.jpg,,,2025-07-16T23:59:59.999999999+01:00,PROSPECTUS,13,2
53050,8445290554468,28.0,Nestlé,"Snack Para Bebé Puffs Milho, 28g",,1.06,37.86,0,kg,€/Kg,,,https://driveimg1.intermarche.com/pt/Content/images/boitmal/produit/zoom/B311B1AFD7EA9708AD65723EF9E33A76.jpg,,,,,,2025-07-16T23:59:59.999999999+01:00,PROSPECTUS,13,2
53067,5601050037821,620.0,Danone,"Bifidus líquido activia ananás 000%, 4 x 155g",,1.99,3.21,0,kg,€/Kg,,,https://driveimg1.intermarche.com/pt/Content/images/boitmal/produit/zoom/3D4965FAC6DA56015B0EA60D0CC350AD.jpg,https://driveimg1.intermarche.com/pt/Content/images/boitmal/produit/zoom/227608E522C57EFFD851E1F0A8F434F8.jpg,https://driveimg1.intermarche.com/pt/Content/images/boitmal/produit/zoom/227608E522C57EFFD851E1F0A8F434F8.jpg,,,,2025-07-16T23:59:59.999999999+01:00,PROSPECTUS,13,2
54538,8006540763582,,Fairy,"Detergente Máquina Loiça Pastilhas Original Tudo em 1 Limão, 71D",,12.99,12.99,0,,€/Unidade,,,https://driveimg1.intermarche.com/pt/Content/images/boitmal/produit/zoom/937EB01E1BF93392425BD6CC2ABF2650.jpg,,,,,,2025-07-16T23:59:59.999999999+01:00,PROSPECTUS,13,2
54603,8720181292873,760.0,Comfort,"Intensificador perfume tropical, 760ml",,3.49,4.59,760,L,€/L,,,https://driveimg1.intermarche.com/pt/Content/images/boitmal/produit/zoom/72CE6505D84B04718FCBDF6333474C14.jpg,,,,,,2025-07-16T23:59:59.999999999+01:00,PROSPECTUS,13,2
6818,8712566118625,390.0,Olá,"Gelado supermaxi, embalagem de 6 x 65 ml",,2.99,7.67,390,L,€/L,,Tipo de stockagem,https://driveimg1.intermarche.com/pt/Content/images/boitmal/produit/zoom/35BED764F4AC2EA1C9F5BA3B815AD204.jpg,https://driveimg1.intermarche.com/pt/Content/images/boitmal/produit/zoom/C78EEEF4719F48D1D9E8F75D0F700815.jpg,https://driveimg1.intermarche.com/pt/Content/images/boitmal/produit/zoom/C78EEEF4719F48D1D9E8F75D0F700815.jpg,https://driveimg1.intermarche.com/pt/Content/images/boitmal/produit/zoom/C78EEEF4719F48D1D9E8F75D0F700815.jpg,,,2025-07-16T23:59:59.999999999+01:00,PROSPECTUS,13,2
8434,5601050033731,620.0,Danone,"Iogurte activia líquido 0% lima/limão, embalagem de 4 x 155g",,1.99,3.21,0,kg,€/Kg,,,https://driveimg1.intermarche.com/pt/Content/images/boitmal/produit/zoom/B41EA750EA9360556362913E488E9E4D.jpg,,,,,,2025-07-16T23:59:59.999999999+01:00,PROSPECTUS,13,2
8445,5601050206791,960.0,Danone,"Iogurte aroma morango, banana e tutti frutti, 8x125 g",,1.99,2.07,0,kg,€/Kg,,,https://driveimg1.intermarche.com/pt/Content/images/boitmal/produit/zoom/CE730BB240A2277A1A0DBFAFB39BCC5F.jpg,,,,,,2025-07-16T23:59:59.999999999+01:00,PROSPECTUS,13,2
8446,5601050206807,960.0,Danone,"Iogurte aroma morango, manga e pêssego, 8x125 g",,1.99,2.07,0,kg,€/Kg,,,https://driveimg1.intermarche.com/pt/Content/images/boitmal/produit/zoom/DD3528444C1CB7733B5E5239CD6A0A0F.jpg,,,,,,2025-07-16T23:59:59.999999999+01:00,PROSPECTUS,13,2
848,5000189974579,200.0,Kit Kat,"Chocolate mini, embalagem de 200g",,3.59,17.95,0,kg,€/Kg,,,https://driveimg1.intermarche.com/pt/Content/images/boitmal/produit/zoom/90873705F18CB17964EF30C7A0BF7D60.jpg,,,,,,2025-07-16T23:59:59.999999999+01:00,PROSPECTUS,13,2
951,5601010131217,120.0,Ramirez,"Atum posta em óleo, embalagem de 120g",,1.16,9.67,0,kg,€/Kg,,,https://driveimg1.intermarche.com/pt/Content/images/boitmal/produit/zoom/A9FA65BDF4D5D30164F11C66D8B5677D.jpg,,,,,,2025-07-16T23:59:59.999999999+01:00,PROSPECTUS,13,2
10000,8001480020559,2000.0,Neoblanc,Lixivia perfume fresco,Embalagem de 2 l,2.24,1.12,2000,L,€/L,,,https://driveimg1.intermarche.com/pt/Content/images/boitmal/produit/zoom/266C62A7DBFC41254AE390F71B330D96.jpg,,,,,,2025-07-16T23:59:59.999999999+01:00,PROSPECTUS,13,2
10091,8410100059839,360.0,Nestlé,"Queijinho petit nesquik, embalagem de 6 x 60g",,2.99,8.31,0,kg,€/Kg,,,https://driveimg1.intermarche.com/pt/Content/images/boitmal/produit/zoom/88B248C453A669F7E350B1DDEC2F3C33.jpg,,,,,,2025-07-16T23:59:59.999999999+01:00,PROSPECTUS,13,2
10595,8712000900014,1500.0,Heineken,"Cerveja com álcool, embalagem de 6x0,25 l",,4.49,2.99,1500,L,€/L,,,https://driveimg1.intermarche.com/pt/Content/images/boitmal/produit/zoom/63BE27FDC0B9B249A8F4BBA82132DFD3.jpg,,,,,,2025-07-16T23:59:59.999999999+01:00,PROSPECTUS,13,2
11463,5601018001642,250.0,Gresso,"Manteiga com sal, embalagem de 250g",,2.14,8.56,0,kg,€/Kg,,,https://driveimg1.intermarche.com/pt/Content/images/boitmal/produit/zoom/3A5F1036925C0C6B8D6C067104A96CDE.jpg,https://driveimg1.intermarche.com/pt/Content/images/boitmal/produit/zoom/7AC5179CFF33BEA38B382077FB05A477.jpg,,,,,2025-07-16T23:59:59.999999999+01:00,PROSPECTUS,13,2
11612,5601164824478,1980.0,Super Bock,"Cerveja sem álcool, preta, pack 6 x 0.33 l",,4.49,2.27,1980,L,€/L,,,https://driveimg1.intermarche.com/pt/Content/images/boitmal/produit/zoom/5C26E13A4E57323C65850675F100133E.jpg,,,,,,2025-07-16T23:59:59.999999999+01:00,PROSPECTUS,13,2
12939,2892073000000,100.0,Legumes,Gengibre,1 un = 100 gr (aprox.),0.4,3.99,0,,€/Kg,,,https://driveimg1.intermarche.com/pt/Content/images/boitmal/produit/zoom/5DD27F4B431D4A23DEA88B654F1DDE48.jpg,,,,,,2025-07-16T23:59:59.999999999+01:00,PROSPECTUS,13,2
1328,5601165005760,15.0,Lipton,"10 saquetas infusão de cidreira, embalagem de 20g",,0.74,49.33,0,kg,€/Kg,,,https://driveimg1.intermarche.com/pt/Content/images/boitmal/produit/zoom/8EA72609B2FBFE9A06C9099CA2FDB5E1.jpg,,,,,,2025-07-16T23:59:59.999999999+01:00,PROSPECTUS,13,2
1331,5601165006255,259.0,Calvé,"Molho de alho, embalagem de 260g",,1.94,7.49,0,kg,€/Kg,,,https://driveimg1.intermarche.com/pt/Content/images/boitmal/produit/zoom/250292652676F63A9916D46B501BCEC4.jpg,https://driveimg1.intermarche.com/pt/Content/images/boitmal/produit/zoom/5F13F0DF96776682A865C5AC21E8DB42.jpg,https://driveimg1.intermarche.com/pt/Content/images/boitmal/produit/zoom/5F13F0DF96776682A865C5AC21E8DB42.jpg,https://driveimg1.intermarche.com/pt/Content/images/boitmal/produit/zoom/5F13F0DF96776682A865C5AC21E8DB42.jpg,https://driveimg1.intermarche.com/pt/Content/images/boitmal/produit/zoom/5F13F0DF96776682A865C5AC21E8DB42.jpg,,2025-07-16T23:59:59.999999999+01:00,PROSPECTUS,13,2
13577,2893572000000,200.0,Peixaria,Pota Inteira Congelada,1 un= 200 gr (aprox.),1.0,4.99,0,,€/Kg,,Avantages !,https://driveimg1.intermarche.com/pt/Content/images/boitmal/produit/zoom/B2D6321EA80C5271A6C9DE3162C36D95.jpg,,,,,,2025-07-16T23:59:59.999999999+01:00,PROSPECTUS,13,2
13585,2893580000000,250.0,Marisco,Gambão Congelado 20/30,Vendido a partir de 250 (aprox.),2.5,9.99,0,,€/Kg,,Avantages !,https://driveimg1.intermarche.com/pt/Content/images/boitmal/produit/zoom/8045A02528560B0A77B8815B2FADD1B4.jpg,,,,,,2025-07-16T23:59:59.999999999+01:00,PROSPECTUS,13,2
13848,2891015000000,150.0,Novilho,Entremeada Novilho,1 un=150 gr (aprox),1.48,9.89,0,,€/Kg,,,https://driveimg1.intermarche.com/pt/Content/images/boitmal/produit/zoom/E3E6C57F8100820E9FD4FEA74DC60325.jpg,,,,,,2025-07-16T23:59:59.999999999+01:00,PROSPECTUS,13,2
13956,2891205000000,50.0,Porco,Salsicha Brasileira,1 un = 50 gr (aprox.),0.27,5.49,0,,€/Kg,,,https://driveimg1.intermarche.com/pt/Content/images/boitmal/produit/zoom/F6298C19D94A9653E5F3E3E4F0DEBFCF.jpg,,,,,,2025-07-16T23:59:59.999999999+01:00,PROSPECTUS,13,2
13957,2891233000000,100.0,Aves,Salsicha Fresca de Aves,1 un = 100 gr (aprox.),0.55,5.49,0,,€/Kg,,,https://driveimg1.intermarche.com/pt/Content/images/boitmal/produit/zoom/9A6B7B21AB27619CD3F26BA987D543CD.jpg,,,,,,2025-07-16T23:59:59.999999999+01:00,PROSPECTUS,13,2
1433,5601260036102,1000.0,Cigala,"Arroz carolino, embalagem de 1 kg",,1.54,1.54,0,kg,€/Kg,,,https://driveimg1.intermarche.com/pt/Content/images/boitmal/produit/zoom/D96A08349D04F12B168FA774344BCEF6.jpg,,,,,,2025-07-16T23:59:59.999999999+01:00,PROSPECTUS,13,2
14573,8414516001031,250.0,Florette,"Salada 4 estações, embalagem de 250 g",,1.49,5.96,0,kg,€/Kg,,,https://driveimg1.intermarche.com/pt/Content/images/boitmal/produit/zoom/544687527BD5EA27DA44855884673ABD.jpg,,,,,,2025-07-16T23:59:59.999999999+01:00,PROSPECTUS,13,2
14653,5601119225442,110.0,Nobre,"Fiambre da perna extra fatias finas, embalagem de 110g",,1.99,18.09,0,kg,€/Kg,,,https://driveimg1.intermarche.com/pt/Content/images/boitmal/produit/zoom/7FD7D9E34952BFCF466D7D36B77539B0.jpg,,,,,,2025-07-16T23:59:59.999999999+01:00,PROSPECTUS,13,2
1469,5601286251787,500.0,Milaneza,"Massa de maçarrão, embalagem de 500g",,1.04,2.08,0,kg,€/Kg,,,https://driveimg1.intermarche.com/pt/Content/images/boitmal/produit/zoom/684581E08A7B473B6F7C59B6AD72C932.jpg,,,,,,2025-07-16T23:59:59.999999999+01:00,PROSPECTUS,13,2
14726,8711100080060,400.0,Maizena,"Farinha, embalagem de 400g",,1.64,4.1,0,kg,€/Kg,,,https://driveimg1.intermarche.com/pt/Content/images/boitmal/produit/zoom/510CA0D1320DDBD17C988D55861FD3B8.jpg,,,,,,2025-07-16T23:59:59.999999999+01:00,PROSPECTUS,13,2
15038,2892255000000,2500.0,Programa Origens,Melão Branco,Vendido ao peso | 1 un = 2.5 kg (aprox.),3.48,1.39,0,,€/Kg,,,https://driveimg1.intermarche.com/pt/Content/images/boitmal/produit/zoom/005D1DBE085639370AB2D6A0E6687717.jpg,,,,,,2025-07-16T23:59:59.999999999+01:00,PROSPECTUS,13,2
15327,3250392098568,500.0,Páturages,Nata uht ligeira,Embalagem de 2X250ML,2.69,5.38,500,L,€/L,,,https://driveimg1.intermarche.com/pt/Content/images/boitmal/produit/zoom/3A6C408B341279AA97BD82628F350472.jpg,,,,,,2025-07-16T23:59:59.999999999+01:00,PROSPECTUS,13,2
15561,5601146703418,4950.0,Sagres,"Cerveja com álcool, pack 15 x 0.33 l",,11.95,2.41,4950,L,€/L,,,https://driveimg1.intermarche.com/pt/Content/images/boitmal/produit/zoom/A56DE85260A5F3173FD32BDBD1831F26.jpg,,,,,,2025-07-16T23:59:59.999999999+01:00,PROSPECTUS,13,2
16072,2696083000000,62.0,Panpor,Carcaça de Cereais,,0.29,4.68,0,kg,€/Kg,,,https://driveimg1.intermarche.com/pt/Content/images/boitmal/produit/zoom/64BBBB65E56708FCB9DD0C80C78538ED.jpg,,,,,,2025-07-16T23:59:59.999999999+01:00,PROSPECTUS,13,2
16489,5900020023797,375.0,Nestlé,"Cereais corn flakes sem glúten, embalagem de 380g",,2.79,7.44,0,kg,€/Kg,,,https://driveimg1.intermarche.com/pt/Content/images/boitmal/produit/zoom/1DE75AEB2E5016A7BEDE0D3818F3288A.jpg,,,,,,2025-07-16T23:59:59.999999999+01:00,PROSPECTUS,13,2
16492,8718951037847,500.0,Ajax,"Limpa vidros pistola, tripla acção, embalagem de 500 ml",,1.97,3.94,500,L,€/L,,,https://driveimg1.intermarche.com/pt/Content/images/boitmal/produit/zoom/835152AD536CA633AE488A10E244161F.jpg,,,,,,2025-07-16T23:59:59.999999999+01:00,PROSPECTUS,13,2
16607,8712561521529,700.0,Cif,"Creme abrasivo original, de 700 ml",,2.69,3.84,700,L,€/L,,,https://driveimg1.intermarche.com/pt/Content/images/boitmal/produit/zoom/30CCCA0B503F489882A8FCB31275E9C6.jpg,,,,,,2025-07-16T23:59:59.999999999+01:00,PROSPECTUS,13,2
16706,5601260592608,67.0,Cigala,"Noodle banzai carne, embalagem de 70g",,0.99,14.78,0,kg,€/Kg,,,https://driveimg1.intermarche.com/pt/Content/images/boitmal/produit/zoom/82737AEBE736E2B8511494BB15EEB657.jpg,,,,,,2025-07-16T23:59:59.999999999+01:00,PROSPECTUS,13,2
16919,8718951037878,500.0,Ajax,"Limpa vidros cristal recarga, 500 ml",,1.79,3.58,500,L,€/L,,,https://driveimg1.intermarche.com/pt/Content/images/boitmal/produit/zoom/347189FDE440F5C76849CD3F7F37CA5B.jpg,,,,,,2025-07-16T23:59:59.999999999+01:00,PROSPECTUS,13,2
1693,5603344681017,40.0,General,Filete de anchovas estendidas,Embalagem de 40g,1.64,41.0,0,kg,€/Kg,,,https://driveimg1.intermarche.com/pt/Content/images/boitmal/produit/zoom/06C9DE88EC4B1F1E75839FBBD4E50942.jpg,,,,,,2025-07-16T23:59:59.999999999+01:00,PROSPECTUS,13,2
17114,5000116110148,320.0,Capitão Iglo,"4 hamburguers vaca sem glúten, embalagem de 320g",,4.49,14.03,0,kg,€/Kg,,Tipo de stockagem,https://driveimg1.intermarche.com/pt/Content/images/boitmal/produit/zoom/F31F98EC751272F860D1F790EE53DF35.jpg,,,,,,2025-07-16T23:59:59.999999999+01:00,PROSPECTUS,13,2
17419,5601119243781,110.0,Nobre,"Peito de frango fatias finas, embalagem de 110g",,2.19,19.91,0,kg,€/Kg,,,https://driveimg1.intermarche.com/pt/Content/images/boitmal/produit/zoom/568E87E8AE328D133D5414163DCC53D1.jpg,,,,,,2025-07-16T23:59:59.999999999+01:00,PROSPECTUS,13,2
18161,5601164884465,1320.0,Somersby,Sidra frutos vermelhos,pack 4 x 0.33 l,3.89,2.95,1320,L,€/L,,,https://driveimg1.intermarche.com/pt/Content/images/boitmal/produit/zoom/507246A606E1CB1D17B01F2DC7199F50.jpg,,,,,,2025-07-16T23:59:59.999999999+01:00,PROSPECTUS,13,2
1845,5604260035854,185.0,PorSi,Batatas Fritas Lisas Com Sabor A Queijo E Ervas 185G,,1.84,9.95,0,kg,€/Kg,,,https://driveimg1.intermarche.com/pt/Content/images/boitmal/produit/zoom/E9E6993B7202404AB95C04A2C893A1AC.jpg,,,,,,2025-07-16T23:59:59.999999999+01:00,PROSPECTUS,13,2
18514,8410376042481,220.0,Gullón,"Bolacha diet nature recheio iogurte, embalagem de 220g",,2.09,9.5,0,kg,€/Kg,,,https://driveimg1.intermarche.com/pt/Content/images/boitmal/produit/zoom/0A6085CDB3AA6A46689D6D07414F74BA.jpg,,,,,,2025-07-16T23:59:59.999999999+01:00,PROSPECTUS,13,2
19645,4015400715320,,Tampax,Tampões Com Aplicador Compak Regular,22 unidades,3.19,3.19,0,,€/Unidade,,,https://driveimg1.intermarche.com/pt/Content/images/boitmal/produit/zoom/AC3F57E1690C0393E3DDD85AFAB2DA6D.jpg,,,,,,2025-07-16T23:59:59.999999999+01:00,PROSPECTUS,13,2
20366,7622210981141,150.0,Philadelphia,"Queijo creme de ervas finas, embalagem de 150g",,1.85,12.33,0,kg,€/Kg,,,https://driveimg1.intermarche.com/pt/Content/images/boitmal/produit/zoom/23968A9CE69CBDE38F833889E5601762.jpg,,,,,,2025-07-16T23:59:59.999999999+01:00,PROSPECTUS,13,2
20433,5601244500070,1000.0,Terra Nostra,"Leite de pastagem magro, embalagem de 1 l",,0.89,0.89,1000,L,€/L,,,https://driveimg1.intermarche.com/pt/Content/images/boitmal/produit/zoom/9F4485855ABBC3534A5CD1111ACFCBA8.jpg,https://driveimg1.intermarche.com/pt/Content/images/boitmal/produit/zoom/E6424B45F8177C670F59F3BF8C085519.jpg,,,,,2025-07-16T23:59:59.999999999+01:00,PROSPECTUS,13,2
20624,7613034998040,90.0,Purina One,"Biscoito para cão nuggets, embalagem de 90g",,1.49,16.56,0,kg,€/Kg,,,https://driveimg1.intermarche.com/pt/Content/images/boitmal/produit/zoom/313EA63290E41610E99C1F8CFB5B9E04.jpg,,,,,,2025-07-16T23:59:59.999999999+01:00,PROSPECTUS,13,2
20626,7613034994721,90.0,Purina One,"Biscoito para cão mini sticks, embalagem de 90 g",,1.49,16.56,0,kg,€/Kg,,,https://driveimg1.intermarche.com/pt/Content/images/boitmal/produit/zoom/CC7C25B277452E4C8C39A4BA4F7C0FC6.jpg,,,,,,2025-07-16T23:59:59.999999999+01:00,PROSPECTUS,13,2
20918,5000116110964,840.0,Capitão Iglo,"30 douradinhos, embalagem de 840g",,8.99,10.7,0,kg,€/Kg,,Tipo de stockagem,https://driveimg1.intermarche.com/pt/Content/images/boitmal/produit/zoom/3C52B0905F2F1ACE3D67359B13FE0331.jpg,,,,,,2025-07-16T23:59:59.999999999+01:00,PROSPECTUS,13,2
22429,5711953023958,220.0,Starbucks,"Discoveries cappuccino, embalagem de 220 ml",,1.59,7.23,220,L,€/L,,,https://driveimg1.intermarche.com/pt/Content/images/boitmal/produit/zoom/A945917D666056814E0C09EE59A5D33F.jpg,,,,,,2025-07-16T23:59:59.999999999+01:00,PROSPECTUS,13,2
22999,5601286260239,500.0,Milaneza,"Lírios, 500g",,1.04,2.08,0,kg,€/Kg,,,https://driveimg1.intermarche.com/pt/Content/images/boitmal/produit/zoom/74AF8D8368CD859BCA005E76EC96F7DF.jpg,,,,,,2025-07-16T23:59:59.999999999+01:00,PROSPECTUS,13,2
24369,5601050033045,620.0,Danone,"Iogurte líquido morango / kiwi corpos danone, embalagem de 4 x 155g",,1.89,3.05,0,kg,€/Kg,,,https://driveimg1.intermarche.com/pt/Content/images/boitmal/produit/zoom/4DF8E752E36F802BC82CCB72970E5D9F.jpg,,,,,,2025-07-16T23:59:59.999999999+01:00,PROSPECTUS,13,2
24410,8710908859502,750.0,Cif,"Spray power&shine multiusos com lixívia, de 750 ml",,2.69,3.59,750,L,€/L,,,https://driveimg1.intermarche.com/pt/Content/images/boitmal/produit/zoom/BC1FC8E39B43E72D32F4657C6D001534.jpg,,,,,,2025-07-16T23:59:59.999999999+01:00,PROSPECTUS,13,2
25275,5775345121578,700.0,Sunquick,Concentrado de laranja,Garrafa de 700 ml,5.19,7.41,700,L,€/L,,,https://driveimg1.intermarche.com/pt/Content/images/boitmal/produit/zoom/60CE4BBE254D671FC1E542A0A73849E2.jpg,,,,,,2025-07-16T23:59:59.999999999+01:00,PROSPECTUS,13,3
25867,4005500534600,100.0,Crunch,"Tablete de chocolate branco, embalagem de 100g",,2.39,23.9,0,kg,€/Kg,,,https://driveimg1.intermarche.com/pt/Content/images/boitmal/produit/zoom/8678963B188F40C84C7B2F1171555D7E.jpg,,,,,,2025-07-16T23:59:59.999999999+01:00,PROSPECTUS,13,3
2606,7622300744663,220.0,Oreo,Bolachas,Embalagem de 220g,1.94,8.82,0,kg,€/Kg,,,https://driveimg1.intermarche.com/pt/Content/images/boitmal/produit/zoom/79CFD9DF7EB2F196A9856E929D39A2F7.jpg,,,,,,2025-07-16T23:59:59.999999999+01:00,PROSPECTUS,13,3
2646,8000500121436,117.0,Kinder,"Chocolate branco, embalagem de 130g",,2.19,18.72,0,kg,€/Kg,,,https://driveimg1.intermarche.com/pt/Content/images/boitmal/produit/zoom/6D24F9370E08B6AF1FA2F661705083BF.jpg,,,,,,2025-07-16T23:59:59.999999999+01:00,PROSPECTUS,13,3
26645,8434165483965,570.0,Cuétara,"Bolachas tosta rica, embalagem de 570g",,2.99,5.25,0,kg,€/Kg,,,https://driveimg1.intermarche.com/pt/Content/images/boitmal/produit/zoom/402DF03975BD5CCC8DA72A23C6033A51.jpg,,,,,,2025-07-16T23:59:59.999999999+01:00,PROSPECTUS,13,3
2740,8410063016627,400.0,Pescanova,"4 filetes de pescada panados com limão, embalagem de 400g",,4.99,12.48,0,kg,€/Kg,,Tipo de stockagem,https://driveimg1.intermarche.com/pt/Content/images/boitmal/produit/zoom/793D04BEFB15F5DF82BA7896A4F9F018.jpg,,,,,,2025-07-16T23:59:59.999999999+01:00,PROSPECTUS,13,3
2753,8410066113484,400.0,Heinz,Maionese de cebola e alho 400 ml,,2.89,7.23,400,L,€/L,,,https://driveimg1.intermarche.com/pt/Content/images/boitmal/produit/zoom/CB59DADB624294DBACBA357544AFD162.jpg,,,,,,2025-07-16T23:59:59.999999999+01:00,PROSPECTUS,13,3
2804,8410376009415,125.0,Gullón,"Chip choco diet nature, embalagem de 130g",,2.19,17.52,0,kg,€/Kg,,,https://driveimg1.intermarche.com/pt/Content/images/boitmal/produit/zoom/2BD58ABBF5D1D306D64F41D7513EDA28.jpg,,,,,,2025-07-16T23:59:59.999999999+01:00,PROSPECTUS,13,3
29248,5000204802689,400.0,Raid,Insecticida Casa e Plantas,400 ml,4.79,11.98,400,L,€/L,,,https://driveimg1.intermarche.com/pt/Content/images/boitmal/produit/zoom/D9BDB5EC6E253EBB459466D1BE77CC12.jpg,,,,,,2025-08-06T23:59:59.999999999+01:00,PROSPECTUS,13,3
29591,3387390339505,375.0,Nestlé,"Cereais golden grahams, embalagem de 380g",,3.19,8.51,0,kg,€/Kg,,,https://driveimg1.intermarche.com/pt/Content/images/boitmal/produit/zoom/52B010047394B5E18C21D533AA60A41C.jpg,,,,,,2025-07-16T23:59:59.999999999+01:00,PROSPECTUS,13,3
300,0011210000889,60.0,Tabasco,Molho picante,Garrafa de 60 ml,2.37,39.5,60,L,€/L,,,https://driveimg1.intermarche.com/pt/Content/images/boitmal/produit/zoom/513E7907BD2D93422664E790FE0A1850.jpg,,,,,,2025-07-16T23:59:59.999999999+01:00,PROSPECTUS,13,3
30414,4015400917304,480.0,Fairy,Detergente Liquido Loiça Original,480 ml,2.54,5.29,480,L,€/L,,,https://driveimg1.intermarche.com/pt/Content/images/boitmal/produit/zoom/BDA62A6B9333A70897E09AEAD0B62BBF.jpg,,,,,,2025-07-16T23:59:59.999999999+01:00,PROSPECTUS,13,3
30638,5607233511584,435.0,Panrico,Pão de Forma Cerealia 14 Cereais e Sementes 0% Açúcares,Embalagem de 440g,1.99,4.57,0,kg,€/Kg,,,https://driveimg1.intermarche.com/pt/Content/images/boitmal/produit/zoom/80E82D3789FD680BAAA3FD45989D08CD.jpg,,,,,,2025-07-16T23:59:59.999999999+01:00,PROSPECTUS,13,3
30639,5607233511591,435.0,Panrico,Pão Forma Cerealia 5 Sementes 0% Açúcares Vegan s/ Lactose,Embalagem de 440g,1.99,4.57,0,kg,€/Kg,,,https://driveimg1.intermarche.com/pt/Content/images/boitmal/produit/zoom/DAFE76B1482BA915F091EFA08FF4610E.jpg,,,,,,2025-07-16T23:59:59.999999999+01:00,PROSPECTUS,13,3
30712,5000116124152,800.0,Iglo,"Ervilhas primavera, embalagem de 800g",,4.48,5.6,0,kg,€/Kg,,Tipo de stockagem,https://driveimg1.intermarche.com/pt/Content/images/boitmal/produit/zoom/CA98AA2D7349A9F54B21FC2B5D9F9E1D.jpg,,,,,,2025-07-16T23:59:59.999999999+01:00,PROSPECTUS,13,3
31436,5607233508829,750.0,Panrico,Pão de forma especial torradas,Embalagem de 750g,1.99,2.65,0,kg,€/Kg,,,https://driveimg1.intermarche.com/pt/Content/images/boitmal/produit/zoom/E55F9FC30ED3A9561F136B69689D41FE.jpg,,,,,,2025-07-16T23:59:59.999999999+01:00,PROSPECTUS,13,3
33417,7613036607681,240.0,Cerelac,"Seleção da natureza aveia, maçã e cenoura +6 meses",Embalagem de 240g,2.99,12.46,0,kg,€/Kg,,,https://driveimg1.intermarche.com/pt/Content/images/boitmal/produit/zoom/A44EB4797E6113C3E0EEBA3D69E28D1E.jpg,,,,,,2025-07-16T23:59:59.999999999+01:00,PROSPECTUS,13,3
34328,5603344291018,120.0,General,Bacalhau com grão,Embalagem de 120g,1.85,15.42,0,kg,€/Kg,,,https://driveimg1.intermarche.com/pt/Content/images/boitmal/produit/zoom/3CE63A7FB770BD16863F1AA0D2B1E6B2.jpg,,,,,,2025-07-16T23:59:59.999999999+01:00,PROSPECTUS,13,3
35542,7613036867405,,Nescafé,"Café em cápsulas dolce gusto ristreto intenso, embalagem de 210g",,10.49,10.49,30,,€/Unidade,,,https://driveimg1.intermarche.com/pt/Content/images/boitmal/produit/zoom/FC99456EA03268527FE0EC549A21D081.jpg,,,,,,2025-07-16T23:59:59.999999999+01:00,PROSPECTUS,13,3
35631,8410436329545,100.0,Sonasol,Bloco sanitário desinfectante duplo floral,Embalagem de 2 x 50 g,2.99,29.9,0,kg,€/Kg,,,https://driveimg1.intermarche.com/pt/Content/images/boitmal/produit/zoom/4EBD52C2D6799DC552F1A6B94AE3AADD.jpg,,,,,,2025-07-16T23:59:59.999999999+01:00,PROSPECTUS,13,3
36667,5604260294374,1000.0,PorSi,Arroz Agulha América Do Sul 1000G,,1.45,1.45,0,kg,€/Kg,,,https://driveimg1.intermarche.com/pt/Content/images/boitmal/produit/zoom/760340CDA1C73D35008E600311C41F68.jpg,,,,,,2025-07-16T23:59:59.999999999+01:00,PROSPECTUS,13,3
36694,5604260318858,250.0,PorSi,Salsichas Churr.C/Ervas 250G,,1.99,7.96,0,kg,€/Kg,,,https://driveimg1.intermarche.com/pt/Content/images/boitmal/produit/zoom/33AF2A89D28BF9495D882809E4B9B89D.jpg,,,,,,2025-07-16T23:59:59.999999999+01:00,PROSPECTUS,13,3
37574,8717163836835,2000.0,Lipton,"Ice tea de pêssego sem açúcar, garrafa de 2l",,2.39,1.2,2000,L,€/L,,,https://driveimg1.intermarche.com/pt/Content/images/boitmal/produit/zoom/B0D164F35BECC5A6CA9E515D71ED323C.jpg,,,,,,2025-07-16T23:59:59.999999999+01:00,PROSPECTUS,13,3
37603,5601244700005,250.0,Terra Nostra,"Manteiga sem sal terra nostra, embalagem de 250g",,2.29,9.16,0,kg,€/Kg,,,https://driveimg1.intermarche.com/pt/Content/images/boitmal/produit/zoom/317E2CDE181AB3CCD0895012A2A6754F.jpg,,,,,,2025-07-16T23:59:59.999999999+01:00,PROSPECTUS,13,3
37778,8710847944420,500.0,Skip,"Tira nódoas em spray, embalagem de 500 ml",,2.99,5.98,500,L,€/L,,,https://driveimg1.intermarche.com/pt/Content/images/boitmal/produit/zoom/5DB69985383F70611DE6A7DD77E8F30A.jpg,,,,,,2025-07-16T23:59:59.999999999+01:00,PROSPECTUS,13,3
37799,7613037096828,240.0,Cerelac,Farinha láctea seleção da natureza aveia e centeio +6 meses,Embalagem de 240 g,2.99,12.46,0,kg,€/Kg,,,https://driveimg1.intermarche.com/pt/Content/images/boitmal/produit/zoom/196E9C25A91135A06C0EF78AB5B82C2A.jpg,,,,,,2025-07-16T23:59:59.999999999+01:00,PROSPECTUS,13,3
38044,5603722519253,280.0,Milhafre,"Queijo da ilha graciosa, embalagem de 280 g",,4.19,14.96,0,kg,€/Kg,,,https://driveimg1.intermarche.com/pt/Content/images/boitmal/produit/zoom/4AB7A22349A9E18C9ABB71A77A8F6CE8.jpg,,,,,,2025-07-16T23:59:59.999999999+01:00,PROSPECTUS,13,3
40925,8710522652138,240.0,Calvé,"Maionese top down, embalagem de 240g",,1.48,6.17,0,kg,€/Kg,,,https://driveimg1.intermarche.com/pt/Content/images/boitmal/produit/zoom/ECF2C8ABFC985CAC5B87AA78A2E96931.jpg,https://driveimg1.intermarche.com/pt/Content/images/boitmal/produit/zoom/8E23B17512BCD2C444A6228885CC4217.jpg,https://driveimg1.intermarche.com/pt/Content/images/boitmal/produit/zoom/8E23B17512BCD2C444A6228885CC4217.jpg,https://driveimg1.intermarche.com/pt/Content/images/boitmal/produit/zoom/8E23B17512BCD2C444A6228885CC4217.jpg,https://driveimg1.intermarche.com/pt/Content/images/boitmal/produit/zoom/8E23B17512BCD2C444A6228885CC4217.jpg,,2025-07-16T23:59:59.999999999+01:00,PROSPECTUS,13,3
41661,5603769000752,750.0,Piano,Vinho DOC Douro Tinto Reserva,Garrafa de 0.75 l,6.59,8.79,750,L,€/L,,,https://driveimg1.intermarche.com/pt/Content/images/boitmal/produit/zoom/B0DFAFE37BB6D8C6F3E4E55468B7B398.jpg,,,,,,2025-07-16T23:59:59.999999999+01:00,PROSPECTUS,13,3
41823,5604260304820,1200.0,PorSi,Água tonica,pack 6 x 0.2 l,2.39,1.99,1200,L,€/L,,,https://driveimg1.intermarche.com/pt/Content/images/boitmal/produit/zoom/23FF6661A5D3545FE0EB9E7F7E7E7BDB.jpg,,,,,,2025-07-16T23:59:59.999999999+01:00,PROSPECTUS,13,3
41979,5601050036244,160.0,Danone,"Yopro manteiga amendoim banana, embalagem de 160g",,1.09,6.81,0,kg,€/Kg,,,https://driveimg1.intermarche.com/pt/Content/images/boitmal/produit/zoom/FA86300496543407BC1BC50B2C72D742.jpg,,,,,,2025-07-16T23:59:59.999999999+01:00,PROSPECTUS,13,3
42989,5604260310173,200.0,Porsi Vivabem,Bolachas Marítimas Clássicas 200G,,1.88,9.4,0,kg,€/Kg,,,https://driveimg1.intermarche.com/pt/Content/images/boitmal/produit/zoom/52E631EE1BD08CA8CF66F6C3152BC47C.jpg,https://driveimg1.intermarche.com/pt/Content/images/boitmal/produit/zoom/16CFDFCB002E044BB78156E396DFE441.jpg,https://driveimg1.intermarche.com/pt/Content/images/boitmal/produit/zoom/16CFDFCB002E044BB78156E396DFE441.jpg,,,,2025-07-16T23:59:59.999999999+01:00,PROSPECTUS,13,3
4335,3600540829160,50.0,Narta men,"Desodorizante roll-on, invisimax",Embalagem de 50 ml,2.69,53.8,50,L,€/L,,,https://driveimg1.intermarche.com/pt/Content/images/boitmal/produit/zoom/A48BB816DCCE142F5DC4F8D9E2CEC850.jpg,,,,,,2025-07-16T23:59:59.999999999+01:00,PROSPECTUS,13,3
44048,5054563101846,75.0,Sensodyne,Dentífrico branqueador,Embalagem de 75 ml,2.99,39.87,75,L,€/L,,,https://driveimg1.intermarche.com/pt/Content/images/boitmal/produit/zoom/3FCEF381523EF43D48FAABB009CAAFFA.jpg,,,,,,2025-07-16T23:59:59.999999999+01:00,PROSPECTUS,13,3
4409,3600550266917,200.0,Narta,"Desodorizante spray, protect.5",Embalagem de 200 ml,2.69,13.45,200,L,€/L,,,https://driveimg1.intermarche.com/pt/Content/images/boitmal/produit/zoom/7C71A1978C10610C24EF8E897CF38176.jpg,,,,,,2025-07-16T23:59:59.999999999+01:00,PROSPECTUS,13,3
44684,8002230000302,700.0,Aperol,"Aperol, 700 ml",,15.49,22.13,700,L,€/L,,,https://driveimg1.intermarche.com/pt/Content/images/boitmal/produit/zoom/86958346780D70B7808604DB5C5938BA.jpg,,,,,,2025-07-16T23:59:59.999999999+01:00,PROSPECTUS,13,3
44741,7613287093233,330.0,Nestlé,"Achocolatado intenso 40% cacau, embalagem de 330g",,5.59,16.94,0,kg,€/Kg,,,https://driveimg1.intermarche.com/pt/Content/images/boitmal/produit/zoom/6ABD0AF4397116A85051453F7C6CB96D.jpg,,,,,,2025-07-16T23:59:59.999999999+01:00,PROSPECTUS,13,3
44755,8720182022042,350.0,Calvé,"Manteiga amendoim cremosa, embalagem de 350g",,2.39,6.83,0,kg,€/Kg,,,https://driveimg1.intermarche.com/pt/Content/images/boitmal/produit/zoom/233BB6D8E8CEE88ED461BD6951C97E8A.jpg,,,,,,2025-07-16T23:59:59.999999999+01:00,PROSPECTUS,13,3
44902,5601286248787,500.0,Milaneza,"Massa conchas, 500g",,1.04,2.08,0,kg,€/Kg,,,https://driveimg1.intermarche.com/pt/Content/images/boitmal/produit/zoom/47B035D4D71BAB8FACEBBDD297C9B9B8.jpg,,,,,,2025-07-16T23:59:59.999999999+01:00,PROSPECTUS,13,3
45380,5601050036954,620.0,Danone,"Iogurte magro corpos danone líquido frutos tropicais, 4 x 155 g",,1.89,3.05,0,kg,€/Kg,,,https://driveimg1.intermarche.com/pt/Content/images/boitmal/produit/zoom/231284A4A018EB1BDB97D1E53DC7ECFE.jpg,,,,,,2025-07-16T23:59:59.999999999+01:00,PROSPECTUS,13,3
45637,5604260315109,320.0,PorSi,Salada De Massa E Rúcula 320 G,,2.69,8.41,0,kg,€/Kg,,,https://driveimg1.intermarche.com/pt/Content/images/boitmal/produit/zoom/5B238B83C4396880DFFDD6BC42BFA69C.jpg,,,,,,2025-07-16T23:59:59.999999999+01:00,PROSPECTUS,13,3
46511,5054563103260,75.0,Sensodyne,Dentífrico proteção diária,Embalagem de 75 ml,2.99,39.87,75,L,€/L,,,https://driveimg1.intermarche.com/pt/Content/images/boitmal/produit/zoom/E4C1B29ED10FB64DAE7D0A3940527894.jpg,,,,,,2025-07-16T23:59:59.999999999+01:00,PROSPECTUS,13,3
46660,5601172231480,20.0,Blédina,"Snack estrelas ananás e quinoa, 20g",,0.99,49.5,0,kg,€/Kg,,,https://driveimg1.intermarche.com/pt/Content/images/boitmal/produit/zoom/7CAAD00F05B7228D14E4162DC8FC404B.jpg,,,,,,2025-07-16T23:59:59.999999999+01:00,PROSPECTUS,13,3
47106,7613287613806,,Nescafé,"Café espresso buondi intenso, 16 cápsulas",,9.49,9.49,30,,€/Unidade,,,https://driveimg1.intermarche.com/pt/Content/images/boitmal/produit/zoom/E40A3E7241DABB11EAC194DA9AD5C029.jpg,,,,,,2025-07-16T23:59:59.999999999+01:00,PROSPECTUS,13,3
47671,5604260315475,450.0,PorSi,Mix Frutas P/ Smoothie 450G,,3.59,7.98,0,kg,€/Kg,,Tipo de stockagem,https://driveimg1.intermarche.com/pt/Content/images/boitmal/produit/zoom/E3A0B5F170B153BD1B9F51F13436BB64.jpg,,,,,,2025-07-16T23:59:59.999999999+01:00,PROSPECTUS,13,3
47754,8006540429631,,Evax,Pensos Higiénicos Cottonlike Super Plus com Abas,20 unidades,4.24,4.24,0,,€/Unidade,,,https://driveimg1.intermarche.com/pt/Content/images/boitmal/produit/zoom/20602C6C8491E620AFF9DD0AD1B3D317.jpg,,,,,,2025-07-16T23:59:59.999999999+01:00,PROSPECTUS,13,3
47755,8006540429457,,Evax,Pensos Higiénicos Cottonlike Normal com Abas,32 unidades,4.14,4.14,0,,€/Unidade,,,https://driveimg1.intermarche.com/pt/Content/images/boitmal/produit/zoom/70F42B0A06F4559D2E1F565D5B1D8875.jpg,,,,,,2025-07-16T23:59:59.999999999+01:00,PROSPECTUS,13,3
47756,8006540429570,,Evax,Pensos Higiénicos Cottonlike Super com Abas,24 unidades,4.19,4.19,0,,€/Unidade,,,https://driveimg1.intermarche.com/pt/Content/images/boitmal/produit/zoom/CB96220255FB9E0900323CF49B786012.jpg,,,,,,2025-07-16T23:59:59.999999999+01:00,PROSPECTUS,13,3
47807,5604260316724,250.0,Porsi Select - Programa Origens,Secretos De Porco Preto Do Alentejo 250 G,,4.49,17.96,0,kg,€/Kg,,,https://driveimg1.intermarche.com/pt/Content/images/boitmal/produit/zoom/6A87D20A3CF16F872AA7C71D8779E2D2.jpg,,,,,,2025-07-16T23:59:59.999999999+01:00,PROSPECTUS,13,3
4795,5010327000404,700.0,Grants,"Whisky, garrafa de 700 ml",,12.89,18.41,700,L,€/L,,,https://driveimg1.intermarche.com/pt/Content/images/boitmal/produit/zoom/5FEB2C2793B73FD65BBED9B479FAD32C.jpg,,,,,,2025-07-16T23:59:59.999999999+01:00,PROSPECTUS,13,3
48391,5604260320776,,PorSi,Pensos Diários Normal Aloe Vera - 30 Unidades,,1.49,1.49,0,,€/Unidade,,,https://driveimg1.intermarche.com/pt/Content/images/boitmal/produit/zoom/426BC6B3A43ECA8BD3AF55D0BF70998F.jpg,,,,,,2025-07-16T23:59:59.999999999+01:00,PROSPECTUS,13,3
48469,8410650270982,85.0,Ultima,Comida Húmida Gatos Esterilizados Carnes,Embalagem de 4x85 g,2.74,32.24,0,kg,€/Kg,,,https://driveimg1.intermarche.com/pt/Content/images/boitmal/produit/zoom/BE8C1962B9DFFA1BDF91F1D5FD7F90FB.jpg,,,,,,2025-07-16T23:59:59.999999999+01:00,PROSPECTUS,13,3
48766,8722700231998,525.0,Olá,"Gelado calippo cola, 5 x 105 ml",,2.99,5.7,525,L,€/L,,Tipo de stockagem,https://driveimg1.intermarche.com/pt/Content/images/boitmal/produit/zoom/FB3E50854D288187B03A79CB54A90499.jpg,,,,,,2025-07-16T23:59:59.999999999+01:00,PROSPECTUS,13,3
48907,5604260320769,,PorSi,Pensos Diários Normal - 64 Unidades,,1.69,1.69,0,,€/Unidade,,,https://driveimg1.intermarche.com/pt/Content/images/boitmal/produit/zoom/DFB079CBF477779AF2A84A2F43E7FF7B.jpg,https://driveimg1.intermarche.com/pt/Content/images/boitmal/produit/zoom/C20F8AD2FC19771FE6AB1B975D7F3E8C.jpg,https://driveimg1.intermarche.com/pt/Content/images/boitmal/produit/zoom/C20F8AD2FC19771FE6AB1B975D7F3E8C.jpg,https://driveimg1.intermarche.com/pt/Content/images/boitmal/produit/zoom/C20F8AD2FC19771FE6AB1B975D7F3E8C.jpg,https://driveimg1.intermarche.com/pt/Content/images/boitmal/produit/zoom/C20F8AD2FC19771FE6AB1B975D7F3E8C.jpg,https://driveimg1.intermarche.com/pt/Content/images/boitmal/produit/zoom/C20F8AD2FC19771FE6AB1B975D7F3E8C.jpg,2025-07-16T23:59:59.999999999+01:00,PROSPECTUS,13,3
49097,5604260322817,2000.0,PorSi,Detergente Máquina Roupa Lavanda 40D,,4.79,2.4,2000,L,€/L,,,https://driveimg1.intermarche.com/pt/Content/images/boitmal/produit/zoom/A80DDC6C9ABC2D3952F31585A06F39B2.jpg,,,,,,2025-07-16T23:59:59.999999999+01:00,PROSPECTUS,13,3
49180,3600524030872,150.0,Elvive,Serum Hidra Hialurónico,150 ml,6.49,43.27,150,L,€/L,,,https://driveimg1.intermarche.com/pt/Content/images/boitmal/produit/zoom/CF88C44B4AD2FCC0D8A8D3B7629E219C.jpg,,,,,,2025-07-16T23:59:59.999999999+01:00,PROSPECTUS,13,3
49402,5411188136347,400.0,Alpro,"Soja frutos vermelhos tâmaras, de 400g",,2.54,6.35,0,kg,€/Kg,,,https://driveimg1.intermarche.com/pt/Content/images/boitmal/produit/zoom/A801A972F65EC8A1D9B45654A6E18706.jpg,,,,,,2025-07-16T23:59:59.999999999+01:00,PROSPECTUS,13,3
49463,8445290250322,600.0,Nestum,Flocos Cereais Mel,Embalagem de 600g,3.79,6.32,0,kg,€/Kg,,,https://driveimg1.intermarche.com/pt/Content/images/boitmal/produit/zoom/4A0A62606AC144021ED115E1FAB3D0CE.jpg,,,,,,2025-07-16T23:59:59.999999999+01:00,PROSPECTUS,13,3
49475,5601146570027,3750.0,Sagres,"Cerveja com álcool, pack 15 x 25 cl",,7.99,2.13,3750,L,€/L,,,https://driveimg1.intermarche.com/pt/Content/images/boitmal/produit/zoom/6F54A04F24F5E288DCF8E2FC9D030060.jpg,,,,,,2025-07-16T23:59:59.999999999+01:00,PROSPECTUS,13,3
49497,5604260322794,2000.0,PorSi,Detergente Máquina Roupa Active Action 40D,,4.99,2.5,2000,L,€/L,,,https://driveimg1.intermarche.com/pt/Content/images/boitmal/produit/zoom/9275C7102CD9E49B0D10E50950C3FA9D.jpg,,,,,,2025-07-16T23:59:59.999999999+01:00,PROSPECTUS,13,3
49543,5604260323340,380.0,PorSi,Cookie Gelado Straccia. 4X60G,,2.39,6.29,380,L,€/L,,Tipo de stockagem,https://driveimg1.intermarche.com/pt/Content/images/boitmal/produit/zoom/9F2B6BF9B8EC5C2B3BD165715F0EB74F.jpg,,,,,,2025-07-16T23:59:59.999999999+01:00,PROSPECTUS,13,3
4973,5601007001011,750.0,Ferreira,Porto tawny,Garrafa de 750 ml,5.59,7.45,750,L,€/L,,,https://driveimg1.intermarche.com/pt/Content/images/boitmal/produit/zoom/506DE37AC44780DFABFA7D2932985FC0.jpg,,,,,,2025-07-16T23:59:59.999999999+01:00,PROSPECTUS,13,3
49831,8445290157348,390.0,Nesquik,"Achocolatado em pó, embalagem de 390g",,3.49,8.95,0,kg,€/Kg,,,https://driveimg1.intermarche.com/pt/Content/images/boitmal/produit/zoom/1C8D0ADDD419DD646B2CF36E18D3378F.jpg,,,,,,2025-07-16T23:59:59.999999999+01:00,PROSPECTUS,13,3
50389,8445290351401,,Nescafé,"Cápsulas café sical intensidade 7, 30 unidades",,9.49,9.49,30,,€/Unidade,,,https://driveimg1.intermarche.com/pt/Content/images/boitmal/produit/zoom/1FD786A7E143BB9E177424D49D5ABF95.jpg,,,,,,2025-07-16T23:59:59.999999999+01:00,PROSPECTUS,13,3
50575,5604260323685,96.0,PorSi,Cápsulas Café Descafeinado Cmpx16,,4.49,46.77,0,kg,€/Kg,,,https://driveimg1.intermarche.com/pt/Content/images/boitmal/produit/zoom/EDA20423A6D38F06AF74A94AC3BA7E86.jpg,,,,,,2025-07-16T23:59:59.999999999+01:00,PROSPECTUS,13,3
5126,5601068014494,750.0,Cif,"Desinfetante em gel com lixívia, de 750 ml",,1.49,1.99,750,L,€/L,,,https://driveimg1.intermarche.com/pt/Content/images/boitmal/produit/zoom/77935B9909F887F8D557F56915EB5FD9.jpg,,,,,,2025-07-16T23:59:59.999999999+01:00,PROSPECTUS,13,3
51273,8434165598485,210.0,Cuétara,"Bolacha Tosta Rica Chocolate, 210g",,2.49,11.86,0,kg,€/Kg,,,https://driveimg1.intermarche.com/pt/Content/images/boitmal/produit/zoom/DF342EAE876035FBA652AF6D60A18230.jpg,,,,,,2025-07-16T23:59:59.999999999+01:00,PROSPECTUS,13,3
51369,5000116125791,1400.0,Capitão Iglo,"50 douradinhos de peixe ómega 3 iglo, embalagem de 1.4 kg",,13.99,9.99,0,kg,€/Kg,,Tipo de stockagem,https://driveimg1.intermarche.com/pt/Content/images/boitmal/produit/zoom/6C5BC15FEE115209F2EC3E0B9DBA1CCD.jpg,,,,,,2025-07-16T23:59:59.999999999+01:00,PROSPECTUS,13,3
51403,5604260325689,1000.0,PorSi,"Vinagre de limpeza, 1 litrp",,0.95,0.95,1000,L,€/L,,,https://driveimg1.intermarche.com/pt/Content/images/boitmal/produit/zoom/D97716AE40F4384225AEA397971D7BFD.jpg,,,,,,2025-07-16T23:59:59.999999999+01:00,PROSPECTUS,13,3
51908,3073781193169,125.0,A Vaca Que Ri,"Queijo fundido light, 125g",,1.79,14.32,0,kg,€/Kg,,,https://driveimg1.intermarche.com/pt/Content/images/boitmal/produit/zoom/0730F035573CDD0EAEF7489551EC059B.jpg,,,,,,2025-07-16T23:59:59.999999999+01:00,PROSPECTUS,13,3
52010,7622201735197,360.0,Royal,"Gelatina pronta tutti - frutti, 360g",,1.59,4.42,0,kg,€/Kg,,,https://driveimg1.intermarche.com/pt/Content/images/boitmal/produit/zoom/C8AB57FCD991B0ED98F7997EF4959D4A.jpg,,,,,,2025-07-16T23:59:59.999999999+01:00,PROSPECTUS,13,3
52039,7622201747466,360.0,Royal,"Gelatina pronta frutos do bosque sem açúcar, 360g",,1.59,4.42,0,kg,€/Kg,,,https://driveimg1.intermarche.com/pt/Content/images/boitmal/produit/zoom/346C3ACAFC660518DFC7267DFA6DE7A9.jpg,,,,,,2025-07-16T23:59:59.999999999+01:00,PROSPECTUS,13,3
52051,8414516138980,325.0,Florette,"Salada massa e atum, embalagem de 325g",,3.29,10.12,0,kg,€/Kg,,,https://driveimg1.intermarche.com/pt/Content/images/boitmal/produit/zoom/33539069549CDE8AB9582AA9D63F408C.jpg,,,,,,2025-07-16T23:59:59.999999999+01:00,PROSPECTUS,13,3
52164,5604260328505,1050.0,PorSi,Polpa Tomate Tetra 1050G,,1.99,1.9,0,kg,€/Kg,,,https://driveimg1.intermarche.com/pt/Content/images/boitmal/produit/zoom/1BEE8FE796772FFF7D13A8A9DE5E3423.jpg,,,,,,2025-07-16T23:59:59.999999999+01:00,PROSPECTUS,13,3
52328,8720181385100,2520.0,Skip,"Detergente máquina roupa líquido baby, 56 doses",,9.99,3.96,2520,L,€/L,,,https://driveimg1.intermarche.com/pt/Content/images/boitmal/produit/zoom/37DC97A7700AEDD1F57E9521FBF4BEA2.jpg,,,,,,2025-07-16T23:59:59.999999999+01:00,PROSPECTUS,13,3
52341,8006540767849,,Fairy,Detergente Máquina Loiça Pastilhas Ultra,21 Pastilhas,6.69,6.69,0,,€/Unidade,,,https://driveimg1.intermarche.com/pt/Content/images/boitmal/produit/zoom/E45C1DEF241964B22BEBD0F0F81CD440.jpg,,,,,,2025-07-16T23:59:59.999999999+01:00,PROSPECTUS,13,3
52365,5605480002244,,Veet,Bandas Depilatórias Cera Fria Facial Expert Pele Sensível,Embalagem de 16 unidades,5.94,5.94,0,,€/Unidade,,,https://driveimg1.intermarche.com/pt/Content/images/boitmal/produit/zoom/C3C30686BBCB2CBBE3210805E2603B95.jpg,,,,,,2025-07-16T23:59:59.999999999+01:00,PROSPECTUS,13,3
52377,8720181385131,,Skip,Detergente Máquina Roupa Líquido Sabão Natural,100 Doses,11.99,11.99,0,,€/Unidade,,,https://driveimg1.intermarche.com/pt/Content/images/boitmal/produit/zoom/B7482844827C04E8BE654EF9B7B49DD3.jpg,,,,,,2025-07-16T23:59:59.999999999+01:00,PROSPECTUS,13,3
52378,8720181407130,1300.0,Cif,"Lava tudo vinagre, embalagem de 1,3l",,1.99,1.53,1300,L,€/L,,,https://driveimg1.intermarche.com/pt/Content/images/boitmal/produit/zoom/171393A645468062F81960E4867EA09F.jpg,https://driveimg1.intermarche.com/pt/Content/images/boitmal/produit/zoom/ACC8FB9EC20CE1255E2C2456FAF7B5E2.jpg,,,,,2025-07-16T23:59:59.999999999+01:00,PROSPECTUS,13,3
52552,8720182626004,80.0,Knorr,"Caldo de peixe com azeite virgem extra, 8 unidades",,1.59,19.88,0,kg,€/Kg,,,https://driveimg1.intermarche.com/pt/Content/images/boitmal/produit/zoom/FBDF62B8889CFBC551432143D331C387.jpg,https://driveimg1.intermarche.com/pt/Content/images/boitmal/produit/zoom/9B844946D0805478C1AE61E4E2E363AC.jpg,,,,,2025-07-16T23:59:59.999999999+01:00,PROSPECTUS,13,3
52603,5604260328628,120.0,PorSi,Salsichas Frankfurt Lata 6 Unidades,,0.79,6.58,0,kg,€/Kg,,,https://driveimg1.intermarche.com/pt/Content/images/boitmal/produit/zoom/811C87520E2C93C5E045A2F997D09B94.jpg,,,,,,2025-07-16T23:59:59.999999999+01:00,PROSPECTUS,13,3
5273,5601164902343,7920.0,Super Bock,"Cerveja com álcool, pack 24 x 0.33 l",,17.49,2.21,7920,L,€/L,,,https://driveimg1.intermarche.com/pt/Content/images/boitmal/produit/zoom/B20818C9DD1836C39491D27565F038C6.jpg,,,,,,2025-07-16T23:59:59.999999999+01:00,PROSPECTUS,13,3
52827,8720608038411,36.0,Lipton,"Tisana detox drenar & tonificar, 20 unidades",,2.09,58.06,0,kg,€/Kg,,,https://driveimg1.intermarche.com/pt/Content/images/boitmal/produit/zoom/49CDBE1F34B3C965826C7D51A85F7FAA.jpg,https://driveimg1.intermarche.com/pt/Content/images/boitmal/produit/zoom/19C457D26C9D458BA7A22FDC8BF7F9BC.jpg,https://driveimg1.intermarche.com/pt/Content/images/boitmal/produit/zoom/19C457D26C9D458BA7A22FDC8BF7F9BC.jpg,,,,2025-07-16T23:59:59.999999999+01:00,PROSPECTUS,13,3
52839,8720181380686,,Skip,"Detergente roupa máquina cápsulas skip baby embalagem cartão, 32 doses",,8.99,8.99,32,,€/Unidade,,,https://driveimg1.intermarche.com/pt/Content/images/boitmal/produit/zoom/83B6776B3BDE1EBDB9D95FE2C245BC15.jpg,https://driveimg1.intermarche.com/pt/Content/images/boitmal/produit/zoom/9D5657D4263153C15B398271532DDB88.jpg,https://driveimg1.intermarche.com/pt/Content/images/boitmal/produit/zoom/9D5657D4263153C15B398271532DDB88.jpg,https://driveimg1.intermarche.com/pt/Content/images/boitmal/produit/zoom/9D5657D4263153C15B398271532DDB88.jpg,,,2025-07-16T23:59:59.999999999+01:00,PROSPECTUS,13,3
52856,5411188137993,400.0,Alpro,"Yofu mirtilo, 400g",,1.99,4.98,0,kg,€/Kg,,,https://driveimg1.intermarche.com/pt/Content/images/boitmal/produit/zoom/485F657BAFD51912DFB54A5C99A1A224.jpg,https://driveimg1.intermarche.com/pt/Content/images/boitmal/produit/zoom/11533D920C6F50B230FF02F2A50E7E1F.jpg,https://driveimg1.intermarche.com/pt/Content/images/boitmal/produit/zoom/11533D920C6F50B230FF02F2A50E7E1F.jpg,,,,2025-07-16T23:59:59.999999999+01:00,PROSPECTUS,13,3
52865,5601096422186,750.0,Vale D. Maria,"Vinho branco do douro superior, garrafa de 750 ml",,7.49,9.99,750,L,€/L,,,https://driveimg1.intermarche.com/pt/Content/images/boitmal/produit/zoom/D5B94116ED331DA729E81AE0E9BE658D.jpg,https://driveimg1.intermarche.com/pt/Content/images/boitmal/produit/zoom/AFACB73DE4D272FAFE8147E6EBFCE45C.jpg,https://driveimg1.intermarche.com/pt/Content/images/boitmal/produit/zoom/AFACB73DE4D272FAFE8147E6EBFCE45C.jpg,,,,2025-07-16T23:59:59.999999999+01:00,PROSPECTUS,13,3
52882,8719200267923,1000.0,Planta,"Creme vegetal de barrar com sabor a manteiga, 1 kg",,4.99,4.99,0,kg,€/Kg,,,https://driveimg1.intermarche.com/pt/Content/images/boitmal/produit/zoom/7FA2022C1B0ECE643B6D5766E124CAA0.jpg,https://driveimg1.intermarche.com/pt/Content/images/boitmal/produit/zoom/CA359583CDC4B85860A9620A14431005.jpg,https://driveimg1.intermarche.com/pt/Content/images/boitmal/produit/zoom/CA359583CDC4B85860A9620A14431005.jpg,https://driveimg1.intermarche.com/pt/Content/images/boitmal/produit/zoom/CA359583CDC4B85860A9620A14431005.jpg,,,2025-07-16T23:59:59.999999999+01:00,PROSPECTUS,13,3
52886,5603722523113,200.0,Mimosa,"Natas para carne, 200 ml",,1.04,5.2,200,L,€/L,,,https://driveimg1.intermarche.com/pt/Content/images/boitmal/produit/zoom/4EBFFD3487ED8CD46A9B8FA3FCE4C121.jpg,https://driveimg1.intermarche.com/pt/Content/images/boitmal/produit/zoom/974E5E2703AF4694FB78F37DC9D40DC9.jpg,https://driveimg1.intermarche.com/pt/Content/images/boitmal/produit/zoom/974E5E2703AF4694FB78F37DC9D40DC9.jpg,,,,2025-07-16T23:59:59.999999999+01:00,PROSPECTUS,13,3
52887,5603722523137,200.0,Mimosa,"Natas para massas, 200 ml",,1.04,5.2,200,L,€/L,,,https://driveimg1.intermarche.com/pt/Content/images/boitmal/produit/zoom/836A8DFC9F960FD6B745222B729AE7FC.jpg,https://driveimg1.intermarche.com/pt/Content/images/boitmal/produit/zoom/F3EDAE46E372CBB78EE7DEA3A9DB3BD9.jpg,https://driveimg1.intermarche.com/pt/Content/images/boitmal/produit/zoom/F3EDAE46E372CBB78EE7DEA3A9DB3BD9.jpg,,,,2025-07-16T23:59:59.999999999+01:00,PROSPECTUS,13,3
52889,8720181385094,945.0,Skip,"Detergente líquido máquina de roupa baby, 21 doses",,3.99,4.22,945,L,€/L,,,https://driveimg1.intermarche.com/pt/Content/images/boitmal/produit/zoom/88B9AA7AC23F4BC407E554F7DDCFF45B.jpg,https://driveimg1.intermarche.com/pt/Content/images/boitmal/produit/zoom/F71A2C4911172C11157AB331E2B3BEF3.jpg,https://driveimg1.intermarche.com/pt/Content/images/boitmal/produit/zoom/F71A2C4911172C11157AB331E2B3BEF3.jpg,,,,2025-07-16T23:59:59.999999999+01:00,PROSPECTUS,13,3
52897,8720181392917,1332.0,Comfort,"Amaciador concentrado essência pure, 74 doses",,3.49,2.62,1332,L,€/L,,,https://driveimg1.intermarche.com/pt/Content/images/boitmal/produit/zoom/F5C0D70B94DAAFB0949EA4EE48242D35.jpg,https://driveimg1.intermarche.com/pt/Content/images/boitmal/produit/zoom/6C81AB307354BD851AD24288672BBAB9.jpg,https://driveimg1.intermarche.com/pt/Content/images/boitmal/produit/zoom/6C81AB307354BD851AD24288672BBAB9.jpg,,,,2025-07-16T23:59:59.999999999+01:00,PROSPECTUS,13,3
53008,5775345205384,700.0,Sunquick,"Concentrado de maracujá mix, garrafa de 700 ml",,5.19,7.41,700,L,€/L,,,https://driveimg1.intermarche.com/pt/Content/images/boitmal/produit/zoom/A67AB5B50F385D9314F8D31955C110FC.jpg,https://driveimg1.intermarche.com/pt/Content/images/boitmal/produit/zoom/5389434D1C5481A1E2137E6ACD009273.jpg,https://driveimg1.intermarche.com/pt/Content/images/boitmal/produit/zoom/5389434D1C5481A1E2137E6ACD009273.jpg,https://driveimg1.intermarche.com/pt/Content/images/boitmal/produit/zoom/5389434D1C5481A1E2137E6ACD009273.jpg,,,2025-07-16T23:59:59.999999999+01:00,PROSPECTUS,13,3
53044,8720181368769,4320.0,Omo,"Detergente roupa máquina líquido, 96 doses",,8.99,2.08,4320,L,€/L,,,https://driveimg1.intermarche.com/pt/Content/images/boitmal/produit/zoom/30BA46CDC8291B3E0F7206BAD1197FAE.jpg,,,,,,2025-07-16T23:59:59.999999999+01:00,PROSPECTUS,13,3
53163,8445291099418,,Buondi,"Café original nespresso, 10 cápsulas",,3.29,3.29,10,,€/Unidade,,,https://driveimg1.intermarche.com/pt/Content/images/boitmal/produit/zoom/6E46F1C9FB77DF7B2C9479B336DCC810.jpg,,,,,,2025-07-16T23:59:59.999999999+01:00,PROSPECTUS,13,3
53336,8700216197991,,Dodot,"Fraldas sensitive t1 2 a 5kg, 84 unidades",,15.74,15.74,84,,€/Unidade,,,https://driveimg1.intermarche.com/pt/Content/images/boitmal/produit/zoom/CB496AAE991E44351C4AD066DC666BB0.jpg,https://driveimg1.intermarche.com/pt/Content/images/boitmal/produit/zoom/8CC2F2164AA9CD1E1BD5CF1DF7F4ED21.jpg,https://driveimg1.intermarche.com/pt/Content/images/boitmal/produit/zoom/8CC2F2164AA9CD1E1BD5CF1DF7F4ED21.jpg,https://driveimg1.intermarche.com/pt/Content/images/boitmal/produit/zoom/8CC2F2164AA9CD1E1BD5CF1DF7F4ED21.jpg,https://driveimg1.intermarche.com/pt/Content/images/boitmal/produit/zoom/8CC2F2164AA9CD1E1BD5CF1DF7F4ED21.jpg,,2025-07-16T23:59:59.999999999+01:00,PROSPECTUS,13,3
53525,8001090279132,,Gillette,"Lâminas Depilação Descartáveis Venus Basic, 10 unidades",,3.39,3.39,1,,€/Unidade,,,https://driveimg1.intermarche.com/pt/Content/images/boitmal/produit/zoom/DC7EF02C539ADEA96E7B514142F78F59.jpg,,,,,,2025-07-16T23:59:59.999999999+01:00,PROSPECTUS,13,3
53667,5054563109705,75.0,Sensodyne,Pasta de Dentes Multiprotection Branqueadora,Embalagem de 75ml,3.96,52.8,75,L,€/L,,,https://driveimg1.intermarche.com/pt/Content/images/boitmal/produit/zoom/94E99A1DF4FA94D15532DE9F772BF6D5.jpg,https://driveimg1.intermarche.com/pt/Content/images/boitmal/produit/zoom/79C3CD129F06F9A8E203F1CDCCF40417.jpg,https://driveimg1.intermarche.com/pt/Content/images/boitmal/produit/zoom/79C3CD129F06F9A8E203F1CDCCF40417.jpg,https://driveimg1.intermarche.com/pt/Content/images/boitmal/produit/zoom/79C3CD129F06F9A8E203F1CDCCF40417.jpg,https://driveimg1.intermarche.com/pt/Content/images/boitmal/produit/zoom/79C3CD129F06F9A8E203F1CDCCF40417.jpg,https://driveimg1.intermarche.com/pt/Content/images/boitmal/produit/zoom/79C3CD129F06F9A8E203F1CDCCF40417.jpg,2025-07-16T23:59:59.999999999+01:00,PROSPECTUS,13,3
53887,5604260328642,250.0,PorSi,Salsichas Frankfurt Lata 10 Unidades,,1.19,4.76,0,kg,€/Kg,,,https://driveimg1.intermarche.com/pt/Content/images/boitmal/produit/zoom/958C25AF6C5BB6C112B5B51BF3629B73.jpg,,,,,,2025-07-16T23:59:59.999999999+01:00,PROSPECTUS,13,3
53919,2696282000000,250.0,Pastelaria,"Baguete Constance, 250 g",,0.79,3.16,0,kg,€/Kg,,,https://driveimg1.intermarche.com/pt/Content/images/boitmal/produit/zoom/E31381B4AE9393D5575E71A4567985AE.jpg,,,,,,2025-07-16T23:59:59.999999999+01:00,PROSPECTUS,13,3
54294,3600542523035,270.0,Ambre Solaire,"Protetor Solar Spray Sensitive Advanced FPS 50+, 270ml",,14.09,52.19,270,L,€/L,,,https://driveimg1.intermarche.com/pt/Content/images/boitmal/produit/zoom/36923D8A047010E409BFF281E0D1623C.jpg,https://driveimg1.intermarche.com/pt/Content/images/boitmal/produit/zoom/A38EDAC1200CE150CA6E33AFFF91BB30.jpg,https://driveimg1.intermarche.com/pt/Content/images/boitmal/produit/zoom/A38EDAC1200CE150CA6E33AFFF91BB30.jpg,https://driveimg1.intermarche.com/pt/Content/images/boitmal/produit/zoom/A38EDAC1200CE150CA6E33AFFF91BB30.jpg,,,2025-07-16T23:59:59.999999999+01:00,PROSPECTUS,13,3
54355,9000100656863,,Bref,"Bloco Sanitário Poder Activo Aqua Duplo, 2un.",,2.99,2.99,0,,€/Unidade,,,https://driveimg1.intermarche.com/pt/Content/images/boitmal/produit/zoom/2D4402DF4DBC8F18978353140489AAE1.jpg,,,,,,2025-07-16T23:59:59.999999999+01:00,PROSPECTUS,13,4
544,3228881083326,30.0,Lipton,"20 saquetas chá noite tranquila, embalagem de 30g",,2.09,69.67,0,kg,€/Kg,,,https://driveimg1.intermarche.com/pt/Content/images/boitmal/produit/zoom/918429936BF1A7F518EA4E4A9580CA69.jpg,,,,,,2025-07-16T23:59:59.999999999+01:00,PROSPECTUS,13,4
54428,3600524135690,150.0,Elvive,"Condicionador Glycolic Gloss, 150ml",,4.94,32.93,150,L,€/L,,,https://driveimg1.intermarche.com/pt/Content/images/boitmal/produit/zoom/5678CCE2CFF48FF0592CEE15C4E38F32.jpg,,,,,,2025-07-16T23:59:59.999999999+01:00,PROSPECTUS,13,4
54536,8006540521830,,Fairy,"Detergente Máquina Loiça Pastilhas Original Tudo em 1, 21D",,5.98,5.98,0,,€/Unidade,,,https://driveimg1.intermarche.com/pt/Content/images/boitmal/produit/zoom/1A348FE6C1FFA1BF08E9B5F7635F30CB.jpg,,,,,,2025-07-16T23:59:59.999999999+01:00,PROSPECTUS,13,4
54604,8720181471636,720.0,Dove,"Gel de banho fresh care, 720ml",,4.79,6.65,720,L,€/L,,,https://driveimg1.intermarche.com/pt/Content/images/boitmal/produit/zoom/A04F69573CB714F101DE27F9EF62ED87.jpg,,,,,,2025-07-16T23:59:59.999999999+01:00,PROSPECTUS,13,4
54606,8720181466359,720.0,Dove,"Gel de banho hydrate, 720ml",,4.79,6.65,720,L,€/L,,,https://driveimg1.intermarche.com/pt/Content/images/boitmal/produit/zoom/73576AE98695DDB42CEBA03FBEBB469E.jpg,,,,,,2025-07-16T23:59:59.999999999+01:00,PROSPECTUS,13,4
54648,5000204356717,,Glade,"Ambientador Vela Mel e Chocolate, 1un.",,2.49,2.49,0,,€/Unidade,,,https://driveimg1.intermarche.com/pt/Content/images/boitmal/produit/zoom/6E4CF6C6B89DBD47B6210E79947E9D76.jpg,,,,,,2025-07-16T23:59:59.999999999+01:00,PROSPECTUS,13,4
54671,8711327587199,2000.0,Lipton,"Ice tea limao, 2 l",,2.39,1.2,2000,L,€/L,,,https://driveimg1.intermarche.com/pt/Content/images/boitmal/produit/zoom/50E0AE93B7B2DC79031DA2E6F9D15838.jpg,,,,,,2025-07-16T23:59:59.999999999+01:00,PROSPECTUS,13,4
54684,8711327611924,330.0,Magnum,"6 gelados mini chocolate e amêndoa, 330 ml",,3.99,12.09,330,L,€/L,,Tipo de stockagem,https://driveimg1.intermarche.com/pt/Content/images/boitmal/produit/zoom/779A2D41120BAD2364A0B6F639CCEACA.jpg,,,,,,2025-07-16T23:59:59.999999999+01:00,PROSPECTUS,13,4
54705,5600363850363,105.0,Alsa,"Gelatina em pó de frutos do bosque gelly-já, 105 g",,1.64,15.62,0,kg,€/Kg,,,https://driveimg1.intermarche.com/pt/Content/images/boitmal/produit/zoom/A687D0F29B2A0FDF3BED508DCF3DB64D.jpg,,,,,,2025-07-16T23:59:59.999999999+01:00,PROSPECTUS,13,4
54763,8720182858290,245.0,Calvé,"Molho cocktail, 245g",,1.94,7.92,0,kg,€/Kg,,,https://driveimg1.intermarche.com/pt/Content/images/boitmal/produit/zoom/235F1A0F09B842825C47B4D30251D6FC.jpg,,,,,,2025-07-16T23:59:59.999999999+01:00,PROSPECTUS,13,4
54773,5601151964835,300.0,Compal,"Nectar clássico manga magdalena, 0.30l",,0.67,2.23,300,L,€/L,,,https://driveimg1.intermarche.com/pt/Content/images/boitmal/produit/zoom/31C2CC6ECE3BD352F5F3884DDEA3DE5F.jpg,,,,,,2025-07-16T23:59:59.999999999+01:00,PROSPECTUS,13,4
54841,8720181536977,,Skip,"Detergente Máquina Roupa Líquido Ciclos Curtos Eficácia Express, 54D",,9.99,9.99,0,,€/Unidade,,,https://driveimg1.intermarche.com/pt/Content/images/boitmal/produit/zoom/36CE943074EB52B9FEFCB8ABDDE587DE.jpg,,,,,,2025-07-16T23:59:59.999999999+01:00,PROSPECTUS,13,4
54870,8700216609616,450.0,Fairy,"Detergente Manual Loiça Maxi Poder Limão, 450ml",,2.99,6.64,450,L,€/L,,,https://driveimg1.intermarche.com/pt/Content/images/boitmal/produit/zoom/81D44E99D044577B7484666755EA0354.jpg,,,,,,2025-07-16T23:59:59.999999999+01:00,PROSPECTUS,13,4
54984,5063270101575,14.0,Lipton,"Infusão Camomila Pyramid Saquetas, 20un.",,1.49,106.43,0,kg,€/Kg,,,https://driveimg1.intermarche.com/pt/Content/images/boitmal/produit/zoom/DEBCA4E077AE2456EFBDA10F8C62C4AD.jpg,,,,,,2025-07-16T23:59:59.999999999+01:00,PROSPECTUS,13,4
55065,5063270109601,36.0,Lipton,"Chá Preto e Limão Pyramid Saquetas, 20un.",,1.99,55.28,0,kg,€/Kg,,,https://driveimg1.intermarche.com/pt/Content/images/boitmal/produit/zoom/88FE84CBF4C478572D64C65855CD53BA.jpg,,,,,,2025-07-16T23:59:59.999999999+01:00,PROSPECTUS,13,4
55188,8711327618428,825.0,Carte d'or,"Gelado Baunilha Pecan Les Desserts, 825ml",,5.99,7.26,825,L,€/L,,Tipo de stockagem,https://driveimg1.intermarche.com/pt/Content/images/boitmal/produit/zoom/08571CB2AC6E14D50DDB3E1CA2FA4D66.jpg,,,,,,2025-07-16T23:59:59.999999999+01:00,PROSPECTUS,13,4
55242,5601119405158,220.0,Nobre,"Fiambre da Perna Extra Fatias Finas Cuida-t+, 220g",,3.29,14.95,0,kg,€/Kg,,,https://driveimg1.intermarche.com/pt/Content/images/boitmal/produit/zoom/F7D41F9A70217A16C33BBB081F6F9D27.jpg,,,,,,2025-07-16T23:59:59.999999999+01:00,PROSPECTUS,13,4
55246,8410063095219,1000.0,Pescanova,"Filetes de Pescada Panados sem Glúten, 1kg",,7.89,7.89,0,kg,€/Kg,,Tipo de stockagem,https://driveimg1.intermarche.com/pt/Content/images/boitmal/produit/zoom/A5655C95B01DFE4827D4B19FBAEEAA93.jpg,,,,,,2025-07-16T23:59:59.999999999+01:00,PROSPECTUS,13,4
55264,8445291133273,200.0,Buondi,"Café Moído Torrado Moagem Universal Original Int 9, 200g",,3.39,16.95,0,kg,€/Kg,,,https://driveimg1.intermarche.com/pt/Content/images/boitmal/produit/zoom/12B7362029AD0E17CC16AA453025E6E9.jpg,,,,,,2025-07-16T23:59:59.999999999+01:00,PROSPECTUS,13,4
55518,8720181623936,,Surf,"Detergente Roupa Máquina Cápsulas Tropical, 52D",,9.99,9.99,52,,€/Unidade,,,https://driveimg1.intermarche.com/pt/Content/images/boitmal/produit/zoom/7FDC88704AAA25A401EF9DC8FDD13E4D.jpg,,,,,,2025-07-16T23:59:59.999999999+01:00,PROSPECTUS,13,4
5745,5603722513718,1000.0,Vigor,Leite pasteurizado m/g sem lactose,Garrafa de 1 l,1.19,1.19,1000,L,€/L,,,https://driveimg1.intermarche.com/pt/Content/images/boitmal/produit/zoom/4A274333D648928B02F1993344237862.jpg,,,,,,2025-07-16T23:59:59.999999999+01:00,PROSPECTUS,13,4
6039,5606215090017,750.0,Raposeira,Espumante bruto reserva,Garrafa de 0.75 l,7.99,10.65,750,L,€/L,,,https://driveimg1.intermarche.com/pt/Content/images/boitmal/produit/zoom/FD484D30A9463DD8D577C4A6038B0DB7.jpg,,,,,,2025-07-16T23:59:59.999999999+01:00,PROSPECTUS,13,4
6060,5608527000555,5000.0,Dom Campos,"Vinho tinto regional, península de setúbal, bag-in-box",Garrafa de 5 l,7.99,1.6,5000,L,€/L,,,https://driveimg1.intermarche.com/pt/Content/images/boitmal/produit/zoom/78079834B0E3726D7B386E02341FE7CB.jpg,,,,,,2025-07-16T23:59:59.999999999+01:00,PROSPECTUS,13,4
6207,8001480020528,2000.0,Neoblanc,Lixívia para roupa tradicional,Embalagem de 2 l,1.75,0.88,2000,L,€/L,,,https://driveimg1.intermarche.com/pt/Content/images/boitmal/produit/zoom/930401C25A92312F34CEB71B016BE255.jpg,,,,,,2025-07-16T23:59:59.999999999+01:00,PROSPECTUS,13,4
6408,8410376033267,410.0,Gullón,"Digestive aveia diet natural, embalagem de 410g",,2.89,7.05,0,kg,€/Kg,,,https://driveimg1.intermarche.com/pt/Content/images/boitmal/produit/zoom/D18958A844A120D74B9092BA39F02D7E.jpg,,,,,,2025-07-16T23:59:59.999999999+01:00,PROSPECTUS,13,4
6689,8435257022567,720.0,Longa vida,"Iogurte magro morango, embalagem de 6 x 120g",,0.99,1.38,0,kg,€/Kg,,,https://driveimg1.intermarche.com/pt/Content/images/boitmal/produit/zoom/C7D81FD136DA0ED21FA11EE161602678.jpg,,,,,,2025-07-16T23:59:59.999999999+01:00,PROSPECTUS,13,4
7994,5000204700398,,Raid,"Inseticida, recarga, elétrico, pack 2",1 embalagem com 2x27ml,7.59,7.59,0,,€/Unidade,,,https://driveimg1.intermarche.com/pt/Content/images/boitmal/produit/zoom/14C1FAF83F88740F609DED3B0E2D51E7.jpg,,,,,,2025-08-06T23:59:59.999999999+01:00,PROSPECTUS,13,4
828,5000157073006,150.0,Heinz,"Molho de soja, de 150 ml",,2.64,17.6,150,L,€/L,,,https://driveimg1.intermarche.com/pt/Content/images/boitmal/produit/zoom/BBD9F6A5E4EDC067C43EB10CA6FCF5E6.jpg,,,,,,2025-07-16T23:59:59.999999999+01:00,PROSPECTUS,13,4
8281,5601010111226,125.0,Ramirez,"Sardinhas em óleo picante, 130g",,1.04,8.32,0,kg,€/Kg,,,https://driveimg1.intermarche.com/pt/Content/images/boitmal/produit/zoom/BABA11D2149D21778B685143915CA833.jpg,,,,,,2025-07-16T23:59:59.999999999+01:00,PROSPECTUS,13,4
8397,5601050016017,600.0,Danone,"Danacol morango, embalagem de 6 x 100 g",,2.99,4.98,0,kg,€/Kg,,,https://driveimg1.intermarche.com/pt/Content/images/boitmal/produit/zoom/F76543BD64340CC9668C447CAE3F75A1.jpg,,,,,,2025-07-16T23:59:59.999999999+01:00,PROSPECTUS,13,4
8400,5601050033779,620.0,Danone,"Iogurte activia líquido cereais, embalagem de 4 x 155 g",,1.99,3.21,0,kg,€/Kg,,,https://driveimg1.intermarche.com/pt/Content/images/boitmal/produit/zoom/3AC3707CF655B8CC61D2C80E4828D7C8.jpg,,,,,,2025-07-16T23:59:59.999999999+01:00,PROSPECTUS,13,4
8994,5601511000012,200.0,Limiano,"Queijo flamengo, fatias, embalagem de 200g",,2.29,11.45,0,kg,€/Kg,,,https://driveimg1.intermarche.com/pt/Content/images/boitmal/produit/zoom/07BB1CEE38CC53EE2C814734D4592DE0.jpg,,,,,,2025-07-16T23:59:59.999999999+01:00,PROSPECTUS,13,4
9255,5603124024140,545.0,Mistolin,"Tira gorduras recarga, de 550 ml",,2.99,5.49,545,L,€/L,,,https://driveimg1.intermarche.com/pt/Content/images/boitmal/produit/zoom/687EAA7C10E8372C470B9350CC205D49.jpg,,,,,,2025-07-16T23:59:59.999999999+01:00,PROSPECTUS,13,4
