identifier,produitEan13,capacite,marque,libelle,conditionnement,prix,unitPrice,volume,typeProduit_uniteByCode,unit_value,pictogrammes_0,pictogrammes_libelleCategorie,images_0,images_1,images_2,images_3,images_4,images_5,avantages_dateFin,avantages_categorie,nro_paginas,page
8383,5601049132995,1000.0,Mimosa,"Leite uht meio gordo, embalagem de 1litro",,0.86,0.86,1000,L,€/L,,,https://driveimg1.intermarche.com/pt/Content/images/boitmal/produit/zoom/6FB52C843F677BD37D399D45BB10B38B.jpg,https://driveimg1.intermarche.com/pt/Content/images/boitmal/produit/zoom/AE810093A08CEBD60415DCC626CF5804.jpg,https://driveimg1.intermarche.com/pt/Content/images/boitmal/produit/zoom/A0562293538F541B1B99592AA046327B.jpg,,,,2025-01-22T23:59:59.999999999Z,PROSPECTUS,11,1
13914,2891225000000,350.0,Frango,Perna com Costa,1 un. = 300 g (aprox.),0.8,2.29,0,,€/Kg,,,https://driveimg1.intermarche.com/pt/Content/images/boitmal/produit/zoom/D1297D1CD095629263E582A65B4C3857.jpg,,,,,,2025-01-22T23:59:59.999999999Z,PROSPECTUS,11,1
1427,5601255322128,1000.0,Caçarola,"Arroz agulha, embalagem de 1 kg",,1.35,1.35,0,kg,€/Kg,,,https://driveimg1.intermarche.com/pt/Content/images/boitmal/produit/zoom/5909BD82C9A83624AB1295F48ED2D005.jpg,,,,,,2025-01-22T23:59:59.999999999Z,PROSPECTUS,11,1
1322,5601163011114,5400.0,Luso,"Água sem gás, garrafa de 5,4 l",,1.77,0.33,5400,L,€/L,,,https://driveimg1.intermarche.com/pt/Content/images/boitmal/produit/zoom/AA9320932FF184911C32006B7463EC74.jpg,,,,,,2025-01-22T23:59:59.999999999Z,PROSPECTUS,11,1
12819,3600522023883,400.0,Elvive,Champô total repair,Embalagem de 400 ml,3.99,9.98,400,L,€/L,,,https://driveimg1.intermarche.com/pt/Content/images/boitmal/produit/zoom/EA7D6E07CD09475944FC0B7344377C93.jpg,,,,,,2025-01-22T23:59:59.999999999Z,PROSPECTUS,11,1
2740,8410063016627,400.0,Pescanova,"4 filetes de pescada panados com limão, embalagem de 400g",,4.65,11.63,0,kg,€/Kg,,Tipo de stockagem,https://driveimg1.intermarche.com/pt/Content/images/boitmal/produit/zoom/793D04BEFB15F5DF82BA7896A4F9F018.jpg,,,,,,2025-01-22T23:59:59.999999999Z,PROSPECTUS,11,1
43620,2696665000000,350.0,Padaria,Pão Escuro de Rio Maior,1 unidade= 350 g,1.09,3.11,0,kg,€/Kg,,,https://driveimg1.intermarche.com/pt/Content/images/boitmal/produit/zoom/1DEE250EF533441ED634EA027418C71A.jpg,,,,,,2025-01-22T23:59:59.999999999Z,PROSPECTUS,11,1
16608,8712561521437,700.0,Cif,"Creme abrasivo limão, de 700 ml",,2.69,3.84,700,L,€/L,,,https://driveimg1.intermarche.com/pt/Content/images/boitmal/produit/zoom/734448B6276EB5C2CFFCEBF5E628AF6D.jpg,,,,,,2025-01-22T23:59:59.999999999Z,PROSPECTUS,11,1
17920,5602417101575,5000.0,Courelas d'Alqueva,Vinho bag-in-box tinto,Garrafa de 5 l,6.49,1.3,5000,L,€/L,,,https://driveimg1.intermarche.com/pt/Content/images/boitmal/produit/zoom/50F27F2A3BA8F2DFBF7A0B52395D8EDC.jpg,,,,,,2025-01-22T23:59:59.999999999Z,PROSPECTUS,11,1
483,3033710046645,400.0,Nestlé,"Fruta para bebé maçã manga +6 meses, embalagem de 4 x 100g",,2.09,5.23,0,kg,€/Kg,,,https://driveimg1.intermarche.com/pt/Content/images/boitmal/produit/zoom/B957252E4468B4428B54FDF0DEC950C2.jpg,,,,,,2025-01-22T23:59:59.999999999Z,PROSPECTUS,11,1
17887,8410104447526,210.0,Air Wick,"Ambientador vela duo exotic baunilha, embalagem de 2x105g",,4.89,23.29,0,kg,€/Kg,,,https://driveimg1.intermarche.com/pt/Content/images/boitmal/produit/zoom/7D7AB5FDCDCE7BE1F7187AA9236F42F9.jpg,,,,,,2025-01-22T23:59:59.999999999Z,PROSPECTUS,11,1
10095,8435257040899,640.0,Nestlé,"Iogurte líquido yoggi morango, embalagem de 4 x 160g",,1.99,3.11,0,kg,€/Kg,,,https://driveimg1.intermarche.com/pt/Content/images/boitmal/produit/zoom/BCBB1C4518CDF8045B46EB41CD173E54.jpg,,,,,,2025-01-22T23:59:59.999999999Z,PROSPECTUS,11,1
18045,8714789637389,,Colgate,"Escova de dentes max white média, 1 + 1 unidades",,3.99,3.99,1,,€/Unidade,,,https://driveimg1.intermarche.com/pt/Content/images/boitmal/produit/zoom/DA81305E47872C0D2A8BC35B8CC9CB97.jpg,,,,,,2025-01-22T23:59:59.999999999Z,PROSPECTUS,11,1
31516,8435257039107,1280.0,Nestlé,"Yoggi liquido morango, embalagem de 8x160g",,3.89,3.04,0,kg,€/Kg,,,https://driveimg1.intermarche.com/pt/Content/images/boitmal/produit/zoom/919C3780A665F064AD1803A3631A5911.jpg,,,,,,2025-01-22T23:59:59.999999999Z,PROSPECTUS,11,1
19931,7613033737046,60.0,Felix,"Snack para gato mixed grill, 60 g",,1.49,24.83,0,kg,€/Kg,,,https://driveimg1.intermarche.com/pt/Content/images/boitmal/produit/zoom/7E2E1FECDD478BE6A1632C053BCB03FD.jpg,,,,,,2025-01-22T23:59:59.999999999Z,PROSPECTUS,11,1
251,2696001000000,400.0,Padaria,Baguete,400 g,0.79,1.98,0,kg,€/Kg,,,https://driveimg1.intermarche.com/pt/Content/images/boitmal/produit/zoom/42C2E126B9E5B84C243F0668DEC3869F.jpg,,,,,,2025-01-22T23:59:59.999999999Z,PROSPECTUS,11,1
35147,5604260282920,3000.0,Selecção de Enófilos,Vinho branco regional alentejano,Bag-in-box de 3 litros,4.85,1.62,3000,L,€/L,,,https://driveimg1.intermarche.com/pt/Content/images/boitmal/produit/zoom/83F5A8EE913F62A4CECF537776BF250E.jpg,,,,,,2025-01-22T23:59:59.999999999Z,PROSPECTUS,11,1
36727,5604260294404,1000.0,PorSi,Arroz basmati,Embalagem de 1 kg,1.99,1.99,0,kg,€/Kg,,,https://driveimg1.intermarche.com/pt/Content/images/boitmal/produit/zoom/4276C26236BCA3B8F3F002AEBC9361B0.jpg,,,,,,2025-01-22T23:59:59.999999999Z,PROSPECTUS,11,1
13865,2891042000000,1000.0,Porco,Costeletas do Cachaço,Vendido ao peso a partir de 1 kg,4.98,4.98,0,,€/Kg,,,https://driveimg1.intermarche.com/pt/Content/images/boitmal/produit/zoom/D0D96FA697CD7DF7D0B353E0ED0B1193.jpg,,,,,,2025-01-22T23:59:59.999999999Z,PROSPECTUS,11,1
13866,2891048000000,1000.0,Porco,Bifanas,Vendido ao peso a partir de 1 kg,3.75,3.75,0,,€/Kg,,,https://driveimg1.intermarche.com/pt/Content/images/boitmal/produit/zoom/72DE0DA6B485199AC995C629E3E4D279.jpg,,,,,,2025-01-22T23:59:59.999999999Z,PROSPECTUS,11,1
37745,5604260301874,540.0,PorSi,Grão de bico,Frasco com 540 g,0.85,1.57,0,kg,€/Kg,,,https://driveimg1.intermarche.com/pt/Content/images/boitmal/produit/zoom/ABBBFB42757051E49B0E75B4C2EB061F.jpg,,,,,,2025-01-22T23:59:59.999999999Z,PROSPECTUS,11,1
36774,5604260300686,640.0,PorSi,"Iogurte liquido stracciatella,  4 x 160 g",,1.28,2.0,0,kg,€/Kg,,,https://driveimg1.intermarche.com/pt/Content/images/boitmal/produit/zoom/6CC82B08FFB7D4379F1B37DDDE2A4AE9.jpg,,,,,,2025-01-22T23:59:59.999999999Z,PROSPECTUS,11,1
1188,5601119007970,200.0,Nobre,"Salsichas de porco, lata de 200g",,1.39,6.95,0,kg,€/Kg,,,https://driveimg1.intermarche.com/pt/Content/images/boitmal/produit/zoom/F480FC52D56464F3C1B867155F4A37B9.jpg,,,,,,2025-01-22T23:59:59.999999999Z,PROSPECTUS,11,1
12887,2892089000000,500.0,Fruta,Manga Barco,1 un = 500 gr (aprox.),1.35,2.69,0,,€/Kg,,,https://driveimg1.intermarche.com/pt/Content/images/boitmal/produit/zoom/7DE73DFAB226CDE947BB89C61333D3FE.jpg,,,,,,2025-01-22T23:59:59.999999999Z,PROSPECTUS,11,1
13839,2891006000000,800.0,Novilho,Bife da Pá,Vendido ao peso a partir de 800 g,8.38,10.48,0,,€/Kg,,,https://driveimg1.intermarche.com/pt/Content/images/boitmal/produit/zoom/5626B1315F40E59D057B37FBCA18064B.jpg,,,,,,2025-01-22T23:59:59.999999999Z,PROSPECTUS,11,1
13894,2891044000000,1000.0,Porco,Entremeada sem Entrecosto,Vendido ao peso a partir de 1 kg,4.88,4.88,0,,€/Kg,,,https://driveimg1.intermarche.com/pt/Content/images/boitmal/produit/zoom/033DDCE7C7F9A9CD99F0A4BEB2F74462.jpg,,,,,,2025-01-22T23:59:59.999999999Z,PROSPECTUS,11,1
36505,5604260294732,1000.0,PorSi,Óleo de girassol,garrafa de 1 litro,1.5,1.5,1000,L,€/L,,,https://driveimg1.intermarche.com/pt/Content/images/boitmal/produit/zoom/7244D65CAED49A0848F5F70ACCADCC80.jpg,,,,,,2025-01-22T23:59:59.999999999Z,PROSPECTUS,11,1
42853,5604260307289,640.0,PorSi Viva Bem,"Iogurte liquido sem lactose morango e banana,  4 x 160 g",,1.49,2.33,0,kg,€/Kg,,,https://driveimg1.intermarche.com/pt/Content/images/boitmal/produit/zoom/DCB1F8E775A48415D7D8ECF5EAAFB690.jpg,https://driveimg1.intermarche.com/pt/Content/images/boitmal/produit/zoom/3FAE6F6D66D931FA15B9CA64E344E3AA.jpg,https://driveimg1.intermarche.com/pt/Content/images/boitmal/produit/zoom/3FAE6F6D66D931FA15B9CA64E344E3AA.jpg,https://driveimg1.intermarche.com/pt/Content/images/boitmal/produit/zoom/3FAE6F6D66D931FA15B9CA64E344E3AA.jpg,https://driveimg1.intermarche.com/pt/Content/images/boitmal/produit/zoom/3FAE6F6D66D931FA15B9CA64E344E3AA.jpg,https://driveimg1.intermarche.com/pt/Content/images/boitmal/produit/zoom/3FAE6F6D66D931FA15B9CA64E344E3AA.jpg,2025-01-22T23:59:59.999999999Z,PROSPECTUS,11,1
13813,2892489000000,250.0,Legumes,Batata Doce,1 un = 250 gr  (aprox.),0.31,1.25,0,,€/Kg,,,https://driveimg1.intermarche.com/pt/Content/images/boitmal/produit/zoom/B0785A3D8A1A6773EB1FB43B119AC4D9.jpg,,,,,,2025-01-22T23:59:59.999999999Z,PROSPECTUS,11,1
29613,5604260283538,1000.0,PorSi Viva Bem,Bebida de Aveia,1 l,0.99,0.99,1000,L,€/L,,,https://driveimg1.intermarche.com/pt/Content/images/boitmal/produit/zoom/1EE40BC1DA49C5CE3D084214B1D3D3B9.jpg,,,,,,2025-01-22T23:59:59.999999999Z,PROSPECTUS,11,1
41640,5604260301737,540.0,PorSi,Feijão encarnado em frasco,frasco de 540 g,0.85,1.57,0,kg,€/Kg,,,https://driveimg1.intermarche.com/pt/Content/images/boitmal/produit/zoom/C91F959C8FD02C2055DD0A1A4950A458.jpg,,,,,,2025-01-22T23:59:59.999999999Z,PROSPECTUS,11,1
48032,5603722507861,800.0,Mimosa,"Leite meio gordo sem lactose, pack 4 x 200 ml",,1.77,2.21,800,L,€/L,,,https://driveimg1.intermarche.com/pt/Content/images/boitmal/produit/zoom/78E61BD493498EC75AD19730CB05899D.jpg,,,,,,2025-01-22T23:59:59.999999999Z,PROSPECTUS,11,1
1270,5601151023150,500.0,Compal,"Polpa de tomate com cebola e alho, embalagem de 500g",,1.39,2.78,0,kg,€/Kg,,,https://driveimg1.intermarche.com/pt/Content/images/boitmal/produit/zoom/195ABA90C0C8B2FE1D9EE0202B59D28C.jpg,,,,,,2025-01-22T23:59:59.999999999Z,PROSPECTUS,11,1
1293,5601151398104,630.0,Compal,"Pack de 3 embalagens de polpa de tomate, embalagem de 630g",,1.49,2.37,0,kg,€/Kg,,,https://driveimg1.intermarche.com/pt/Content/images/boitmal/produit/zoom/BC7D38B0892D2B72B99AEECF05E81523.jpg,,,,,,2025-01-22T23:59:59.999999999Z,PROSPECTUS,11,1
1465,5601286234773,250.0,Milaneza,"Massa de letras, embalagem de 250g",,0.62,2.48,0,kg,€/Kg,,,https://driveimg1.intermarche.com/pt/Content/images/boitmal/produit/zoom/93F4FB7CE3C81A4CA398AFB1F88C82DD.jpg,,,,,,2025-01-22T23:59:59.999999999Z,PROSPECTUS,11,1
19447,5604260278473,640.0,PorSi,"Iogurte líquido de frutos vermelhos,  4 x 160 g",,1.29,2.02,0,kg,€/Kg,,,https://driveimg1.intermarche.com/pt/Content/images/boitmal/produit/zoom/E5E8E165201F83E6573606F360D4FBE1.jpg,,,,,,2025-01-22T23:59:59.999999999Z,PROSPECTUS,11,1
25397,8426617014032,90.0,Haribo,"Gomas favoritos açúcar, 90g",,1.04,11.56,0,kg,€/Kg,,,https://driveimg1.intermarche.com/pt/Content/images/boitmal/produit/zoom/1EFF4668A730EBFA293CBDB88FDD711E.jpg,,,,,,2025-01-22T23:59:59.999999999Z,PROSPECTUS,11,1
25808,8426617002510,100.0,Haribo,"Gomas ositos de oro, embalagem de 100g",,1.04,10.4,0,kg,€/Kg,,,https://driveimg1.intermarche.com/pt/Content/images/boitmal/produit/zoom/D707EDE7A37DA83FE8A19E7DC6FBE016.jpg,,,,,,2025-01-22T23:59:59.999999999Z,PROSPECTUS,11,1
2779,8410180108038,185.0,Artiach,Bolachas infantil dinossauros,Embalagem de 190g,1.69,9.14,0,kg,€/Kg,,,https://driveimg1.intermarche.com/pt/Content/images/boitmal/produit/zoom/93FFBED3F451AE6676EBADF170E0F9AC.jpg,,,,,,2025-01-22T23:59:59.999999999Z,PROSPECTUS,11,1
28608,5604260282821,160.0,PorSi,"Iogurte Líquido Frutos Tropicais, 4 x 160g",,1.28,8.0,0,kg,€/Kg,,,https://driveimg1.intermarche.com/pt/Content/images/boitmal/produit/zoom/98DAB469B1CF7CBC9019272104A0FF20.jpg,,,,,,2025-01-22T23:59:59.999999999Z,PROSPECTUS,11,1
36263,5601027973060,480.0,Bimbo,Pão de forma integral,Embalagem de 480 g,1.89,3.94,0,kg,€/Kg,,,https://driveimg1.intermarche.com/pt/Content/images/boitmal/produit/zoom/34F016B3F162809D8E0423F1C3245DFD.jpg,,,,,,2025-01-22T23:59:59.999999999Z,PROSPECTUS,11,1
36926,5604260296729,200.0,PorSi,Queijo flamengo ralado,Embalagem de 200G,1.45,7.25,0,kg,€/Kg,,,https://driveimg1.intermarche.com/pt/Content/images/boitmal/produit/zoom/5080AD1409B4B037F190A3A1EC05EA5E.jpg,,,,,,2025-01-22T23:59:59.999999999Z,PROSPECTUS,11,1
41129,5604260303762,200.0,PorSi,"8 salsichas aves, embalagem de 200g",,1.09,5.45,0,kg,€/Kg,,,https://driveimg1.intermarche.com/pt/Content/images/boitmal/produit/zoom/9EA05D92F833661969A8EB1078BF37A5.jpg,,,,,,2025-01-22T23:59:59.999999999Z,PROSPECTUS,11,1
42193,5604260310623,400.0,PorSi Viva Bem,Flocos de aveia,Embalagem de 400g,0.72,1.8,0,kg,€/Kg,,,https://driveimg1.intermarche.com/pt/Content/images/boitmal/produit/zoom/B2EFA7CFC0405B2D23802C53BF8F07E7.jpg,,,,,,2025-01-22T23:59:59.999999999Z,PROSPECTUS,11,1
47020,5604260318339,150.0,PorSi Viva Bem,"Iogurte natural skyr 0%, 150 g",,0.65,4.33,0,kg,€/Kg,,,https://driveimg1.intermarche.com/pt/Content/images/boitmal/produit/zoom/14D108A9466D4928554A5008915C4E37.jpg,,,,,,2025-01-22T23:59:59.999999999Z,PROSPECTUS,11,1
48297,5604260320721,200.0,PorSi Viva Bem,Queijo flamengo fatias light,Embalagem de 200g,2.14,10.7,0,kg,€/Kg,,,https://driveimg1.intermarche.com/pt/Content/images/boitmal/produit/zoom/70AA2E56EA03F7DEC7BCFB6E81C245ED.jpg,,,,,,2025-01-22T23:59:59.999999999Z,PROSPECTUS,11,1
49622,5604260323197,800.0,PorSi,Sopa de Agrião,800 g,2.49,3.11,0,kg,€/Kg,,,https://driveimg1.intermarche.com/pt/Content/images/boitmal/produit/zoom/4085BBAFBD74C088C8D8DFDF12A0C201.jpg,,,,,,2025-01-22T23:59:59.999999999Z,PROSPECTUS,11,1
989,5601029004014,120.0,Bom Petisco,"Atum posta em óleo, embalagem de 120g",,1.18,9.83,0,kg,€/Kg,,,https://driveimg1.intermarche.com/pt/Content/images/boitmal/produit/zoom/0EDE399096BE62933DCF2A734D746C1A.jpg,,,,,,2025-01-22T23:59:59.999999999Z,PROSPECTUS,11,1
11641,5601180001020,1000.0,Vigor,Leite pasteurizado meio gordo,Garrafa de 1 l,0.98,0.98,1000,L,€/L,,,https://driveimg1.intermarche.com/pt/Content/images/boitmal/produit/zoom/C25BCB5001E1A92DAA543A65EC5B2802.jpg,,,,,,2025-01-22T23:59:59.999999999Z,PROSPECTUS,11,1
11961,5603722505607,1000.0,Mimosa,"Leite sem lactose meio gordo, de 1l",,1.14,1.14,1000,L,€/L,,,https://driveimg1.intermarche.com/pt/Content/images/boitmal/produit/zoom/A98ED8A0E5E675A3AC1A551BCE75B0AB.jpg,https://driveimg1.intermarche.com/pt/Content/images/boitmal/produit/zoom/4E57BFE09E8D859BDBE1705476BB9F1B.jpg,https://driveimg1.intermarche.com/pt/Content/images/boitmal/produit/zoom/E1F70144AAFCC0EAEBFF05614177D009.jpg,,,,2025-01-22T23:59:59.999999999Z,PROSPECTUS,11,1
1307,5601151962152,1000.0,Compal,"Polpa de tomate, embalagem de 1 kg",,2.09,2.09,0,kg,€/Kg,,,https://driveimg1.intermarche.com/pt/Content/images/boitmal/produit/zoom/7F25D2B47A4922FBF9D4F475FD193D2F.jpg,,,,,,2025-01-22T23:59:59.999999999Z,PROSPECTUS,11,1
13126,2893105000000,600.0,Peixaria,Dourada de Viveiro,de 600 a 800g,4.37,7.29,0,,€/Kg,,,https://driveimg1.intermarche.com/pt/Content/images/boitmal/produit/zoom/6E8A33BF89ACC347EAD33BE9A6FF5B5C.jpg,,,,,,2025-01-22T23:59:59.999999999Z,PROSPECTUS,11,1
13852,2891020000000,100.0,Novilho,Fígado,1 un = 100 gr (aprox.),0.55,5.49,0,,€/Kg,,,https://driveimg1.intermarche.com/pt/Content/images/boitmal/produit/zoom/7F21D014BF856223502CE366D77F0F5C.jpg,,,,,,2025-01-22T23:59:59.999999999Z,PROSPECTUS,11,1
13892,2891041000000,1000.0,Porco,Costeletas do Lombo,Vendido ao peso a partir de 1 kg,4.49,4.49,0,,€/Kg,,,https://driveimg1.intermarche.com/pt/Content/images/boitmal/produit/zoom/589E4AFE71E19AF7FEB32FB0C0E176FF.jpg,,,,,,2025-01-22T23:59:59.999999999Z,PROSPECTUS,11,1
13915,2891249000000,2000.0,Peru,Perna com Osso,Vendido ao peso,7.9,3.95,0,,€/Kg,,,https://driveimg1.intermarche.com/pt/Content/images/boitmal/produit/zoom/EA6C55F440DB29FDE55EB019973B1FE5.jpg,,,,,,2025-01-22T23:59:59.999999999Z,PROSPECTUS,11,1
14879,2696313000000,,Pastelaria,Croissant Brioche 85 g,,0.59,0.59,0,,€/Unidade,,,https://driveimg1.intermarche.com/pt/Content/images/boitmal/produit/zoom/53A872BBC45BBDDAC9749CC51F8CB1EC.jpg,,,,,,2025-01-22T23:59:59.999999999Z,PROSPECTUS,11,1
16593,2696081000000,60.0,Padaria,Carcaça Forno de Pedra,1 un = 60 gr (aprox.),0.29,4.83,0,kg,€/Kg,,,https://driveimg1.intermarche.com/pt/Content/images/boitmal/produit/zoom/9ACBFD9AFE6222DA83AEB13A9FD53964.jpg,,,,,,2025-01-22T23:59:59.999999999Z,PROSPECTUS,11,1
17150,8436048440416,120.0,Artiach,"Bolacha infantil dinossaurus mini chocolate, 120g",,1.49,12.42,0,kg,€/Kg,,,https://driveimg1.intermarche.com/pt/Content/images/boitmal/produit/zoom/CC8423CB8DDD3F032D5216356FFB1237.jpg,,,,,,2025-01-22T23:59:59.999999999Z,PROSPECTUS,11,1
18083,5601008200017,258.0,Vieira,Bolacha digestive aveia 258g,,1.79,6.94,0,kg,€/Kg,,,https://driveimg1.intermarche.com/pt/Content/images/boitmal/produit/zoom/74BF051807707504BF4C099005DC7DC3.jpg,,,,,,2025-01-22T23:59:59.999999999Z,PROSPECTUS,11,1
1847,5604260301683,540.0,PorSi,Feijão branco,Embalagem de 540g,0.85,1.57,0,kg,€/Kg,,,https://driveimg1.intermarche.com/pt/Content/images/boitmal/produit/zoom/65F3549F5DD8B5CB836B8FAB01DCCC43.jpg,,,,,,2025-01-22T23:59:59.999999999Z,PROSPECTUS,11,1
2082,5604260193684,1000.0,PorSi,Néctar light de manga/laranja prism,Embalagem de 1 l,0.99,0.99,1000,L,€/L,,,https://driveimg1.intermarche.com/pt/Content/images/boitmal/produit/zoom/83DE932D275A10A77BD1B0996587BA04.jpg,,,,,,2025-01-22T23:59:59.999999999Z,PROSPECTUS,11,1
2204,5604260265060,800.0,PorSi,Posta pescada-do-cabo nº 5 para cozer,Embalagem de 800 g,5.99,7.49,0,kg,€/Kg,,Tipo de stockagem,https://driveimg1.intermarche.com/pt/Content/images/boitmal/produit/zoom/2199C930F5A2CBBFAA405A6AAAD026E2.jpg,,,,,,2025-01-22T23:59:59.999999999Z,PROSPECTUS,11,1
2255,5604260267903,500.0,PorSi,"Massa fettuccine, embalagem de 500g",,1.29,2.58,0,kg,€/Kg,,,https://driveimg1.intermarche.com/pt/Content/images/boitmal/produit/zoom/18407BCA8571F0FADB3A4F41B971F2FA.jpg,,,,,,2025-01-22T23:59:59.999999999Z,PROSPECTUS,11,1
24920,5604260281848,500.0,PorSi,Massas alimentícias laços,Embalagem de 500g,1.09,2.18,0,kg,€/Kg,,,https://driveimg1.intermarche.com/pt/Content/images/boitmal/produit/zoom/C1693538ACC0B37B44EA7A19996490A3.jpg,,,,,,2025-01-22T23:59:59.999999999Z,PROSPECTUS,11,1
25814,8426617003432,75.0,Haribo,"Gomas spaghetti pica morango, 80g",,1.04,13.87,0,kg,€/Kg,,,https://driveimg1.intermarche.com/pt/Content/images/boitmal/produit/zoom/ECC50F272383CBD21A151AB497C2D431.jpg,,,,,,2025-01-22T23:59:59.999999999Z,PROSPECTUS,11,1
26091,7613036115575,550.0,Nestlé,Cereais estrelitas,Embalagem de 550g,2.49,4.53,0,kg,€/Kg,,,https://driveimg1.intermarche.com/pt/Content/images/boitmal/produit/zoom/90505B63FB20AF187537F3B46DDB9B86.jpg,,,,,,2025-01-22T23:59:59.999999999Z,PROSPECTUS,11,1
28607,5604260278442,640.0,PorSi,"Iogurte líquido morango/banana,  4 x 160 g",,1.28,2.0,0,kg,€/Kg,,,https://driveimg1.intermarche.com/pt/Content/images/boitmal/produit/zoom/447BBD3B74588222DD6837C3B2BE4D8D.jpg,,,,,,2025-01-22T23:59:59.999999999Z,PROSPECTUS,11,1
31433,5604321027040,200.0,Cemporcento,"Bolachas marinheiras naturais, embalagem de 200g",,1.99,9.95,0,kg,€/Kg,,,https://driveimg1.intermarche.com/pt/Content/images/boitmal/produit/zoom/FF489A385613596F2A9FFE4BEBF4FC13.jpg,,,,,,2025-01-22T23:59:59.999999999Z,PROSPECTUS,11,1
32408,5601050034967,600.0,Danone,"Danacol aveia, embalagem de 6 x 100g",,2.99,4.98,0,kg,€/Kg,,,https://driveimg1.intermarche.com/pt/Content/images/boitmal/produit/zoom/5CE656F263120C59B9C0953B21D516B7.jpg,,,,,,2025-01-22T23:59:59.999999999Z,PROSPECTUS,11,1
3526,2894034000000,150.0,Nobre,Fiambre da Perna Extra,1 un = 150 gr (aprox.),2.25,14.99,0,,€/Kg,,,https://driveimg1.intermarche.com/pt/Content/images/boitmal/produit/zoom/C76D05EF052819EDC79567520AD2D260.jpg,,,,,,2025-01-22T23:59:59.999999999Z,PROSPECTUS,11,1
35749,5603722509667,800.0,Mimosa,"Leite bem essencial chocolate , embalagem de 4 x 200 ml",,1.69,2.11,800,L,€/L,,,https://driveimg1.intermarche.com/pt/Content/images/boitmal/produit/zoom/66BA85F80F98E7331B63BC3D4684C6AC.jpg,,,,,,2025-01-22T23:59:59.999999999Z,PROSPECTUS,11,1
37744,5604260301805,540.0,PorSi,Feijão manteiga,Frasco com 540 g,0.85,1.57,0,kg,€/Kg,,,https://driveimg1.intermarche.com/pt/Content/images/boitmal/produit/zoom/B9B74EE9D5F4C86738772A5B6758433E.jpg,,,,,,2025-01-22T23:59:59.999999999Z,PROSPECTUS,11,1
38148,5603722519123,1000.0,Milhafre,Leite de Pastagem Biológico Meio Gordo,1 litro,1.09,1.09,1000,L,€/L,,Produtos Bio,https://driveimg1.intermarche.com/pt/Content/images/boitmal/produit/zoom/DCB3EAE989BC2DDA8E3D76C140D59BA5.jpg,,,,,,2025-01-22T23:59:59.999999999Z,PROSPECTUS,11,1
40544,5604260302031,1000.0,PorSi,Néctar de laranja e cenoura light,Embalagem de 1 litro,1.29,1.29,1000,L,€/L,,,https://driveimg1.intermarche.com/pt/Content/images/boitmal/produit/zoom/90AD6663D670ADD8591F162E05082447.jpg,,,,,,2025-01-22T23:59:59.999999999Z,PROSPECTUS,11,1
42240,5000396041392,199.0,McVities,"Bolacha digestiva chocolate negro, embalagem de 200g",,1.99,10.0,0,kg,€/Kg,,,https://driveimg1.intermarche.com/pt/Content/images/boitmal/produit/zoom/44933B55AD24092BA19041B105948178.jpg,,,,,,2025-01-22T23:59:59.999999999Z,PROSPECTUS,11,1
438,8722700140139,20.0,Lipton,"20 saquetas infusão de cidreira, embalagem de 20g",,1.49,74.5,0,kg,€/Kg,,,https://driveimg1.intermarche.com/pt/Content/images/boitmal/produit/zoom/75772B648D442A3C0BB5D4E8A4601B76.jpg,,,,,,2025-01-22T23:59:59.999999999Z,PROSPECTUS,11,1
45675,5604260311620,130.0,PorSi Bio,Tortitas arroz bio,Embalagem de 130g,1.29,9.92,0,kg,€/Kg,,Produtos Bio,https://driveimg1.intermarche.com/pt/Content/images/boitmal/produit/zoom/7D4E57EB607C957038F66E2D353FFB30.jpg,,,,,,2025-01-22T23:59:59.999999999Z,PROSPECTUS,11,1
46601,5604260316649,185.0,PorSi,Bolachas shortcake cacau,Embalagem de 185 g,1.19,6.43,0,kg,€/Kg,,,https://driveimg1.intermarche.com/pt/Content/images/boitmal/produit/zoom/6086A47CC217B67152043206F28BBA83.jpg,,,,,,2025-01-22T23:59:59.999999999Z,PROSPECTUS,11,1
49460,7613287300362,99.0,Nescafé,Café Buondi Intensidade 8,16 cápsulas,4.99,50.4,0,kg,€/Kg,,,https://driveimg1.intermarche.com/pt/Content/images/boitmal/produit/zoom/E4BCDB4A1998B45DA9767B093A961A1E.jpg,,,,,,2025-01-22T23:59:59.999999999Z,PROSPECTUS,11,1
49545,2706799000000,1100.0,PorSi,Frango aberto para churrasco,Embalagem com 1.1 kg (aprox.),3.83,3.48,0,,€/Kg,,,https://driveimg1.intermarche.com/pt/Content/images/boitmal/produit/zoom/60684C48E5570F56CA28A1727B0F160B.jpg,,,,,,2025-01-22T23:59:59.999999999Z,PROSPECTUS,11,1
49623,5604260320561,800.0,PorSi,Sopa de Legumes,800 g,2.49,3.11,0,kg,€/Kg,,,https://driveimg1.intermarche.com/pt/Content/images/boitmal/produit/zoom/FF3B6724D3B5C254550A716F73EB1264.jpg,,,,,,2025-01-22T23:59:59.999999999Z,PROSPECTUS,11,1
50378,7613031300655,375.0,Nestlé,"Cereais Nestlé Multicheerios, 375g",,3.74,9.97,0,kg,€/Kg,,,https://driveimg1.intermarche.com/pt/Content/images/boitmal/produit/zoom/8274ECF7D20252BA262D6F0987D5E737.jpg,,,,,,2025-01-22T23:59:59.999999999Z,PROSPECTUS,11,1
50393,5411188136613,1000.0,Alpro,"Bebida de aveia not milk clássica vegan, de 1 l",,1.99,1.99,1000,L,€/L,,,https://driveimg1.intermarche.com/pt/Content/images/boitmal/produit/zoom/6821B4EC371AD517DBE48650010725D9.jpg,,,,,,2025-01-22T23:59:59.999999999Z,PROSPECTUS,11,1
51302,5600961159158,65.0,Prozis,"Barra proteica de amendoim, embalagem de 65g",,1.49,22.92,0,kg,€/Kg,,,https://driveimg1.intermarche.com/pt/Content/images/boitmal/produit/zoom/54B4B59AFCBA57F6B07530E795E0CA56.jpg,,,,,,2025-01-22T23:59:59.999999999Z,PROSPECTUS,11,1
52831,5411188139386,750.0,Alpro,"Bebida soja alto teor proteína, 750 ml",,1.59,2.12,750,L,€/L,,,https://driveimg1.intermarche.com/pt/Content/images/boitmal/produit/zoom/49ADB141EE7D3ED699ADC3A17F20F163.jpg,,,,,,2025-01-22T23:59:59.999999999Z,PROSPECTUS,11,1
52880,8719200267794,450.0,Becel,"Creme vegetal de barrar com sabor a manteiga, 450g",,2.99,6.64,0,kg,€/Kg,,,https://driveimg1.intermarche.com/pt/Content/images/boitmal/produit/zoom/E2EFE8BE5E96AF9FCA9D840059BF696C.jpg,https://driveimg1.intermarche.com/pt/Content/images/boitmal/produit/zoom/287D301C66C180312FAA8A3BAE7EA710.jpg,https://driveimg1.intermarche.com/pt/Content/images/boitmal/produit/zoom/287D301C66C180312FAA8A3BAE7EA710.jpg,https://driveimg1.intermarche.com/pt/Content/images/boitmal/produit/zoom/287D301C66C180312FAA8A3BAE7EA710.jpg,,,2025-01-22T23:59:59.999999999Z,PROSPECTUS,11,1
53232,8445290759207,600.0,Nesquik,"Achocolatado em Pó, 600g",,4.65,7.75,0,kg,€/Kg,,,https://driveimg1.intermarche.com/pt/Content/images/boitmal/produit/zoom/8142D9ABDD247C983EB9286F596F2E87.jpg,https://driveimg1.intermarche.com/pt/Content/images/boitmal/produit/zoom/1E8F61743B1B3F44416834AAF4EBE584.jpg,https://driveimg1.intermarche.com/pt/Content/images/boitmal/produit/zoom/1E8F61743B1B3F44416834AAF4EBE584.jpg,https://driveimg1.intermarche.com/pt/Content/images/boitmal/produit/zoom/1E8F61743B1B3F44416834AAF4EBE584.jpg,,,2025-01-22T23:59:59.999999999Z,PROSPECTUS,11,1
544,3228881083326,30.0,Lipton,"20 saquetas chá noite tranquila, embalagem de 30g",,2.09,69.67,0,kg,€/Kg,,,https://driveimg1.intermarche.com/pt/Content/images/boitmal/produit/zoom/918429936BF1A7F518EA4E4A9580CA69.jpg,,,,,,2025-01-22T23:59:59.999999999Z,PROSPECTUS,11,1
8222,5411188553304,1000.0,Alpro,"Bebida de soja com cálcio, embalagem de 1 l",,1.69,1.69,1000,L,€/L,,,https://driveimg1.intermarche.com/pt/Content/images/boitmal/produit/zoom/E93FBC9C48DDB0A312E01AACFB10CDEE.jpg,,,,,,2025-01-22T23:59:59.999999999Z,PROSPECTUS,11,1
9315,5603722509544,1000.0,Mimosa,"Leite 0% lactose magro, de 1l",,1.14,1.14,1000,L,€/L,,,https://driveimg1.intermarche.com/pt/Content/images/boitmal/produit/zoom/0350D0DE44A653A9AB01722B06443E94.jpg,https://driveimg1.intermarche.com/pt/Content/images/boitmal/produit/zoom/DC5219EC1E15E09529E323B7D196FADA.jpg,https://driveimg1.intermarche.com/pt/Content/images/boitmal/produit/zoom/DC48BFFA4281D8016E9FB40168ED4485.jpg,,,,2025-01-22T23:59:59.999999999Z,PROSPECTUS,11,1
1009,5601038300077,80.0,Knorr,"Caldo de galinha 8 cubos, embalagem de 80g",,1.49,18.63,0,kg,€/Kg,,,https://driveimg1.intermarche.com/pt/Content/images/boitmal/produit/zoom/CFDBB6C1885F48FB7941F504CD886192.jpg,,,,,,2025-01-22T23:59:59.999999999Z,PROSPECTUS,11,1
10091,8410100059839,360.0,Nestlé,"Queijinho petit nesquik, embalagem de 6 x 60g",,2.79,7.75,0,kg,€/Kg,,,https://driveimg1.intermarche.com/pt/Content/images/boitmal/produit/zoom/88B248C453A669F7E350B1DDEC2F3C33.jpg,,,,,,2025-01-22T23:59:59.999999999Z,PROSPECTUS,11,1
1010,5601038300091,240.0,Knorr,"Caldo de galinha 24 cubos, embalagem de 240g",,2.49,10.38,0,kg,€/Kg,,,https://driveimg1.intermarche.com/pt/Content/images/boitmal/produit/zoom/4E25834255892D5C9C1047A286FE9847.jpg,,,,,,2025-01-22T23:59:59.999999999Z,PROSPECTUS,11,1
10509,8435250297955,256.0,Nestlé,"Iogurte mix in smarties baunilha, embalagem de 2 x 128 g",,1.99,7.77,0,kg,€/Kg,,,https://driveimg1.intermarche.com/pt/Content/images/boitmal/produit/zoom/5355941DC0922592DB9EDB46788FEE19.jpg,,,,,,2025-01-22T23:59:59.999999999Z,PROSPECTUS,11,1
10858,3023290400111,400.0,Nestlé,"Sobremesa banana/laranja/bolacha, de 4 x 100 g",,1.99,4.98,0,kg,€/Kg,,,https://driveimg1.intermarche.com/pt/Content/images/boitmal/produit/zoom/AA7F3DC46AC09289F6D53195CFF3F502.jpg,,,,,,2025-01-22T23:59:59.999999999Z,PROSPECTUS,11,1
11403,5411188100324,500.0,Alpro,"Yofu com pedaços de mirtilo, embalagem de 4x125g",,2.54,5.08,0,kg,€/Kg,,,https://driveimg1.intermarche.com/pt/Content/images/boitmal/produit/zoom/959AD6E1E1A4574CF66E1AABCA7D1047.jpg,,,,,,2025-01-22T23:59:59.999999999Z,PROSPECTUS,11,1
11471,5601029004076,120.0,Bom Petisco,Atum posta ao natural,Embalagem de 120 g,1.29,10.75,0,kg,€/Kg,,,https://driveimg1.intermarche.com/pt/Content/images/boitmal/produit/zoom/D148E1488041C84EB0524ADACAE78B3A.jpg,,,,,,2025-01-22T23:59:59.999999999Z,PROSPECTUS,11,1
11585,5601151540817,600.0,Compal,"Néctar tutti fruti, pack 3 x 200 ml",,1.27,2.12,600,L,€/L,,,https://driveimg1.intermarche.com/pt/Content/images/boitmal/produit/zoom/E9C042C28F6E0C8FC94CAE675AF583BD.jpg,,,,,,2025-01-22T23:59:59.999999999Z,PROSPECTUS,11,1
1189,5601119007987,250.0,Nobre,"Salsichas de porco, lata de 250g",,1.67,6.68,0,kg,€/Kg,,,https://driveimg1.intermarche.com/pt/Content/images/boitmal/produit/zoom/0B023C2ECBDBE7AB09A89A8810925D65.jpg,,,,,,2025-01-22T23:59:59.999999999Z,PROSPECTUS,11,1
1191,5601119009660,180.0,Nobre,"Mini salsichas cocktail, lata de 180g",,1.79,9.94,0,kg,€/Kg,,,https://driveimg1.intermarche.com/pt/Content/images/boitmal/produit/zoom/FEBC979069AC159E9B8E5F8DD02E763D.jpg,,,,,,2025-01-22T23:59:59.999999999Z,PROSPECTUS,11,1
