identifier,produitEan13,capacite,marque,libelle,conditionnement,prix,unitPrice,volume,typeProduit_uniteByCode,unit_value,pictogrammes_0,pictogrammes_libelleCategorie,images_0,images_1,images_2,avantages_dateFin,avantages_categorie,nro_paginas,page,images_3,images_4,images_5,images_6,images_7
1480,5601314000073,9000.0,Vitalis,"Água mineral sem gás, pack 6 x 1.5 l",,2.69,0.3,9000,L,€/L,,,https://driveimg1.intermarche.com/pt/Content/images/boitmal/produit/zoom/DA3E69EB6FBF3CE3F3256CE592DB9A52.jpg,,,2025-02-26T23:59:59.999999999Z,PROSPECTUS,13,1,,,,,
11688,5601244202318,200.0,Terra Nostra,"Queijo flamengo em fatias, embalagem de 200g",,2.05,10.25,0,kg,€/Kg,,,https://driveimg1.intermarche.com/pt/Content/images/boitmal/produit/zoom/3C8EE0938E0D052FB03D54FC94FFA0EF.jpg,,,2025-02-26T23:59:59.999999999Z,PROSPECTUS,13,1,,,,,
12994,2892524000000,100.0,Legumes,Cenoura Granel,1 un = 100 gr (aprox.),0.09,0.89,0,,€/Kg,,,https://driveimg1.intermarche.com/pt/Content/images/boitmal/produit/zoom/5AEDEF3ED6ABEF24EACEE9C46AA7916F.jpg,,,2025-02-26T23:59:59.999999999Z,PROSPECTUS,13,1,,,,,
19414,5601028024716,,Renova,"Papel Higiénico Puríssimo 3 Folhas, embalagem c/ 12 rolos",,4.99,4.99,0,,€/Unidade,,,https://driveimg1.intermarche.com/pt/Content/images/boitmal/produit/zoom/6371FB49C9F37CFE36AA4E28DFBAAFF4.jpg,,,2025-02-26T23:59:59.999999999Z,PROSPECTUS,13,1,,,,,
24415,8410436299961,1300.0,Sonasol,"Lava tudo lavanda, 1,3l",,2.09,1.61,1300,L,€/L,,,https://driveimg1.intermarche.com/pt/Content/images/boitmal/produit/zoom/7357FEB6EC6D53B795AF0EA5889F5ADF.jpg,,,2025-02-26T23:59:59.999999999Z,PROSPECTUS,13,1,,,,,
9111,5601989001412,750.0,Monte Velho,"Vinho regional alentejano tinto, garrafa de 0.75 l",,3.49,4.65,750,L,€/L,,,https://driveimg1.intermarche.com/pt/Content/images/boitmal/produit/zoom/5313E203A06105D1BF7A5AD8308AD864.jpg,,,2025-03-05T23:59:59.999999999Z,PROSPECTUS,13,1,,,,,
25542,7613035378681,115.0,Purina One,Snack de higiene oral diária para cão médio,Embalagem de 115 g,1.79,15.57,0,kg,€/Kg,,,https://driveimg1.intermarche.com/pt/Content/images/boitmal/produit/zoom/CC61BC096B4044BD95549C5F6B38B6BE.jpg,,,2025-02-26T23:59:59.999999999Z,PROSPECTUS,13,1,,,,,
21767,7613035487871,90.0,Nestlé,"Fruta para bebé multifrutas +4 meses, embalagem de 90g",,0.67,7.44,0,kg,€/Kg,,,https://driveimg1.intermarche.com/pt/Content/images/boitmal/produit/zoom/1B1A7DCEC52C23E2760C4FE3A24A75EE.jpg,,,2025-02-26T23:59:59.999999999Z,PROSPECTUS,13,1,,,,,
16492,8718951037847,500.0,Ajax,"Limpa vidros pistola, tripla acção, embalagem de 500 ml",,1.97,3.94,500,L,€/L,,,https://driveimg1.intermarche.com/pt/Content/images/boitmal/produit/zoom/835152AD536CA633AE488A10E244161F.jpg,,,2025-02-26T23:59:59.999999999Z,PROSPECTUS,13,1,,,,,
5246,5601151540886,600.0,Compal,"Néctar pêra, pack 3 x 200 ml",,1.35,2.25,600,L,€/L,,,https://driveimg1.intermarche.com/pt/Content/images/boitmal/produit/zoom/D6B34834645718035C7DBFF284A80A1D.jpg,,,2025-02-26T23:59:59.999999999Z,PROSPECTUS,13,1,,,,,
8399,5601050033809,620.0,Danone,"Iogurte activia líquido morango, embalagem de 4 x 155 g",,1.99,3.21,0,kg,€/Kg,,,https://driveimg1.intermarche.com/pt/Content/images/boitmal/produit/zoom/D308B1FB4C89B3E5388CD017CB0E1529.jpg,,,2025-02-26T23:59:59.999999999Z,PROSPECTUS,13,1,,,,,
29356,8718951202856,500.0,Palmolive,"Gel de banho natural leite e mel, 500 ml",,2.69,5.38,500,L,€/L,,,https://driveimg1.intermarche.com/pt/Content/images/boitmal/produit/zoom/6CB5E843C7A08E2ECE1293E08A53478D.jpg,,,2025-02-26T23:59:59.999999999Z,PROSPECTUS,13,1,,,,,
47110,7613287218766,110.0,Nestlé,Bolsitas de puré de multifrutas,Embalagem de 110g,0.73,6.64,0,kg,€/Kg,,,https://driveimg1.intermarche.com/pt/Content/images/boitmal/produit/zoom/3A0DC006BA90FE4ED51AF00C38870697.jpg,,,2025-02-26T23:59:59.999999999Z,PROSPECTUS,13,1,,,,,
44916,8711327480438,440.0,Magnum,"Gelado double gold caramel billionaire, embalagem de 440 ml",,3.99,9.07,440,L,€/L,,Tipo de stockagem,https://driveimg1.intermarche.com/pt/Content/images/boitmal/produit/zoom/7C07DC9914F4DA381F8A8A6ECD5557A3.jpg,,,2025-02-26T23:59:59.999999999Z,PROSPECTUS,13,1,,,,,
25375,5601050033441,620.0,Danone,"Activia líquido manga e papaia, embalagem de 4 x 155g",,1.99,3.21,0,kg,€/Kg,,,https://driveimg1.intermarche.com/pt/Content/images/boitmal/produit/zoom/69B1DCCC9C05220260C5D2E9F924831A.jpg,,,2025-02-26T23:59:59.999999999Z,PROSPECTUS,13,1,,,,,
15943,7613034096593,60.0,Felix,"Snack para gato chezzy, 60g",,1.49,24.83,0,kg,€/Kg,,,https://driveimg1.intermarche.com/pt/Content/images/boitmal/produit/zoom/C19CF0D792DF8707E6BCF2F0AA71B408.jpg,,,2025-02-26T23:59:59.999999999Z,PROSPECTUS,13,1,,,,,
12997,2892527000000,300.0,Legumes,Courgette Categoria II,,0.51,1.69,0,,€/Kg,,,https://driveimg1.intermarche.com/pt/Content/images/boitmal/produit/zoom/323B806C0CB557ED0F5B2CB32A998FDE.jpg,,,2025-02-26T23:59:59.999999999Z,PROSPECTUS,13,1,,,,,
13865,2891042000000,1000.0,Porco,Costeletas do Cachaço,Vendido ao peso a partir de 1 kg,4.99,4.99,0,,€/Kg,,,https://driveimg1.intermarche.com/pt/Content/images/boitmal/produit/zoom/D0D96FA697CD7DF7D0B353E0ED0B1193.jpg,,,2025-02-26T23:59:59.999999999Z,PROSPECTUS,13,1,,,,,
13866,2891048000000,1000.0,Porco,Bifanas,Vendido ao peso a partir de 1 kg,3.99,3.99,0,,€/Kg,,,https://driveimg1.intermarche.com/pt/Content/images/boitmal/produit/zoom/72DE0DA6B485199AC995C629E3E4D279.jpg,,,2025-02-26T23:59:59.999999999Z,PROSPECTUS,13,1,,,,,
13897,2891053000000,1000.0,Porco,Lombo sem Osso,Vendido ao peso a partir de 1 kg,3.99,3.99,0,,€/Kg,,,https://driveimg1.intermarche.com/pt/Content/images/boitmal/produit/zoom/415564DA70574ED3C1D7475F1F28BDB6.jpg,,,2025-02-26T23:59:59.999999999Z,PROSPECTUS,13,1,,,,,
13914,2891225000000,350.0,Frango,Perna com Costa,1 un. = 300 g (aprox.),0.8,2.29,0,,€/Kg,,,https://driveimg1.intermarche.com/pt/Content/images/boitmal/produit/zoom/D1297D1CD095629263E582A65B4C3857.jpg,,,2025-02-26T23:59:59.999999999Z,PROSPECTUS,13,1,,,,,
12718,5604260297023,230.0,PorSi,Massa Folhada Margarina,Embalagem de 230 g,0.99,4.3,0,kg,€/Kg,,,https://driveimg1.intermarche.com/pt/Content/images/boitmal/produit/zoom/6C1FA409E5C8134DE9FAB02BCA4DC1FA.jpg,,,2025-02-26T23:59:59.999999999Z,PROSPECTUS,13,1,,,,,
37515,5604260294367,1000.0,PorSi,Arroz agulha Europa,Embalagem de 1 kg,1.25,1.25,0,kg,€/Kg,,,https://driveimg1.intermarche.com/pt/Content/images/boitmal/produit/zoom/3AE7BF941A236F6D331254BF58EBAFEF.jpg,,,2025-02-26T23:59:59.999999999Z,PROSPECTUS,13,1,,,,,
42625,5604260309832,1000.0,PorSi,Farinha de trigo sem fermento t55,Embalagem de 1 kg,0.69,0.69,0,kg,€/Kg,,,https://driveimg1.intermarche.com/pt/Content/images/boitmal/produit/zoom/74FC7F0933607300D0949AC38277ECBA.jpg,,,2025-02-26T23:59:59.999999999Z,PROSPECTUS,13,1,,,,,
10175,8410375110211,300.0,Bonduelle,Milho tenro e doce,Embalagem de 300 g,1.74,5.8,0,kg,€/Kg,,,https://driveimg1.intermarche.com/pt/Content/images/boitmal/produit/zoom/7DBD23167EE67669947EBE9FBBED55C3.jpg,,,2025-02-26T23:59:59.999999999Z,PROSPECTUS,13,1,,,,,
20101,5601010131231,120.0,Ramirez,"Atum em azeite, embalagem de 120g",,1.54,12.83,0,kg,€/Kg,,,https://driveimg1.intermarche.com/pt/Content/images/boitmal/produit/zoom/4E16DC667779622705519F8CE1EA40F5.jpg,,,2025-02-26T23:59:59.999999999Z,PROSPECTUS,13,1,,,,,
2588,7622300270469,150.0,Milka,"Bolachas de chocolate leite, embalagem de 150g",,2.24,14.93,0,kg,€/Kg,,,https://driveimg1.intermarche.com/pt/Content/images/boitmal/produit/zoom/D3835F95E7726A33CA160A344F067F5A.jpg,,,2025-02-26T23:59:59.999999999Z,PROSPECTUS,13,1,,,,,
34239,5604260285495,1500.0,PorSi,Pera rocha categoria II Programa Origens,Embalagem de 1.5 kg,2.49,1.66,0,kg,€/Kg,,,https://driveimg1.intermarche.com/pt/Content/images/boitmal/produit/zoom/F6E3096BF97BB2633EACD15A32FEACF7.jpg,https://driveimg1.intermarche.com/pt/Content/images/boitmal/produit/zoom/11ABC193A8AF1413E11E1849F00D2775.jpg,,2025-02-26T23:59:59.999999999Z,PROSPECTUS,13,1,,,,,
41129,5604260303762,200.0,PorSi,"8 salsichas aves, embalagem de 200g",,1.09,5.45,0,kg,€/Kg,,,https://driveimg1.intermarche.com/pt/Content/images/boitmal/produit/zoom/9EA05D92F833661969A8EB1078BF37A5.jpg,,,2025-02-26T23:59:59.999999999Z,PROSPECTUS,13,1,,,,,
44956,2696878000000,,Padaria,Bola de mistura centeio Baviera,90 g,0.2,0.2,0,,€/Unidade,,,https://driveimg1.intermarche.com/pt/Content/images/boitmal/produit/zoom/09DB4B39AC0AAE5D11E868A906EFB364.jpg,,,2025-02-26T23:59:59.999999999Z,PROSPECTUS,13,1,,,,,
8391,5601049159992,1000.0,Mimosa,"Leite especial cálcio + vitamina d magro, de 1l",,0.98,0.98,1000,L,€/L,,,https://driveimg1.intermarche.com/pt/Content/images/boitmal/produit/zoom/22E6964D6A2F2B922BCB40BB341AE902.jpg,,,2025-02-26T23:59:59.999999999Z,PROSPECTUS,13,1,,,,,
9293,5603722493942,250.0,Primor,Manteiga pasteurizada com sal cuvet,Embalagem de 250g,2.14,8.56,0,kg,€/Kg,,,https://driveimg1.intermarche.com/pt/Content/images/boitmal/produit/zoom/F3F4D9FDF2A69DC31DE35D801759C2EE.jpg,,,2025-02-26T23:59:59.999999999Z,PROSPECTUS,13,1,,,,,
11464,5601018003400,1000.0,Matinal,"Leite seleccionado meio gordo, de 1l",,0.99,0.99,1000,L,€/L,,,https://driveimg1.intermarche.com/pt/Content/images/boitmal/produit/zoom/5F34056BF2D07C9D39E218B31081D1FC.jpg,,,2025-02-26T23:59:59.999999999Z,PROSPECTUS,13,1,,,,,
1437,5601260046101,1000.0,Saludães,Arroz Carolino,Embalagem de 1 kg,1.39,1.39,0,kg,€/Kg,,,https://driveimg1.intermarche.com/pt/Content/images/boitmal/produit/zoom/844734F94E64C7EE2E76F0FC068B9A4B.jpg,,,2025-02-26T23:59:59.999999999Z,PROSPECTUS,13,1,,,,,
14847,2892476000000,100.0,Programa Origens,Alho Seco,Vendido a partir de 100 gr,0.57,5.69,0,,€/Kg,,,https://driveimg1.intermarche.com/pt/Content/images/boitmal/produit/zoom/CFA3B1E723D71FB9BFAE5D5B250C3BB3.jpg,,,2025-02-26T23:59:59.999999999Z,PROSPECTUS,13,1,,,,,
17149,8436048440393,120.0,Artiach,"Bolacha infantil dinossaurus mini cereais, 120g",,1.49,12.42,0,kg,€/Kg,,,https://driveimg1.intermarche.com/pt/Content/images/boitmal/produit/zoom/1EC8AB1211C60614115937E5C17820A9.jpg,,,2025-02-26T23:59:59.999999999Z,PROSPECTUS,13,1,,,,,
21766,7613035487840,90.0,Nestlé,Fruta para bebé banana laranja bolacha +6 meses,Embalagem de 90g,0.67,7.44,0,kg,€/Kg,,,https://driveimg1.intermarche.com/pt/Content/images/boitmal/produit/zoom/A8104E7B3738DD14CEF192706B16EFC4.jpg,,,2025-02-26T23:59:59.999999999Z,PROSPECTUS,13,1,,,,,
2610,7622300786687,184.0,Milka,Bolachas cookies choco xl,Embalagem de 180g,2.59,14.08,0,kg,€/Kg,,,https://driveimg1.intermarche.com/pt/Content/images/boitmal/produit/zoom/D3E5ABE6161C1B56E7BE6787BAC3C256.jpg,,,2025-02-26T23:59:59.999999999Z,PROSPECTUS,13,1,,,,,
31327,5601286260444,500.0,Milaneza,"Esparguete integral com aveia, embalagem de 500g",,1.29,2.58,0,kg,€/Kg,,,https://driveimg1.intermarche.com/pt/Content/images/boitmal/produit/zoom/C7C1B707BDFB668F7CFB6D27DE2D8BF6.jpg,,,2025-02-26T23:59:59.999999999Z,PROSPECTUS,13,1,,,,,
36170,5604260295654,1000.0,PorSi,Batata pré-frita palito,Embalagem de 1 kg,1.99,1.99,0,kg,€/Kg,,Tipo de stockagem,https://driveimg1.intermarche.com/pt/Content/images/boitmal/produit/zoom/CF4C3E7B4CE8656CEB5876B96DD4C997.jpg,,,2025-02-26T23:59:59.999999999Z,PROSPECTUS,13,1,,,,,
42785,5604260310074,250.0,PorSi Select,Queijo manchego D.O.P,Embalagem de 250g,4.99,19.96,0,kg,€/Kg,,,https://driveimg1.intermarche.com/pt/Content/images/boitmal/produit/zoom/B883B24D8849BAD51A50E353865A0840.jpg,,,2025-03-05T23:59:59.999999999Z,PROSPECTUS,13,1,,,,,
43335,5604260309023,150.0,PorSi Select,Presunto 12 meses fatiado,Embalagem de 150g,3.69,24.6,0,kg,€/Kg,,,https://driveimg1.intermarche.com/pt/Content/images/boitmal/produit/zoom/13A8C5BB3E295978FBA7F7AF1315C7F7.jpg,,,2025-03-05T23:59:59.999999999Z,PROSPECTUS,13,1,,,,,
44059,5601363012683,160.0,LayS,"Batata frita lisas originais, embalagem de 160g",,1.59,9.94,0,kg,€/Kg,,,https://driveimg1.intermarche.com/pt/Content/images/boitmal/produit/zoom/D6B617CBD0A985504B50100E928DB47C.jpg,,,2025-02-26T23:59:59.999999999Z,PROSPECTUS,13,1,,,,,
52164,5604260328505,1050.0,PorSi,Polpa de Tomate Tetra,Embalagem de 1050g,1.99,1.9,0,kg,€/Kg,,,https://driveimg1.intermarche.com/pt/Content/images/boitmal/produit/zoom/1BEE8FE796772FFF7D13A8A9DE5E3423.jpg,,,2025-02-26T23:59:59.999999999Z,PROSPECTUS,13,1,,,,,
52603,5604260328628,120.0,PorSi,"6 salsichas tipo frankfurt, 120 g",,0.79,6.58,0,kg,€/Kg,,,https://driveimg1.intermarche.com/pt/Content/images/boitmal/produit/zoom/811C87520E2C93C5E045A2F997D09B94.jpg,,,2025-02-26T23:59:59.999999999Z,PROSPECTUS,13,1,,,,,
8538,5601119957213,120.0,Campofrio,"Peito frango forno lenha fatias finas, embalagem de 120g",,2.19,18.25,0,kg,€/Kg,,,https://driveimg1.intermarche.com/pt/Content/images/boitmal/produit/zoom/73C7285F6ACF8A124F339DF62D4EEA07.jpg,,,2025-02-26T23:59:59.999999999Z,PROSPECTUS,13,1,,,,,
9113,5601989001566,750.0,Monte Velho,"Vinho branco alentejo, garrafa de 750 ml",,3.49,4.65,750,L,€/L,,,https://driveimg1.intermarche.com/pt/Content/images/boitmal/produit/zoom/7B25882D8E40FB5175386823B109A8BD.jpg,,,2025-03-05T23:59:59.999999999Z,PROSPECTUS,13,1,,,,,
9989,8000430133035,125.0,Galbani,"Queijo mozzarella fresca, embalagem de 125 g",,1.69,13.52,0,kg,€/Kg,,,https://driveimg1.intermarche.com/pt/Content/images/boitmal/produit/zoom/2D2F42EC9092F570E0A5C16679F885D7.jpg,,,2025-02-26T23:59:59.999999999Z,PROSPECTUS,13,1,,,,,
1012,5601043111026,1000.0,Branca de neve,"Farinha para bolos super fina, embalagem de 1 kg",,1.79,1.79,0,kg,€/Kg,,,https://driveimg1.intermarche.com/pt/Content/images/boitmal/produit/zoom/2C1F82D915B4FA8DB609B4607A05BC7E.jpg,,,2025-02-26T23:59:59.999999999Z,PROSPECTUS,13,1,,,,,
10823,2895063000000,250.0,Castelões,Queijo Curado kg,1 un = 250 gr  (aprox.),2.5,9.99,0,,€/Kg,,,https://driveimg1.intermarche.com/pt/Content/images/boitmal/produit/zoom/75B6363D9B6BD363EA11623977BF1CB2.jpg,,,2025-03-05T23:59:59.999999999Z,PROSPECTUS,13,1,,,,,
10842,2895207000000,250.0,Santiago,Queijo 3 Igrejas Cura 2m Pimentão,Vendido ao peso a partir de 250 gr,3.0,11.99,0,,€/Kg,,,https://driveimg1.intermarche.com/pt/Content/images/boitmal/produit/zoom/2F11F4EC63EB49EF2522FB61028743A0.jpg,,,2025-03-05T23:59:59.999999999Z,PROSPECTUS,13,1,,,,,
11523,5601051410029,250.0,Primor,"Manteiga com sal, 250g",,2.09,8.36,0,kg,€/Kg,,,https://driveimg1.intermarche.com/pt/Content/images/boitmal/produit/zoom/6515E45A6FB2F6024F4DECB68FB265B3.jpg,,,2025-02-26T23:59:59.999999999Z,PROSPECTUS,13,1,,,,,
11524,5601051420028,250.0,Primor,Manteiga sem sal,Embalagem de 250g,2.09,8.36,0,kg,€/Kg,,,https://driveimg1.intermarche.com/pt/Content/images/boitmal/produit/zoom/0C41B270FBA7B622E759FBA7E3B6B1CD.jpg,,,2025-02-26T23:59:59.999999999Z,PROSPECTUS,13,1,,,,,
1163,5601089080614,22.0,Boca Doce,"Pudim de caramelo, embalagem de 20g",,0.59,26.82,0,kg,€/Kg,,,https://driveimg1.intermarche.com/pt/Content/images/boitmal/produit/zoom/34EB1A099CEE3EF6C482D806F9827AA2.jpg,,,2025-02-26T23:59:59.999999999Z,PROSPECTUS,13,1,,,,,
1165,5601089080638,22.0,Boca Doce,"Pudim morango, 20g",,0.59,26.82,0,kg,€/Kg,,,https://driveimg1.intermarche.com/pt/Content/images/boitmal/produit/zoom/78CB288101A8756B40CE3BFF92039481.jpg,,,2025-02-26T23:59:59.999999999Z,PROSPECTUS,13,1,,,,,
11894,5602527028335,130.0,Palhais,"Queijo de cabra com azeite e oregãos, 130 g",,2.99,23.0,0,kg,€/Kg,,,https://driveimg1.intermarche.com/pt/Content/images/boitmal/produit/zoom/8CEA4708DABC083A4827327E27C8BFB3.jpg,,,2025-03-05T23:59:59.999999999Z,PROSPECTUS,13,1,,,,,
12230,7613034192264,250.0,Cerelac,Papa infantil para preparar com leite +6 meses,Embalagem de 250g,1.84,7.36,0,kg,€/Kg,,,https://driveimg1.intermarche.com/pt/Content/images/boitmal/produit/zoom/71A50A4D3564A93E8A6CF702B1916C84.jpg,,,2025-02-26T23:59:59.999999999Z,PROSPECTUS,13,1,,,,,
1302,5601151700754,845.0,Compal,"Grão de bico, lata de 850g",,1.74,2.06,0,kg,€/Kg,,,https://driveimg1.intermarche.com/pt/Content/images/boitmal/produit/zoom/DA244D258ED9A9EF750825CAFFB70E24.jpg,,,2025-02-26T23:59:59.999999999Z,PROSPECTUS,13,1,,,,,
13892,2891041000000,1000.0,Porco,Costeletas do Lombo,Vendido ao peso a partir de 1 kg,3.99,3.99,0,,€/Kg,,,https://driveimg1.intermarche.com/pt/Content/images/boitmal/produit/zoom/589E4AFE71E19AF7FEB32FB0C0E176FF.jpg,,,2025-02-26T23:59:59.999999999Z,PROSPECTUS,13,1,,,,,
14698,7613034570512,90.0,Nestlé,"Fruta para bebé 4 frutas +4 meses, embalagem de 90g",,0.67,7.44,0,kg,€/Kg,,,https://driveimg1.intermarche.com/pt/Content/images/boitmal/produit/zoom/3717C2AF583A80AD83A765BB8032F767.jpg,,,2025-02-26T23:59:59.999999999Z,PROSPECTUS,13,1,,,,,
14858,2696002000000,250.0,PorSi,Baguete,250 g,0.44,1.76,0,kg,€/Kg,,,https://driveimg1.intermarche.com/pt/Content/images/boitmal/produit/zoom/E4FC9EECB7B8225F27BCA96C630D54A7.jpg,,,2025-02-26T23:59:59.999999999Z,PROSPECTUS,13,1,,,,,
14865,2696212000000,,Pastelaria,Folhado Misto 90 g,,0.69,0.69,0,,€/Unidade,,,https://driveimg1.intermarche.com/pt/Content/images/boitmal/produit/zoom/164C27A781A7C68A965295D85BB7D95F.jpg,,,2025-02-26T23:59:59.999999999Z,PROSPECTUS,13,1,,,,,
15027,2892227000000,140.0,Fruta,Maçã Royal Gala,1 un = 140 gr (aprox.),0.19,1.39,0,,€/Kg,,,https://driveimg1.intermarche.com/pt/Content/images/boitmal/produit/zoom/7E1EADDC44BABCBED3CC49D2A4165E58.jpg,,,2025-02-26T23:59:59.999999999Z,PROSPECTUS,13,1,,,,,
15052,2892600000000,200.0,Legumes,Tomate Alongado,1 un = 200 gr (aprox.),0.34,1.69,0,,€/Kg,,,https://driveimg1.intermarche.com/pt/Content/images/boitmal/produit/zoom/38D21D4EBC59DA4208AABB9D11AF0901.jpg,,,2025-02-26T23:59:59.999999999Z,PROSPECTUS,13,1,,,,,
17150,8436048440416,120.0,Artiach,"Bolacha infantil dinossaurus mini chocolate, 120g",,1.49,12.42,0,kg,€/Kg,,,https://driveimg1.intermarche.com/pt/Content/images/boitmal/produit/zoom/CC8423CB8DDD3F032D5216356FFB1237.jpg,,,2025-02-26T23:59:59.999999999Z,PROSPECTUS,13,1,,,,,
18325,5601008100119,200.0,Vieira,"Bolacha cream cracker, embalagem de 200g",,0.99,4.95,0,kg,€/Kg,,,https://driveimg1.intermarche.com/pt/Content/images/boitmal/produit/zoom/8B50B80FABB9C6F7EC6C88214E09B189.jpg,,,2025-02-26T23:59:59.999999999Z,PROSPECTUS,13,1,,,,,
18619,5014328054756,32.0,Tetley,Chá de frutos vermelhos,Embalagem de 30g,1.84,57.5,0,kg,€/Kg,,,https://driveimg1.intermarche.com/pt/Content/images/boitmal/produit/zoom/03305900AD56E77C8397A8E7D50DBFBD.jpg,,,2025-02-26T23:59:59.999999999Z,PROSPECTUS,13,1,,,,,
19607,7613035376625,90.0,Nestlé,Fruta para bebé maçã banana aveia +6 meses,Embalagem de 90g,0.67,7.44,0,kg,€/Kg,,,https://driveimg1.intermarche.com/pt/Content/images/boitmal/produit/zoom/63EF160EDC28D2A349A30B7555DC57D7.jpg,,,2025-02-26T23:59:59.999999999Z,PROSPECTUS,13,1,,,,,
25214,7613035930551,90.0,Nestlé,"Fruta para bebé maçã banana morango +8 meses, embalagem de 90g",,0.67,7.44,0,kg,€/Kg,,,https://driveimg1.intermarche.com/pt/Content/images/boitmal/produit/zoom/A2E1B043C34553B91FFED35123D220EC.jpg,,,2025-02-26T23:59:59.999999999Z,PROSPECTUS,13,1,,,,,
26047,8412600070994,650.0,Bimbo,Pão de forma s/ côdea,Embalagem de 650 g,2.14,3.29,0,kg,€/Kg,,,https://driveimg1.intermarche.com/pt/Content/images/boitmal/produit/zoom/29A6957961BACB180F45AAA47CD1FB78.jpg,,,2025-02-26T23:59:59.999999999Z,PROSPECTUS,13,1,,,,,
26091,7613036115575,550.0,Nestlé,Cereais estrelitas,Embalagem de 550g,2.49,4.53,0,kg,€/Kg,,,https://driveimg1.intermarche.com/pt/Content/images/boitmal/produit/zoom/90505B63FB20AF187537F3B46DDB9B86.jpg,,,2025-02-26T23:59:59.999999999Z,PROSPECTUS,13,1,,,,,
31326,5601286260437,500.0,Milaneza,"Macarrão integral com aveia, 500g",,1.29,2.58,0,kg,€/Kg,,,https://driveimg1.intermarche.com/pt/Content/images/boitmal/produit/zoom/212FB83AC9C0B84676450D6A6F562CFF.jpg,,,2025-02-26T23:59:59.999999999Z,PROSPECTUS,13,1,,,,,
36712,5604260294879,200.0,PorSi,"Queijo gouda fatias, 200 g",,1.69,8.45,0,kg,€/Kg,,,https://driveimg1.intermarche.com/pt/Content/images/boitmal/produit/zoom/DA95A9507FFD36014042570F7367B99A.jpg,,,2025-02-26T23:59:59.999999999Z,PROSPECTUS,13,1,,,,,
38417,5411188124689,1000.0,Alpro,"Bebida aveia sem açúcar, embalagem de 1l",,1.99,1.99,1000,L,€/L,,,https://driveimg1.intermarche.com/pt/Content/images/boitmal/produit/zoom/242D83F75D71A1E8390A9D4AC652F0B9.jpg,,,2025-02-26T23:59:59.999999999Z,PROSPECTUS,13,1,,,,,
41298,5601050036541,440.0,Danone,"Iogurte oikos natural,  4 x 110g",,2.49,5.66,0,kg,€/Kg,,,https://driveimg1.intermarche.com/pt/Content/images/boitmal/produit/zoom/100CC1C1966D7A85865BF44E424F358B.jpg,,,2025-02-26T23:59:59.999999999Z,PROSPECTUS,13,1,,,,,
41439,5604260305803,70.0,PorSi Select,"Paio do lombo de porco preto, 70 g",,4.49,64.14,0,kg,€/Kg,,,https://driveimg1.intermarche.com/pt/Content/images/boitmal/produit/zoom/FC4D8B8993BE3FCCF3CEE9D4E3E7FC70.jpg,,,2025-03-05T23:59:59.999999999Z,PROSPECTUS,13,1,,,,,
41822,7613039868300,270.0,Nestlé,Cereais estrelitas,Embalagem de 270 g,2.09,7.74,0,kg,€/Kg,,,https://driveimg1.intermarche.com/pt/Content/images/boitmal/produit/zoom/8ED5B2AE951DD00B9C8D9B0148834738.jpg,,,2025-02-26T23:59:59.999999999Z,PROSPECTUS,13,1,,,,,
42143,5604260303854,1000.0,PorSi,"Polpa de tomate, 1 kg",,1.89,1.89,0,kg,€/Kg,,,https://driveimg1.intermarche.com/pt/Content/images/boitmal/produit/zoom/5C6D0BDD08334C8A912AFC708375CFDC.jpg,,,2025-02-26T23:59:59.999999999Z,PROSPECTUS,13,1,,,,,
42257,5604260308026,1500.0,PorSi,"Gel ativo com lixívia, embalagem de 1.5 l",,1.29,0.86,1500,L,€/L,,,https://driveimg1.intermarche.com/pt/Content/images/boitmal/produit/zoom/899BCDEC5E97E4EBBB105D02275610A5.jpg,,,2025-02-26T23:59:59.999999999Z,PROSPECTUS,13,1,,,,,
42511,5604260308217,100.0,PorSi,Bloco wc multitat pinhao,Pack de 2 x 50 g,1.64,16.4,0,kg,€/Kg,,,https://driveimg1.intermarche.com/pt/Content/images/boitmal/produit/zoom/10FB0F5B056FDB8B3E4A8A57A579C3A1.jpg,,,2025-02-26T23:59:59.999999999Z,PROSPECTUS,13,1,,,,,
43119,5411188121374,250.0,Alpro,"Creme soja cozinha, 250 ml",,1.39,5.56,250,L,€/L,,,https://driveimg1.intermarche.com/pt/Content/images/boitmal/produit/zoom/596BD7E2601FA9A818BD571593FBC40F.jpg,,,2025-02-26T23:59:59.999999999Z,PROSPECTUS,13,1,,,,,
43976,5604260313594,300.0,PorSi,Gomas beijinhos,Embalagem de 300 g,1.79,5.97,0,kg,€/Kg,,,https://driveimg1.intermarche.com/pt/Content/images/boitmal/produit/zoom/A76CB38AD71BF052F0DC2360871310B1.jpg,,,2025-02-26T23:59:59.999999999Z,PROSPECTUS,13,1,,,,,
43979,5604260313587,300.0,PorSi,Gomas tubarões,Embalagem de 300 g,1.89,6.3,0,kg,€/Kg,,,https://driveimg1.intermarche.com/pt/Content/images/boitmal/produit/zoom/E41CF5FAA7809C84D2F7F60F535CC844.jpg,,,2025-02-26T23:59:59.999999999Z,PROSPECTUS,13,1,,,,,
43981,5604260313563,300.0,PorSi,Gomas ovinhos,Embalagem de 300 g,1.85,6.17,0,kg,€/Kg,,,https://driveimg1.intermarche.com/pt/Content/images/boitmal/produit/zoom/1D1A1E244E30E76779D68C6B2C1368E1.jpg,,,2025-02-26T23:59:59.999999999Z,PROSPECTUS,13,1,,,,,
44234,8710522854815,257.0,Calvé,"Mostarda top down, embalagem de 257g",,1.68,6.54,0,kg,€/Kg,,,https://driveimg1.intermarche.com/pt/Content/images/boitmal/produit/zoom/63AC7BC5BB2C7D5CE58B458BE855CC4A.jpg,,,2025-02-26T23:59:59.999999999Z,PROSPECTUS,13,1,,,,,
46216,5603722519925,480.0,Mimosa,"Iogurte batido magro com mirtilos sem lactose, 4 x 120 g",,1.99,4.15,0,kg,€/Kg,,,https://driveimg1.intermarche.com/pt/Content/images/boitmal/produit/zoom/6208D58EB4ADB7DBE2D23DC13048F924.jpg,,,2025-02-26T23:59:59.999999999Z,PROSPECTUS,13,1,,,,,
48146,5604260321247,200.0,PorSi,Presunto serrano 9 meses,Embalagem de 200g,3.49,17.45,0,kg,€/Kg,,,https://driveimg1.intermarche.com/pt/Content/images/boitmal/produit/zoom/E90673337D5C01B580C68FB0F4081802.jpg,,,2025-03-05T23:59:59.999999999Z,PROSPECTUS,13,1,,,,,
48426,4005900845702,50.0,Nivea Men,"Desodorizante roll on cool kick, 50 ml",,2.69,53.8,50,L,€/L,,,https://driveimg1.intermarche.com/pt/Content/images/boitmal/produit/zoom/9A906FA410C547B80F0C3BC1C3C86CB6.jpg,,,2025-02-26T23:59:59.999999999Z,PROSPECTUS,13,1,,,,,
50658,7622201724443,150.0,Philadelphia,Queijo creme philadelphia light 150g,,1.79,11.93,0,kg,€/Kg,,,https://driveimg1.intermarche.com/pt/Content/images/boitmal/produit/zoom/2DD778879532B85FD01E090668131D6C.jpg,,,2025-02-26T23:59:59.999999999Z,PROSPECTUS,13,1,,,,,
5093,5601050033755,620.0,Danone,"Iogurte activia líquido 0% morango/kiwi, embalagem de 4 x 155 g",,1.99,3.21,0,kg,€/Kg,,,https://driveimg1.intermarche.com/pt/Content/images/boitmal/produit/zoom/29B41AE598716D0550D815AA0FE86025.jpg,,,2025-02-26T23:59:59.999999999Z,PROSPECTUS,13,1,,,,,
52546,6920354835667,75.0,Colgate,Pasta de Dentes Total Carvão,Embalagem de 75ml,2.99,39.87,75,L,€/L,,,https://driveimg1.intermarche.com/pt/Content/images/boitmal/produit/zoom/12111573D7C2DED547064A13A703DEE4.jpg,,,2025-02-26T23:59:59.999999999Z,PROSPECTUS,13,1,,,,,
52883,8719200267824,1000.0,Planta,"Creme vegetal para barrar original, 1 kg",,4.99,4.99,0,kg,€/Kg,,,https://driveimg1.intermarche.com/pt/Content/images/boitmal/produit/zoom/936FEB2670E44E85562B9564D40B3E6A.jpg,https://driveimg1.intermarche.com/pt/Content/images/boitmal/produit/zoom/CBB4812E883E0A943660F7C5BD667E18.jpg,https://driveimg1.intermarche.com/pt/Content/images/boitmal/produit/zoom/CBB4812E883E0A943660F7C5BD667E18.jpg,2025-02-26T23:59:59.999999999Z,PROSPECTUS,13,1,,,,,
53942,5603722523298,1000.0,Matinal,"Bebida de leite sem lactose livre, 1l",,1.25,1.25,1000,L,€/L,,,https://driveimg1.intermarche.com/pt/Content/images/boitmal/produit/zoom/3F3F185EBF624903AC3031EAC11A6631.jpg,,,2025-02-26T23:59:59.999999999Z,PROSPECTUS,13,1,,,,,
54361,8410104915186,,Finish,"Detergente Loiça Máquina Quantum Limão, 28 Pastilhas",,5.99,5.99,0,,€/Unidade,,,https://driveimg1.intermarche.com/pt/Content/images/boitmal/produit/zoom/AF6445EE2B2537230E8784866A377CB3.jpg,,,2025-02-26T23:59:59.999999999Z,PROSPECTUS,13,1,,,,,
5439,5601314228248,750.0,Vitalis,"Água mineral sem gás sport, garrafa de 750 ml",,0.59,0.79,750,L,€/L,,,https://driveimg1.intermarche.com/pt/Content/images/boitmal/produit/zoom/010F08729D04976DF26AE7ABDA2D160B.jpg,,,2025-02-26T23:59:59.999999999Z,PROSPECTUS,13,1,,,,,
54826,5601164906334,330.0,Somersby,"Sidra pera 0.0%, lata 0.33l",,0.99,3.0,330,L,€/L,,,https://driveimg1.intermarche.com/pt/Content/images/boitmal/produit/zoom/879F25C556A0438871B312810D37D6A4.jpg,,,2025-02-26T23:59:59.999999999Z,PROSPECTUS,13,1,,,,,
6059,5608527000524,750.0,Dom Campos,Vinho branco reg. p.set. 0.75l,Garrafa 0.75L,1.99,2.65,750,L,€/L,,,https://driveimg1.intermarche.com/pt/Content/images/boitmal/produit/zoom/6CFEBAE3F7C01E0EE0EAB2B82395D3EA.jpg,,,2025-03-05T23:59:59.999999999Z,PROSPECTUS,13,1,,,,,
6278,8410001103877,,Scotch Brite,"Esfregão com Esponja Salva Unhas Fibra Verde Gama Classic, 2 unidades",,1.49,1.49,0,,€/Unidade,,,https://driveimg1.intermarche.com/pt/Content/images/boitmal/produit/zoom/8B050954A17B3AEE53D05423C2DB9B5C.jpg,,,2025-02-26T23:59:59.999999999Z,PROSPECTUS,13,1,,,,,
8434,5601050033731,620.0,Danone,"Iogurte activia líquido 0% lima/limão, embalagem de 4 x 155g",,1.99,3.21,0,kg,€/Kg,,,https://driveimg1.intermarche.com/pt/Content/images/boitmal/produit/zoom/B41EA750EA9360556362913E488E9E4D.jpg,,,2025-02-26T23:59:59.999999999Z,PROSPECTUS,13,1,,,,,
8800,5601244201922,200.0,Terra Nostra,"Queijo em fatias redução de gordura, embalagem de 200g",,2.09,10.45,0,kg,€/Kg,,,https://driveimg1.intermarche.com/pt/Content/images/boitmal/produit/zoom/6B2399E90B535FA164E40698DA708319.jpg,,,2025-02-26T23:59:59.999999999Z,PROSPECTUS,13,1,,,,,
10091,8410100059839,360.0,Nestlé,"Queijinho petit nesquik, embalagem de 6 x 60g",,2.79,7.75,0,kg,€/Kg,,,https://driveimg1.intermarche.com/pt/Content/images/boitmal/produit/zoom/88B248C453A669F7E350B1DDEC2F3C33.jpg,,,2025-02-26T23:59:59.999999999Z,PROSPECTUS,13,2,,,,,
10639,8712566395514,61.0,Knorr,"Sopa gourmet, cogumelos, embalagem de 60g",,1.99,32.62,0,kg,€/Kg,,,https://driveimg1.intermarche.com/pt/Content/images/boitmal/produit/zoom/37AB5E4154A122936DBF40F8E46CCD3D.jpg,,,2025-02-26T23:59:59.999999999Z,PROSPECTUS,13,2,,,,,
10826,2895082000000,250.0,Ilha Azul,Queijo Curado,Vendido ao peso a partir de 250 gr,2.0,7.99,0,,€/Kg,,,https://driveimg1.intermarche.com/pt/Content/images/boitmal/produit/zoom/3B62E6B6007870C37C76A52222AF902D.jpg,,,2025-03-05T23:59:59.999999999Z,PROSPECTUS,13,2,,,,,
10910,3250390010586,250.0,Páturages,Queijo camembert 45% mg,Embalagem de 250 g,1.89,7.56,0,kg,€/Kg,,,https://driveimg1.intermarche.com/pt/Content/images/boitmal/produit/zoom/7C9F5B55F7320E544E58C79F8FBB96B2.jpg,,,2025-03-05T23:59:59.999999999Z,PROSPECTUS,13,2,,,,,
1131,5601078005024,750.0,Grao Vasco,"Vinho doc dão branco, garrafa de 750 ml",,3.35,4.47,750,L,€/L,,,https://driveimg1.intermarche.com/pt/Content/images/boitmal/produit/zoom/08D876911D136C69F8C23B36643D6D00.jpg,,,2025-03-05T23:59:59.999999999Z,PROSPECTUS,13,2,,,,,
1138,5601082022796,250.0,Delta,Café em grão,Embalagem de 250g,4.19,16.76,0,kg,€/Kg,,,https://driveimg1.intermarche.com/pt/Content/images/boitmal/produit/zoom/A8B4C93555D2897E7B184C0C3550DF4C.jpg,,,2025-02-26T23:59:59.999999999Z,PROSPECTUS,13,2,,,,,
11471,5601029004076,120.0,Bom Petisco,Atum posta ao natural,Embalagem de 120 g,1.29,10.75,0,kg,€/Kg,,,https://driveimg1.intermarche.com/pt/Content/images/boitmal/produit/zoom/D148E1488041C84EB0524ADACAE78B3A.jpg,,,2025-02-26T23:59:59.999999999Z,PROSPECTUS,13,2,,,,,
11496,5601049213991,200.0,Mimosa,"Nata uht, embalagem de 200 ml",,0.89,4.45,200,L,€/L,,,https://driveimg1.intermarche.com/pt/Content/images/boitmal/produit/zoom/8FC5ABCE23EB48F851FFE29C53BFA5D9.jpg,,,2025-02-26T23:59:59.999999999Z,PROSPECTUS,13,2,,,,,
1162,5601089080607,22.0,Boca Doce,"Pudim baunilha, embalagem de 20g",,0.59,26.82,0,kg,€/Kg,,,https://driveimg1.intermarche.com/pt/Content/images/boitmal/produit/zoom/C404643F48571D5383D4DCCD5944EA22.jpg,,,2025-02-26T23:59:59.999999999Z,PROSPECTUS,13,2,,,,,
11950,5603722495106,200.0,Mimosa,"Nata uht light, embalagem de 200 ml",,0.89,4.45,200,L,€/L,,,https://driveimg1.intermarche.com/pt/Content/images/boitmal/produit/zoom/B134F58E2258EB7BCE2AC1B56CF95546.jpg,,,2025-02-26T23:59:59.999999999Z,PROSPECTUS,13,2,,,,,
11959,5603722504945,200.0,Mimosa,"Nata para culinária ligeira, embalagem de 200 ml",,0.89,4.45,200,L,€/L,,,https://driveimg1.intermarche.com/pt/Content/images/boitmal/produit/zoom/34074ECCE8C9D0028618D923D64DF04D.jpg,,,2025-02-26T23:59:59.999999999Z,PROSPECTUS,13,2,,,,,
11982,5603802400020,750.0,Fiuza,"Vinho branco tejo sauvignon, garrafa de 750 ml",,4.99,6.65,750,L,€/L,,,https://driveimg1.intermarche.com/pt/Content/images/boitmal/produit/zoom/996291488226B375A67E39537E454FD9.jpg,,,2025-03-05T23:59:59.999999999Z,PROSPECTUS,13,2,,,,,
12213,5608527000593,750.0,Dom Campos,Vinho Tinto Regional Península de Setúbal,Garrafa de 0.75 l,2.99,3.99,750,L,€/L,,,https://driveimg1.intermarche.com/pt/Content/images/boitmal/produit/zoom/F6AD742D6C0AA52D14F3A33DA354DAF8.jpg,,,2025-03-05T23:59:59.999999999Z,PROSPECTUS,13,2,,,,,
1269,5601151021750,845.0,Compal,"Feijão preto, lata de 850g",,1.74,2.06,845,L,€/L,,,https://driveimg1.intermarche.com/pt/Content/images/boitmal/produit/zoom/9B352604A3E93D2F850CFCA0A305498A.jpg,,,2025-02-26T23:59:59.999999999Z,PROSPECTUS,13,2,,,,,
1281,5601151136140,1000.0,Compal,"Nectar vital equilibrio ananásemcoco, embalagem de 1l",,1.49,1.49,1000,L,€/L,,,https://driveimg1.intermarche.com/pt/Content/images/boitmal/produit/zoom/8767C13FE6BC314E1156E753BCDBEE55.jpg,,,2025-02-26T23:59:59.999999999Z,PROSPECTUS,13,2,,,,,
12884,2892009000000,200.0,Fruta,Limão,1 un = 200 gr (aprox.),0.28,1.39,0,,€/Kg,,,https://driveimg1.intermarche.com/pt/Content/images/boitmal/produit/zoom/5223F19D9F11D77A77B2577CB1D4D05C.jpg,,,2025-02-26T23:59:59.999999999Z,PROSPECTUS,13,2,,,,,
12943,2892087000000,1500.0,Fruta,Mamão,"1 un = 1,5 kg (aprox.)",5.84,3.89,0,,€/Kg,,,https://driveimg1.intermarche.com/pt/Content/images/boitmal/produit/zoom/E92859558CF3617793775ADAD1A11B14.jpg,,,2025-02-26T23:59:59.999999999Z,PROSPECTUS,13,2,,,,,
13373,2893800000000,750.0,Bacalhau,Bacalhau Corrente da Noruega,1 un= 750 g (aprox.),6.97,9.29,0,,€/Kg,,,https://driveimg1.intermarche.com/pt/Content/images/boitmal/produit/zoom/D74E09EC00B79A52E13EB6B9341BD6BA.jpg,,,2025-02-26T23:59:59.999999999Z,PROSPECTUS,13,2,,,,,
14408,5601012004427,750.0,Trinca Bolotas,"Vinho doc alentejo tinto, garrafa de 0.75 l",,4.99,6.65,750,L,€/L,,,https://driveimg1.intermarche.com/pt/Content/images/boitmal/produit/zoom/CE8D5D13DE743123565142F1E6733CF4.jpg,,,2025-03-05T23:59:59.999999999Z,PROSPECTUS,13,2,,,,,
14437,5411188110835,1000.0,Alpro,"Bebida de soja de amêndoa, embalagem de 1 litro",,1.89,1.89,1000,L,€/L,,,https://driveimg1.intermarche.com/pt/Content/images/boitmal/produit/zoom/7737749B389B841C77AB65B76665C756.jpg,,,2025-02-26T23:59:59.999999999Z,PROSPECTUS,13,2,,,,,
14458,7613034678607,90.0,Nestlé,"Fruta para bebé banana maçã +4 meses, embalagem de 90g",,0.67,7.44,0,kg,€/Kg,,,https://driveimg1.intermarche.com/pt/Content/images/boitmal/produit/zoom/0F3547F16577E97D821E3E9FDD9F17B9.jpg,,,2025-02-26T23:59:59.999999999Z,PROSPECTUS,13,2,,,,,
1460,5601286222787,500.0,Milaneza,"Massa de cotovelinhos, embalagem de 500g",,1.04,2.08,0,kg,€/Kg,,,https://driveimg1.intermarche.com/pt/Content/images/boitmal/produit/zoom/49B04C2917E036F30360190A48027326.jpg,,,2025-02-26T23:59:59.999999999Z,PROSPECTUS,13,2,,,,,
14818,2696137000000,,Pastelaria,Pastel de Nata,60G,0.39,0.39,0,,€/Unidade,,,https://driveimg1.intermarche.com/pt/Content/images/boitmal/produit/zoom/9EEE51B51A06F76B38A9947DCC43F4E5.jpg,,,2025-02-26T23:59:59.999999999Z,PROSPECTUS,13,2,,,,,
1491,5601363001168,120.0,Doritos,"Aperitivos tex mex, embalagem de 120g",,1.29,10.75,0,kg,€/Kg,,,https://driveimg1.intermarche.com/pt/Content/images/boitmal/produit/zoom/1053755FDFA8216E31D4BC77D22F56B2.jpg,,,2025-02-26T23:59:59.999999999Z,PROSPECTUS,13,2,,,,,
14950,2891247000000,100.0,Peru,Peru Costeletas,1 un = 100 gr (aprox.),0.37,3.69,0,,€/Kg,,,https://driveimg1.intermarche.com/pt/Content/images/boitmal/produit/zoom/5B1BD8BC73E46B1A5046441E54C2F5BD.jpg,,,2025-02-26T23:59:59.999999999Z,PROSPECTUS,13,2,,,,,
15566,8410063056180,250.0,Pescanova,"Miolo camarão, 250g",,6.99,27.96,0,kg,€/Kg,,Tipo de stockagem,https://driveimg1.intermarche.com/pt/Content/images/boitmal/produit/zoom/BEE1FF3586E000AD085B4D38C7ACD034.jpg,,,2025-02-26T23:59:59.999999999Z,PROSPECTUS,13,2,,,,,
16066,7509546064864,75.0,Colgate,"Pasta de dentes max white expert white, 75 ml",,4.11,54.8,75,L,€/L,,,https://driveimg1.intermarche.com/pt/Content/images/boitmal/produit/zoom/E256F6CE78FE32A69A0EF60F2634C3EF.jpg,,,2025-02-26T23:59:59.999999999Z,PROSPECTUS,13,2,,,,,
16493,8718951037939,500.0,Ajax,"Limpa vidros pistola, cristal, embalagem de 500 ml",,1.97,3.94,500,L,€/L,,,https://driveimg1.intermarche.com/pt/Content/images/boitmal/produit/zoom/B2152E81252C8B3ECCDB87063FC44E64.jpg,,,2025-02-26T23:59:59.999999999Z,PROSPECTUS,13,2,,,,,
16610,8712561521703,700.0,Cif,"Creme abrasivo ativo com lixívia, de 700 ml",,2.69,3.84,700,L,€/L,,,https://driveimg1.intermarche.com/pt/Content/images/boitmal/produit/zoom/8A1C269FF05C78AE2B38E76648F4E8B5.jpg,,,2025-02-26T23:59:59.999999999Z,PROSPECTUS,13,2,,,,,
17523,2891246000000,1000.0,Porco,Pá York c/ Osso c/ Couro,Vendido ao peso a partir de 1 kg,3.79,3.79,0,,€/Kg,,,https://driveimg1.intermarche.com/pt/Content/images/boitmal/produit/zoom/B1774B7150E1E65399A00A5F3DC93922.jpg,,,2025-02-26T23:59:59.999999999Z,PROSPECTUS,13,2,,,,,
17665,8712100745591,754.0,Calvé,"Maionese top down, embalagem de 753 g",,3.69,4.89,0,kg,€/Kg,,,https://driveimg1.intermarche.com/pt/Content/images/boitmal/produit/zoom/C6F00A8AA4D7D21E56D34CFA61170423.jpg,,,2025-02-26T23:59:59.999999999Z,PROSPECTUS,13,2,,,,,
17897,8001480021440,700.0,Neoblanc,"Lixívia Spray Mousse, 700ml",,2.59,3.7,700,L,€/L,,,https://driveimg1.intermarche.com/pt/Content/images/boitmal/produit/zoom/B78A8E12ED4E3F00F2585698427E34C3.jpg,,,2025-02-26T23:59:59.999999999Z,PROSPECTUS,13,2,,,,,
17900,8001480023277,700.0,Neoblanc,"Lixívia Spray Mousse Flor, 700ml",,2.59,3.7,700,L,€/L,,,https://driveimg1.intermarche.com/pt/Content/images/boitmal/produit/zoom/4C9540C630C990410131B89E1C2C75B8.jpg,,,2025-02-26T23:59:59.999999999Z,PROSPECTUS,13,2,,,,,
17920,5602417101575,5000.0,Courelas d'Alqueva,Vinho bag-in-box tinto,Garrafa de 5 l,6.49,1.3,5000,L,€/L,,,https://driveimg1.intermarche.com/pt/Content/images/boitmal/produit/zoom/50F27F2A3BA8F2DFBF7A0B52395D8EDC.jpg,,,2025-03-05T23:59:59.999999999Z,PROSPECTUS,13,2,,,,,
18769,5601008101901,180.0,Vieira,"Bolachas cream cracker doses individuais, embalagem de 180g",,1.19,6.61,0,kg,€/Kg,,,https://driveimg1.intermarche.com/pt/Content/images/boitmal/produit/zoom/9A486CB80F8D69C059B7AAF4D82C4244.jpg,,,2025-02-26T23:59:59.999999999Z,PROSPECTUS,13,2,,,,,
2009,5604260127313,300.0,PorSi,20 mini rissóis de camarão,Embalagem de 300 g,2.29,7.63,0,kg,€/Kg,,Tipo de stockagem,https://driveimg1.intermarche.com/pt/Content/images/boitmal/produit/zoom/648D5FF2795BC9832AD06448AD4ED56B.jpg,,,2025-02-26T23:59:59.999999999Z,PROSPECTUS,13,2,,,,,
2010,5604260127320,300.0,PorSi,"Mini rissóis de carne, 20 unidades",Embalagem de 300 g,2.29,7.63,0,kg,€/Kg,,Tipo de stockagem,https://driveimg1.intermarche.com/pt/Content/images/boitmal/produit/zoom/42A54F6F1748C2ADE7D49FFEEA1280AC.jpg,,,2025-02-26T23:59:59.999999999Z,PROSPECTUS,13,2,,,,,
20263,5000116110889,180.0,Iglo,"Crocantes de frango original, embalagem de 180g",,3.74,20.78,0,kg,€/Kg,,Tipo de stockagem,https://driveimg1.intermarche.com/pt/Content/images/boitmal/produit/zoom/9B2BC0EEC5724C42D02D0AAA44CCBB50.jpg,,,2025-02-26T23:59:59.999999999Z,PROSPECTUS,13,2,,,,,
20264,5000116110872,180.0,Iglo,"Crocantes frango parmesão e ervas, embalagem de 180g",,3.74,20.78,0,kg,€/Kg,,Tipo de stockagem,https://driveimg1.intermarche.com/pt/Content/images/boitmal/produit/zoom/FA238D0C01D11590AA8A8E09CE288246.jpg,,,2025-02-26T23:59:59.999999999Z,PROSPECTUS,13,2,,,,,
2059,5604260303861,500.0,PorSi,Polpa de cebola e alho,Embalagem de 500 g,1.49,2.98,0,kg,€/Kg,,,https://driveimg1.intermarche.com/pt/Content/images/boitmal/produit/zoom/41444F01158BD1D91B444EE63E3C35F0.jpg,,,2025-02-26T23:59:59.999999999Z,PROSPECTUS,13,2,,,,,
20624,7613034998040,90.0,Purina One,"Biscoito para cão nuggets, embalagem de 90g",,1.49,16.56,0,kg,€/Kg,,,https://driveimg1.intermarche.com/pt/Content/images/boitmal/produit/zoom/313EA63290E41610E99C1F8CFB5B9E04.jpg,,,2025-02-26T23:59:59.999999999Z,PROSPECTUS,13,2,,,,,
20918,5000116110964,840.0,Capitão Iglo,"30 douradinhos, embalagem de 840g",,8.99,10.7,0,kg,€/Kg,,Tipo de stockagem,https://driveimg1.intermarche.com/pt/Content/images/boitmal/produit/zoom/3C52B0905F2F1ACE3D67359B13FE0331.jpg,,,2025-02-26T23:59:59.999999999Z,PROSPECTUS,13,2,,,,,
21039,5600390418079,750.0,Castelo dos Mouros,Vinho regional alentejano reserva tinto,Garrafa de 750 ml,3.59,4.79,750,L,€/L,,,https://driveimg1.intermarche.com/pt/Content/images/boitmal/produit/zoom/9BBEF0A85E5D6EB32BA1DEEF1B27B06A.jpg,,,2025-03-05T23:59:59.999999999Z,PROSPECTUS,13,2,,,,,
21120,7622210453327,156.0,Milka,"Bolacha cookie sensations choco, embalagem de 160g",,2.59,16.6,0,kg,€/Kg,,,https://driveimg1.intermarche.com/pt/Content/images/boitmal/produit/zoom/E53F7BCE41465180DC53E06BB2781BB4.jpg,,,2025-02-26T23:59:59.999999999Z,PROSPECTUS,13,2,,,,,
21523,5602417101582,5000.0,Courelas d'Alqueva,Vinho bag-in-box branco,Garrafa de 5 l,6.49,1.3,5000,L,€/L,,,https://driveimg1.intermarche.com/pt/Content/images/boitmal/produit/zoom/4D3F0DF38C3F94ABA8EE403D35C64B7B.jpg,,,2025-03-05T23:59:59.999999999Z,PROSPECTUS,13,2,,,,,
21582,5604846103380,750.0,Quinta de la Rosa,"Vinho doc douro, tinto",Garrafa de 750 ml,10.49,13.99,750,L,€/L,,,https://driveimg1.intermarche.com/pt/Content/images/boitmal/produit/zoom/7B70045ED3A09F8E9005E28AA3F4C179.jpg,,,2025-03-05T23:59:59.999999999Z,PROSPECTUS,13,2,,,,,
22335,5000116110940,420.0,Capitão Iglo,"15 douradinhos, embalagem de 420g",,4.99,11.88,0,kg,€/Kg,,Tipo de stockagem,https://driveimg1.intermarche.com/pt/Content/images/boitmal/produit/zoom/3973A8C90F686ECB72E76C3B0A0492D4.jpg,,,2025-02-26T23:59:59.999999999Z,PROSPECTUS,13,2,,,,,
2249,5604260267682,500.0,Kings Bräu,"Cerveja com álcool, lata","Embalagem de 0,50 l",0.62,1.24,500,L,€/L,,,https://driveimg1.intermarche.com/pt/Content/images/boitmal/produit/zoom/FC48C06C2E921680338523A8F8F52E6A.jpg,,,2025-02-26T23:59:59.999999999Z,PROSPECTUS,13,2,,,,,
23276,5604260281299,175.0,PorSi,Salada Gourmet Programa Origens,Embalagem de 175g,1.29,7.37,0,kg,€/Kg,,,https://driveimg1.intermarche.com/pt/Content/images/boitmal/produit/zoom/4B8FE4793F676EB4D411F04A36543FE6.jpg,,,2025-02-26T23:59:59.999999999Z,PROSPECTUS,13,2,,,,,
23582,5604260281275,175.0,PorSi,Salada premium Origens,embalagem de 175 g,1.29,7.37,0,kg,€/Kg,,,https://driveimg1.intermarche.com/pt/Content/images/boitmal/produit/zoom/A8F765E7D8A6C281765A51B35764D182.jpg,,,2025-02-26T23:59:59.999999999Z,PROSPECTUS,13,2,,,,,
2406,5608543000102,30.0,Tetley,Chá preto,Embalagem de 30g,1.29,43.0,0,kg,€/Kg,,,https://driveimg1.intermarche.com/pt/Content/images/boitmal/produit/zoom/D3C0F9FE6B1C09C70D614E0CDECAD3A6.jpg,,,2025-02-26T23:59:59.999999999Z,PROSPECTUS,13,2,,,,,
24411,8410436297752,1300.0,Sonasol,"Lava tudo rosas e jasmim, 1,3l",,2.09,1.61,1300,L,€/L,,,https://driveimg1.intermarche.com/pt/Content/images/boitmal/produit/zoom/A8DAC5F038BB6C2FB23FB3C7F35CC590.jpg,,,2025-02-26T23:59:59.999999999Z,PROSPECTUS,13,2,,,,,
24412,8410436297660,1300.0,Sonasol,"Lava tudo aloe vera e flores brancas, 1,3l",,2.09,1.61,1300,L,€/L,,,https://driveimg1.intermarche.com/pt/Content/images/boitmal/produit/zoom/1CF7718543DB6BCDD620E4F3293279BF.jpg,,,2025-02-26T23:59:59.999999999Z,PROSPECTUS,13,2,,,,,
24810,8714100289983,440.0,Magnum,"Gelado pint amêndoas, embalagem de 440 ml",,3.99,9.07,440,L,€/L,,Tipo de stockagem,https://driveimg1.intermarche.com/pt/Content/images/boitmal/produit/zoom/3A13A62312A4E6B689883F50A6265AFD.jpg,https://driveimg1.intermarche.com/pt/Content/images/boitmal/produit/zoom/CAF47DA081A9FA3D88EC863A18BD3DDE.jpg,https://driveimg1.intermarche.com/pt/Content/images/boitmal/produit/zoom/CAF47DA081A9FA3D88EC863A18BD3DDE.jpg,2025-02-26T23:59:59.999999999Z,PROSPECTUS,13,2,,,,,
25215,7613035930582,90.0,Nestlé,"Fruta para bebé maçã manga +6 meses, embalagem de 90g",,0.67,7.44,0,kg,€/Kg,,,https://driveimg1.intermarche.com/pt/Content/images/boitmal/produit/zoom/1A0BFDB38CDBA8991FD9074B384368B9.jpg,,,2025-02-26T23:59:59.999999999Z,PROSPECTUS,13,2,,,,,
25539,7613035799837,3000.0,Friskies,Ração para gato esterilizado com peru,Embalagem de 3 kg,8.74,2.91,0,kg,€/Kg,,,https://driveimg1.intermarche.com/pt/Content/images/boitmal/produit/zoom/6753096F838736845D00B1BB9E9BE49E.jpg,,,2025-02-26T23:59:59.999999999Z,PROSPECTUS,13,2,,,,,
26061,5601082041735,220.0,Delta,Café moagem universal angola,Embalagem de 220g,3.09,14.05,0,kg,€/Kg,,,https://driveimg1.intermarche.com/pt/Content/images/boitmal/produit/zoom/5D337D3866314BE280A581C05FCA725F.jpg,,,2025-02-26T23:59:59.999999999Z,PROSPECTUS,13,2,,,,,
26341,5601012011920,750.0,Papa Figos,"Vinho doc douro branco, garrafa de 750 ml",,5.99,7.99,750,L,€/L,,,https://driveimg1.intermarche.com/pt/Content/images/boitmal/produit/zoom/47C911133755ED927EA5820F32D168BD.jpg,,,2025-03-05T23:59:59.999999999Z,PROSPECTUS,13,2,,,,,
27816,5601050034172,500.0,Danone,"Sobremesa danette chocolate, embalagem de 4 x 125g",,2.29,4.58,0,kg,€/Kg,,,https://driveimg1.intermarche.com/pt/Content/images/boitmal/produit/zoom/270794F61E693F9DF4745375FEF2C1D6.jpg,,,2025-02-26T23:59:59.999999999Z,PROSPECTUS,13,2,,,,,
28511,8410104889111,,Finish,Pastilhas Limpa Máquinas,Embalagem c/ 3 un.,5.49,5.49,0,,€/Unidade,,,https://driveimg1.intermarche.com/pt/Content/images/boitmal/produit/zoom/FD70FB61B60D1D010225A23710A0F1DA.jpg,,,2025-02-26T23:59:59.999999999Z,PROSPECTUS,13,2,,,,,
29738,8410436324533,1300.0,Sonasol,"Lava Tudo Flores Montanha, 1.3 l",,2.09,1.61,1300,L,€/L,,,https://driveimg1.intermarche.com/pt/Content/images/boitmal/produit/zoom/13FBFB2C777E7C44B0340328520A2D41.jpg,,,2025-02-26T23:59:59.999999999Z,PROSPECTUS,13,2,,,,,
29739,8410436324502,1300.0,Sonasol,"Lava Tudo Leite de Amêndoa, 1.3 l",,2.09,1.61,1300,L,€/L,,,https://driveimg1.intermarche.com/pt/Content/images/boitmal/produit/zoom/F0C3F7396A3707DA471842E1F133DA93.jpg,,,2025-02-26T23:59:59.999999999Z,PROSPECTUS,13,2,,,,,
30170,5604260274956,200.0,PorSi,Alheira Especial de Trás-Os-Montes,200 g,1.39,6.95,0,kg,€/Kg,,,https://driveimg1.intermarche.com/pt/Content/images/boitmal/produit/zoom/19929337FCFE5B600DFE0ACDB988D2AA.jpg,,,2025-03-05T23:59:59.999999999Z,PROSPECTUS,13,2,,,,,
32044,5603722517471,1000.0,Mimosa,"Mimosa bem especial leite e amêndoa, embalagem de 1litro",,1.18,1.18,1000,L,€/L,,,https://driveimg1.intermarche.com/pt/Content/images/boitmal/produit/zoom/A1AF42E2DBF696A3B59FEDBA01AC4F82.jpg,,,2025-02-26T23:59:59.999999999Z,PROSPECTUS,13,2,,,,,
32306,8718951202979,500.0,Palmolive,"Gel de banho naturals amêndoa e leite, 500 ml",,2.69,5.38,500,L,€/L,,,https://driveimg1.intermarche.com/pt/Content/images/boitmal/produit/zoom/F33F92F4F53A6A0ED534C67B846C0ABA.jpg,,,2025-02-26T23:59:59.999999999Z,PROSPECTUS,13,2,,,,,
32402,4005900542557,50.0,Nivea,"Desodorizante roll on black & white invisible silky smooth, 50 ml",,2.99,59.8,50,L,€/L,,,https://driveimg1.intermarche.com/pt/Content/images/boitmal/produit/zoom/38BC337DF80EFF7BB0EAAC1C90FD7BD0.jpg,,,2025-02-26T23:59:59.999999999Z,PROSPECTUS,13,2,,,,,
32551,5608527002764,750.0,Casa Ermelinda Freitas,Vinho Vinha da Fonte Setúbal tinto,Garrafa de 0.75 l,2.99,3.99,750,L,€/L,,,https://driveimg1.intermarche.com/pt/Content/images/boitmal/produit/zoom/06E0D835BF6FF987E9BF7993FA3DFA28.jpg,,,2025-03-05T23:59:59.999999999Z,PROSPECTUS,13,2,,,,,
32552,5608527002771,750.0,Casa Ermelinda Freitas,Vinho Vinha da Fonte Setúbal branco,Garrafa de 0.75 l,2.99,3.99,750,L,€/L,,,https://driveimg1.intermarche.com/pt/Content/images/boitmal/produit/zoom/3B4E94DF0789B17689D4268EA2DA7F36.jpg,,,2025-03-05T23:59:59.999999999Z,PROSPECTUS,13,2,,,,,
34597,5600376210390,250.0,Pasta do Dia,"Massa folhada retangular, embalagem de 250g",,1.99,7.96,0,kg,€/Kg,,,https://driveimg1.intermarche.com/pt/Content/images/boitmal/produit/zoom/B4FA1D3419D28314AAE8FA37375CE9A0.jpg,,,2025-02-26T23:59:59.999999999Z,PROSPECTUS,13,2,,,,,
35147,5604260282920,3000.0,Selecção de Enófilos,Vinho branco regional alentejano,Bag-in-box de 3 litros,5.19,1.73,3000,L,€/L,,,https://driveimg1.intermarche.com/pt/Content/images/boitmal/produit/zoom/83F5A8EE913F62A4CECF537776BF250E.jpg,,,2025-03-05T23:59:59.999999999Z,PROSPECTUS,13,2,,,,,
3642,3059943009080,250.0,Air Wick,"Ambientador recarga lavanda, de 250 ml",,3.59,14.36,250,L,€/L,,,https://driveimg1.intermarche.com/pt/Content/images/boitmal/produit/zoom/1B5D8D27BED08EFB10F243DEB281D401.jpg,,,2025-02-26T23:59:59.999999999Z,PROSPECTUS,13,2,,,,,
36806,8001090639011,300.0,Pantene,Champô 3 em 1 anti-caspa,Embalagem de 300 ml,3.94,13.13,300,L,€/L,,,https://driveimg1.intermarche.com/pt/Content/images/boitmal/produit/zoom/63F1C2B8DA28084708D48EB2853A6BE4.jpg,,,2025-02-26T23:59:59.999999999Z,PROSPECTUS,13,2,,,,,
37443,7613037040869,250.0,Nestum,"Nestum zero espelta/aveia, embalagem de 250g",,2.14,8.56,0,kg,€/Kg,,,https://driveimg1.intermarche.com/pt/Content/images/boitmal/produit/zoom/BF80E2BF1A95765256612BEC5A65D8DD.jpg,,,2025-02-26T23:59:59.999999999Z,PROSPECTUS,13,2,,,,,
37510,7613036841498,90.0,Nestlé,"Pacote maçã e pêssego, embalagem de 90g",,0.67,7.44,0,kg,€/Kg,,,https://driveimg1.intermarche.com/pt/Content/images/boitmal/produit/zoom/E9135C730A89C3C259880AD7C684D6EF.jpg,,,2025-02-26T23:59:59.999999999Z,PROSPECTUS,13,2,,,,,
38291,8410436343527,1100.0,Sonasol,"Lava Tudo Desinfetante, embalagem 1,1l",,2.79,2.54,1100,L,€/L,,,https://driveimg1.intermarche.com/pt/Content/images/boitmal/produit/zoom/3BCE9789D68C09F6CE19611FDEABB947.jpg,,,2025-02-26T23:59:59.999999999Z,PROSPECTUS,13,2,,,,,
38313,8410104489090,800.0,Finish,"Abrilhantador máquinas de loiça, 800 ml",,7.94,9.93,800,L,€/L,,,https://driveimg1.intermarche.com/pt/Content/images/boitmal/produit/zoom/7564CFE2A1DC08A72CE75828296BD96F.jpg,,,2025-02-26T23:59:59.999999999Z,PROSPECTUS,13,2,,,,,
38560,5601027006447,280.0,Bimbo,Pão de leite 8 un.,Embalagem de 280g,1.99,7.11,0,kg,€/Kg,,,https://driveimg1.intermarche.com/pt/Content/images/boitmal/produit/zoom/6B2CD6A0B581F7726EA51AA0698C6FB6.jpg,https://driveimg1.intermarche.com/pt/Content/images/boitmal/produit/zoom/03428EFF3EBBF0386E77776667460845.jpg,,2025-02-26T23:59:59.999999999Z,PROSPECTUS,13,2,,,,,
38934,5601164863217,500.0,Somersby,"Sidra de maçã, lata de 500 ml",,1.29,2.58,500,L,€/L,,,https://driveimg1.intermarche.com/pt/Content/images/boitmal/produit/zoom/A3D6F4DDF9AFF4F9F8F47269DBD60191.jpg,,,2025-02-26T23:59:59.999999999Z,PROSPECTUS,13,2,,,,,
38970,5603722518805,,Castelões,"Queijo curado -30% gordura, 500 g",,5.99,5.99,1,,€/Unidade,,,https://driveimg1.intermarche.com/pt/Content/images/boitmal/produit/zoom/72A7031F9A56666D6A179BF7A6411A71.jpg,,,2025-03-05T23:59:59.999999999Z,PROSPECTUS,13,2,,,,,
40586,5601151974124,1750.0,Seven Up,"Refrigerante com gás, garrafa de 1.75 l",,1.69,0.97,1750,L,€/L,,,https://driveimg1.intermarche.com/pt/Content/images/boitmal/produit/zoom/1B5C5CCFC1B153ECF65F6692CD46820B.jpg,,,2025-02-26T23:59:59.999999999Z,PROSPECTUS,13,2,,,,,
40666,5604260303717,550.0,PorSi,"Queijo de vaca curado amanteigado, +/- 550 g",,4.79,8.71,0,kg,€/Kg,,,https://driveimg1.intermarche.com/pt/Content/images/boitmal/produit/zoom/FA9B99B490F3B05F95DF1946378C72AD.jpg,,,2025-03-05T23:59:59.999999999Z,PROSPECTUS,13,2,,,,,
40925,8710522652138,240.0,Calvé,"Maionese top down, embalagem de 240g",,1.49,6.21,0,kg,€/Kg,,,https://driveimg1.intermarche.com/pt/Content/images/boitmal/produit/zoom/ECF2C8ABFC985CAC5B87AA78A2E96931.jpg,https://driveimg1.intermarche.com/pt/Content/images/boitmal/produit/zoom/8E23B17512BCD2C444A6228885CC4217.jpg,https://driveimg1.intermarche.com/pt/Content/images/boitmal/produit/zoom/8E23B17512BCD2C444A6228885CC4217.jpg,2025-02-26T23:59:59.999999999Z,PROSPECTUS,13,2,https://driveimg1.intermarche.com/pt/Content/images/boitmal/produit/zoom/8E23B17512BCD2C444A6228885CC4217.jpg,https://driveimg1.intermarche.com/pt/Content/images/boitmal/produit/zoom/8E23B17512BCD2C444A6228885CC4217.jpg,,,
41041,8001480703001,700.0,Neoblanc,Tira nódoas em spray cores,Embalagem de 700 ml,1.99,2.84,700,L,€/L,,,https://driveimg1.intermarche.com/pt/Content/images/boitmal/produit/zoom/1B7BCC034AAC45310DFFCE9E289F80C7.jpg,,,2025-02-26T23:59:59.999999999Z,PROSPECTUS,13,2,,,,,
41297,5601050036534,440.0,Danone,"Iogurte oikos pêssego, embalagem de 4 x 110g",,1.99,4.52,0,kg,€/Kg,,,https://driveimg1.intermarche.com/pt/Content/images/boitmal/produit/zoom/C2BCC90FB2B192B3C8BC1E9CCF0DA4AF.jpg,,,2025-02-26T23:59:59.999999999Z,PROSPECTUS,13,2,,,,,
41300,5601050036596,440.0,Danone,"Iogurte oikos manga papaya, embalagem de 4 x 110g",,1.99,4.52,0,kg,€/Kg,,,https://driveimg1.intermarche.com/pt/Content/images/boitmal/produit/zoom/407B76EA9B8AB5CE288E3F687A8DBF84.jpg,,,2025-02-26T23:59:59.999999999Z,PROSPECTUS,13,2,,,,,
41437,5604260305773,170.0,PorSi Select,Chouriço de porco preto,Embalagem de 170 g,2.69,15.82,0,kg,€/Kg,,,https://driveimg1.intermarche.com/pt/Content/images/boitmal/produit/zoom/9AF028948550CC79F4506D20250D6D94.jpg,,,2025-03-05T23:59:59.999999999Z,PROSPECTUS,13,2,,,,,
41714,5604260307746,750.0,PorSi Viva Bem,"Iogurte natural 0%,  6 x 125 g",,1.24,1.65,0,kg,€/Kg,,,https://driveimg1.intermarche.com/pt/Content/images/boitmal/produit/zoom/6F36834B96B5F12A8DC2C812AED78D88.jpg,,,2025-02-26T23:59:59.999999999Z,PROSPECTUS,13,2,,,,,
41821,5604260286614,233.0,PorSi,Bolachas shortcake,Embalagem de 233 g,1.37,5.88,0,kg,€/Kg,,,https://driveimg1.intermarche.com/pt/Content/images/boitmal/produit/zoom/0B5ABF5EA46DA53FA8046210DB7DDFDD.jpg,,,2025-02-26T23:59:59.999999999Z,PROSPECTUS,13,2,,,,,
41874,8718951313316,75.0,Colgate,"Pasta dentífrica cool mint, 75 ml",,2.16,28.8,75,L,€/L,,,https://driveimg1.intermarche.com/pt/Content/images/boitmal/produit/zoom/2DAA61BE6D06A4399D41EFB19DA0D088.jpg,,,2025-02-26T23:59:59.999999999Z,PROSPECTUS,13,2,,,,,
42510,5604260308224,100.0,PorSi,Bloco wc multitat oceano,Pack de 2 x 50 g,1.64,16.4,0,kg,€/Kg,,,https://driveimg1.intermarche.com/pt/Content/images/boitmal/produit/zoom/895F412F5A04F3F62B0A8DC3A2BE21DA.jpg,,,2025-02-26T23:59:59.999999999Z,PROSPECTUS,13,2,,,,,
42987,5604260310142,200.0,PorSi Viva Bem,"Bolachas marítimas chia, 200g",,1.88,9.4,0,kg,€/Kg,,,https://driveimg1.intermarche.com/pt/Content/images/boitmal/produit/zoom/F47D7E06AB57B9945432B19BCFB9F330.jpg,,,2025-02-26T23:59:59.999999999Z,PROSPECTUS,13,2,,,,,
43975,5604260313600,300.0,PorSi,Gomas bananas,Embalagem de 300 g,1.89,6.3,0,kg,€/Kg,,,https://driveimg1.intermarche.com/pt/Content/images/boitmal/produit/zoom/9D7F2581665D08C7908CE89759530DDC.jpg,,,2025-02-26T23:59:59.999999999Z,PROSPECTUS,13,2,,,,,
43982,5604260313570,200.0,PorSi,Gomas ursinhos,Embalagem de 200 g,1.69,8.45,0,kg,€/Kg,,,https://driveimg1.intermarche.com/pt/Content/images/boitmal/produit/zoom/6D9CFC1E604C99BE6474F209361ECAD6.jpg,,,2025-02-26T23:59:59.999999999Z,PROSPECTUS,13,2,,,,,
43983,5604260313662,300.0,PorSi,Gomas ácido,Embalagem de 300 g,1.69,5.63,0,kg,€/Kg,,,https://driveimg1.intermarche.com/pt/Content/images/boitmal/produit/zoom/3FDA962A2CF281DDA7F726AC64F488D1.jpg,,,2025-02-26T23:59:59.999999999Z,PROSPECTUS,13,2,,,,,
43984,5604260313679,300.0,PorSi,Gomas açúcar,Embalagem de 300 g,1.69,5.63,0,kg,€/Kg,,,https://driveimg1.intermarche.com/pt/Content/images/boitmal/produit/zoom/F0CE90C94ED4786E1013CE1F3CED0C90.jpg,,,2025-02-26T23:59:59.999999999Z,PROSPECTUS,13,2,,,,,
44159,5604260282791,2000.0,PorSi,Laranja Programa Origens | categoria II,embalagem de 2 kg,1.99,1.0,0,kg,€/Kg,,,https://driveimg1.intermarche.com/pt/Content/images/boitmal/produit/zoom/A5F43CE8523CB5F096F6D4FFFFA358EE.jpg,,,2025-02-26T23:59:59.999999999Z,PROSPECTUS,13,2,,,,,
44264,5603722517136,200.0,Mimosa,"Nata cremosa sem lactose, 200 ml",,0.99,4.95,200,L,€/L,,,https://driveimg1.intermarche.com/pt/Content/images/boitmal/produit/zoom/8BEE16017818634A0906C7EEA760EC96.jpg,,,2025-02-26T23:59:59.999999999Z,PROSPECTUS,13,2,,,,,
44634,8711327485082,330.0,Magnum,"Gelados mini double gold caramel billionaire, embalagem de 6x55 ml",,4.49,13.61,330,L,€/L,,Tipo de stockagem,https://driveimg1.intermarche.com/pt/Content/images/boitmal/produit/zoom/42AC7934AA428100845DBDC81A00E314.jpg,,,2025-02-26T23:59:59.999999999Z,PROSPECTUS,13,2,,,,,
44756,8720182022066,350.0,Calvé,"Manteiga amendoim com pedaços, embalagem de 350g",,2.39,6.83,0,kg,€/Kg,,,https://driveimg1.intermarche.com/pt/Content/images/boitmal/produit/zoom/BDB7E894C421031DCDC32452508E8D9C.jpg,,,2025-02-26T23:59:59.999999999Z,PROSPECTUS,13,2,,,,,
44902,5601286248787,500.0,Milaneza,"Massa conchas, 500g",,1.04,2.08,0,kg,€/Kg,,,https://driveimg1.intermarche.com/pt/Content/images/boitmal/produit/zoom/47B035D4D71BAB8FACEBBDD297C9B9B8.jpg,,,2025-02-26T23:59:59.999999999Z,PROSPECTUS,13,2,,,,,
46128,3083681137811,450.0,Bonduelle,"Milho sem resíduos de pesticidas, embalagem de 450g",,2.59,5.76,0,kg,€/Kg,,,https://driveimg1.intermarche.com/pt/Content/images/boitmal/produit/zoom/EC051C59563F4690C90E354F78286A70.jpg,,,2025-02-26T23:59:59.999999999Z,PROSPECTUS,13,3,,,,,
46606,5604260318384,100.0,PorSi,Queijo azul,100 g,1.75,17.5,0,kg,€/Kg,,,https://driveimg1.intermarche.com/pt/Content/images/boitmal/produit/zoom/193B6BA07710373997636A43021AF4C5.jpg,,,2025-03-05T23:59:59.999999999Z,PROSPECTUS,13,3,,,,,
46632,4005900868619,625.0,Nivea,"Loção corporal body milk, embalagem de 625 ml",,6.99,11.18,625,L,€/L,,,https://driveimg1.intermarche.com/pt/Content/images/boitmal/produit/zoom/BF28E4D89E349AB87771BE0B2F42DE4C.jpg,,,2025-02-26T23:59:59.999999999Z,PROSPECTUS,13,3,,,,,
46768,5601082046068,55.0,Delta Q,Café Qalidus XXL,Embalagem com 60 cápsulas,16.99,308.91,0,kg,€/Kg,,,https://driveimg1.intermarche.com/pt/Content/images/boitmal/produit/zoom/B57D51E1DBAB84530CA47C710EFFC338.jpg,,,2025-02-26T23:59:59.999999999Z,PROSPECTUS,13,3,,,,,
46841,5604260318940,750.0,PorSi Viva Bem,"Iogurtes magros aroma morango,  6 x 125 g",,1.2,1.6,0,kg,€/Kg,,,https://driveimg1.intermarche.com/pt/Content/images/boitmal/produit/zoom/FAE81D187B49A173052F912072180DE4.jpg,,,2025-02-26T23:59:59.999999999Z,PROSPECTUS,13,3,,,,,
47060,5900852054822,85.0,Bledina,"Frutapura maçã e pera, embalagem de 85g",,0.67,7.88,0,kg,€/Kg,,,https://driveimg1.intermarche.com/pt/Content/images/boitmal/produit/zoom/1687544E54E32044F426E002D2C0D2EF.jpg,,,2025-02-26T23:59:59.999999999Z,PROSPECTUS,13,3,,,,,
47062,5900852054846,85.0,Bledina,"Frutapura pouch frutos variados, embalagem de 85g",,0.67,7.88,0,kg,€/Kg,,,https://driveimg1.intermarche.com/pt/Content/images/boitmal/produit/zoom/F3964AC394D2C194C63A1CF8AF7341F0.jpg,,,2025-02-26T23:59:59.999999999Z,PROSPECTUS,13,3,,,,,
47636,8412600018323,300.0,Bimbo,Bimbo® bagels sementes 4 un.,Embalagem de 300g,2.34,7.8,0,kg,€/Kg,,,https://driveimg1.intermarche.com/pt/Content/images/boitmal/produit/zoom/BF6C29E8954E6CC8FE9F7A9ADC699919.jpg,,,2025-02-26T23:59:59.999999999Z,PROSPECTUS,13,3,,,,,
47678,5604260319572,96.0,PorSi,Café Splendido,16 cápsulas,3.49,36.35,0,kg,€/Kg,,,https://driveimg1.intermarche.com/pt/Content/images/boitmal/produit/zoom/BE18676367C8B5BB22F7EEF5D41DB56F.jpg,,,2025-02-26T23:59:59.999999999Z,PROSPECTUS,13,3,,,,,
47777,5604260320134,160.0,PorSi,Galão,16 cápsulas,3.49,21.81,0,kg,€/Kg,,,https://driveimg1.intermarche.com/pt/Content/images/boitmal/produit/zoom/622B7CF0482B57DB51970F9FB85E34D4.jpg,https://driveimg1.intermarche.com/pt/Content/images/boitmal/produit/zoom/62481A8FF61C1D90AD7A2D41D5674278.jpg,https://driveimg1.intermarche.com/pt/Content/images/boitmal/produit/zoom/62481A8FF61C1D90AD7A2D41D5674278.jpg,2025-02-26T23:59:59.999999999Z,PROSPECTUS,13,3,https://driveimg1.intermarche.com/pt/Content/images/boitmal/produit/zoom/62481A8FF61C1D90AD7A2D41D5674278.jpg,https://driveimg1.intermarche.com/pt/Content/images/boitmal/produit/zoom/62481A8FF61C1D90AD7A2D41D5674278.jpg,https://driveimg1.intermarche.com/pt/Content/images/boitmal/produit/zoom/62481A8FF61C1D90AD7A2D41D5674278.jpg,https://driveimg1.intermarche.com/pt/Content/images/boitmal/produit/zoom/62481A8FF61C1D90AD7A2D41D5674278.jpg,
47934,5604260319565,96.0,PorSi,Café Espresso Vellutato intensidade 7,16 cápsulas,3.49,36.35,0,kg,€/Kg,,,https://driveimg1.intermarche.com/pt/Content/images/boitmal/produit/zoom/55CCF612142A42C8831C49805F97F920.jpg,,,2025-02-26T23:59:59.999999999Z,PROSPECTUS,13,3,,,,,
48030,7613287495259,1020.0,Felix,"Fantastic seleção de peixes em gelatina, embalagem de 12x100g",,5.99,5.87,0,kg,€/Kg,,,https://driveimg1.intermarche.com/pt/Content/images/boitmal/produit/zoom/6C8C86286E27A01458DD382E5FE02A80.jpg,,,2025-02-26T23:59:59.999999999Z,PROSPECTUS,13,3,,,,,
48169,5604260318681,750.0,Labell,Gel banho gordo,Embalagem de 750 ml,2.49,3.32,750,L,€/L,,,https://driveimg1.intermarche.com/pt/Content/images/boitmal/produit/zoom/80971CABA26293141273589E454C7779.jpg,,,2025-02-26T23:59:59.999999999Z,PROSPECTUS,13,3,,,,,
48176,5604260319800,190.0,PorSi,"Queijo curado mistura, 190 g",,2.49,13.11,0,kg,€/Kg,,,https://driveimg1.intermarche.com/pt/Content/images/boitmal/produit/zoom/628AFDA16D5E6F83BEF936E1A7F80AB8.jpg,,,2025-03-05T23:59:59.999999999Z,PROSPECTUS,13,3,,,,,
48345,5604260318414,150.0,PorSi Viva Bem,Queijo gouda fatias 0% lactose,Embalagem de 150g,1.79,11.93,0,kg,€/Kg,,,https://driveimg1.intermarche.com/pt/Content/images/boitmal/produit/zoom/22C952CD8FFE4AA93EF3C9EB4961E5EF.jpg,,,2025-02-26T23:59:59.999999999Z,PROSPECTUS,13,3,,,,,
48782,8410199023070,150.0,LayS,"Batatas camponesas, embalagem de 150g",,1.59,10.6,0,kg,€/Kg,,,https://driveimg1.intermarche.com/pt/Content/images/boitmal/produit/zoom/D570E7E39595628616CA3F3914A72126.jpg,,,2025-02-26T23:59:59.999999999Z,PROSPECTUS,13,3,,,,,
48922,8006540417072,300.0,Pantene,Máscara Caracóis Perfeitos,300 ml,4.94,16.47,300,L,€/L,,,https://driveimg1.intermarche.com/pt/Content/images/boitmal/produit/zoom/025366923064A3F3F548E755A8D57055.jpg,,,2025-02-26T23:59:59.999999999Z,PROSPECTUS,13,3,,,,,
49258,8718951476271,75.0,Colgate,Pasta de Dentes Gengivas Limpeza Interdentária,Embalagem de 75 ml,3.24,43.2,75,L,€/L,,,https://driveimg1.intermarche.com/pt/Content/images/boitmal/produit/zoom/71413787DADCB43D7EE037F2CCCABD18.jpg,,,2025-02-26T23:59:59.999999999Z,PROSPECTUS,13,3,,,,,
49401,5411188133759,400.0,Alpro,"Soja ananás maracujá sem açúcar, de 400g",,2.54,6.35,0,kg,€/Kg,,,https://driveimg1.intermarche.com/pt/Content/images/boitmal/produit/zoom/6CB78C52A4573023DA315831A2A03ACB.jpg,,,2025-02-26T23:59:59.999999999Z,PROSPECTUS,13,3,,,,,
49725,5010867204928,750.0,Altano,Vinho Branco do Douro,Garrafa de 750 ml,3.79,5.05,750,L,€/L,,,https://driveimg1.intermarche.com/pt/Content/images/boitmal/produit/zoom/C91C03F9F077EA41B3D75A3393D28939.jpg,,,2025-03-05T23:59:59.999999999Z,PROSPECTUS,13,3,,,,,
49819,5603722517327,600.0,Matinal,"Leite seleccionado leve, pack 3 x 200 ml",,1.43,2.38,600,L,€/L,,,https://driveimg1.intermarche.com/pt/Content/images/boitmal/produit/zoom/4E1E39519082067F8E10CE178A1C4928.jpg,,,2025-02-26T23:59:59.999999999Z,PROSPECTUS,13,3,,,,,
4987,5601012115505,750.0,Planalto,"Vinho doc douro branco, garrafa de 0.75 l",,3.99,5.32,750,L,€/L,,,https://driveimg1.intermarche.com/pt/Content/images/boitmal/produit/zoom/D4AD0E54C5A44C41C52E5EE1F77D08EB.jpg,,,2025-03-05T23:59:59.999999999Z,PROSPECTUS,13,3,,,,,
5031,5601028008778,,Renova,"Papel higiénico deco /4 folhas, embalagem 12 rolos",,5.39,5.39,12,,€/Unidade,,,https://driveimg1.intermarche.com/pt/Content/images/boitmal/produit/zoom/40255AA0E0A26CE7985BEAB27DB725FB.jpg,,,2025-02-26T23:59:59.999999999Z,PROSPECTUS,13,3,,,,,
50393,5411188136613,1000.0,Alpro,"Bebida de aveia not milk clássica vegan, de 1 l",,1.99,1.99,1000,L,€/L,,,https://driveimg1.intermarche.com/pt/Content/images/boitmal/produit/zoom/6821B4EC371AD517DBE48650010725D9.jpg,,,2025-02-26T23:59:59.999999999Z,PROSPECTUS,13,3,,,,,
50495,5601164905771,500.0,Somersby,"Sidra, lata de 500 ml",,1.29,2.58,500,L,€/L,,,https://driveimg1.intermarche.com/pt/Content/images/boitmal/produit/zoom/E89767E3F9F65845A619995358BB3B33.jpg,,,2025-02-26T23:59:59.999999999Z,PROSPECTUS,13,3,,,,,
50629,5603722521454,1208.0,Mimosa,"Iogurte magro liquido de morango e framboesa, 8 x 151ml",,2.99,2.48,1208,L,€/L,,,https://driveimg1.intermarche.com/pt/Content/images/boitmal/produit/zoom/AB607BD866F448FA21D3247580B1F4C6.jpg,,,2025-02-26T23:59:59.999999999Z,PROSPECTUS,13,3,,,,,
50657,7622201723767,150.0,Philadelphia,Queijo Creme Regular,Embalagem de 150g,1.79,11.93,0,kg,€/Kg,,,https://driveimg1.intermarche.com/pt/Content/images/boitmal/produit/zoom/49215B626E1226E0683E7715D1ED7F93.jpg,,,2025-02-26T23:59:59.999999999Z,PROSPECTUS,13,3,,,,,
51182,5601217137272,720.0,Quanto,"Perfumador de roupa rosa, 36 doses",,3.49,4.85,720,L,€/L,,,https://driveimg1.intermarche.com/pt/Content/images/boitmal/produit/zoom/49C27F970394771F7D0DE5ACF0C1EA92.jpg,,,2025-02-26T23:59:59.999999999Z,PROSPECTUS,13,3,,,,,
51398,8720182433190,40.0,Knorr,"Sopa disney frozen, embalagem de 40g",,1.6,40.0,0,kg,€/Kg,,,https://driveimg1.intermarche.com/pt/Content/images/boitmal/produit/zoom/9077F1C98890FA6A1A18792257A8F6B9.jpg,,,2025-02-26T23:59:59.999999999Z,PROSPECTUS,13,3,,,,,
51504,8006540346976,200.0,Pantene,Espuma Caracóis Perfeitos,Embalagem de 200 ml,3.29,16.45,200,L,€/L,,,https://driveimg1.intermarche.com/pt/Content/images/boitmal/produit/zoom/C1FDAB4454796984FFC7BAE683687BFA.jpg,,,2025-02-26T23:59:59.999999999Z,PROSPECTUS,13,3,,,,,
51572,5604260327966,750.0,PorSi,Azeite virgem extra,Garrafa de 750 ml,5.29,7.05,750,L,€/L,,,https://driveimg1.intermarche.com/pt/Content/images/boitmal/produit/zoom/AC740C8B03C58C895BBDE8FC6044BE3A.jpg,,,2025-02-26T23:59:59.999999999Z,PROSPECTUS,13,3,,,,,
51908,3073781193169,125.0,A Vaca Que Ri,"Queijo fundido light, 125g",,1.79,14.32,0,kg,€/Kg,,,https://driveimg1.intermarche.com/pt/Content/images/boitmal/produit/zoom/DDB0DD03C426F497B7B8B17EEEC004CB.jpg,,,2025-02-26T23:59:59.999999999Z,PROSPECTUS,13,3,,,,,
5244,5601151510759,845.0,Compal,"Feijão encarnado, lata de 850g",,1.74,2.06,0,kg,€/Kg,,,https://driveimg1.intermarche.com/pt/Content/images/boitmal/produit/zoom/DE636824D87F41FA8614ED32FEFF81FF.jpg,,,2025-02-26T23:59:59.999999999Z,PROSPECTUS,13,3,,,,,
52528,5604260330942,750.0,Selecção de Enófilos,Vinho Tinto do Douro Touriga-Nacional,Garrafa de 0.75 litros,3.99,5.32,750,L,€/L,,,https://driveimg1.intermarche.com/pt/Content/images/boitmal/produit/zoom/DDFACC85C00AF8454AB79CCB2C000008.jpg,,,2025-03-05T23:59:59.999999999Z,PROSPECTUS,13,3,,,,,
52574,5604260329441,320.0,PorSi,"Chouriço Extra Longo Ribatejo, 320 g",,5.49,17.16,0,kg,€/Kg,,,https://driveimg1.intermarche.com/pt/Content/images/boitmal/produit/zoom/270306BE07AA2F2FDD6D65638436A56D.jpg,,,2025-03-05T23:59:59.999999999Z,PROSPECTUS,13,3,,,,,
52598,5601217137975,1710.0,Quanto,"Amaciador roupa concentrado frutos silvestres, 95 doses",,3.99,2.33,1710,L,€/L,,,https://driveimg1.intermarche.com/pt/Content/images/boitmal/produit/zoom/1A92BA40F7151350053A912CC4251BEE.jpg,,,2025-02-26T23:59:59.999999999Z,PROSPECTUS,13,3,,,,,
52600,5601217137951,1710.0,Quanto,"Amaciador roupa concentrado ouro e orquídea branca, 95 doses",,3.99,2.33,1710,L,€/L,,,https://driveimg1.intermarche.com/pt/Content/images/boitmal/produit/zoom/D5BBE20226E42754DBBAD723FC764C65.jpg,,,2025-02-26T23:59:59.999999999Z,PROSPECTUS,13,3,,,,,
52601,5601217137944,1710.0,Quanto,"Amaciador roupa concentrado rubi e jasmim, 95 doses",,3.99,2.33,1710,L,€/L,,,https://driveimg1.intermarche.com/pt/Content/images/boitmal/produit/zoom/F98E5B67EBAD53610C2B7527547160F8.jpg,,,2025-02-26T23:59:59.999999999Z,PROSPECTUS,13,3,,,,,
5272,5601164902312,4800.0,Super Bock,"Cerveja com álcool, pack 24 x 0.20 l",,9.99,2.08,4800,L,€/L,,,https://driveimg1.intermarche.com/pt/Content/images/boitmal/produit/zoom/A98E5FF8E5DDF166F2B333F0EE0114E7.jpg,https://driveimg1.intermarche.com/pt/Content/images/boitmal/produit/zoom/C2C2858ADC421F33AF17C6115D108100.jpg,,2025-02-26T23:59:59.999999999Z,PROSPECTUS,13,3,,,,,
5296,5601174204000,750.0,Periquita,"Vinho tinto península de setúbal, garrafa de 0.75 l",,3.59,4.79,750,L,€/L,,,https://driveimg1.intermarche.com/pt/Content/images/boitmal/produit/zoom/A59713B08AFE22BB2A0344F8EAFAD9A7.jpg,,,2025-03-05T23:59:59.999999999Z,PROSPECTUS,13,3,,,,,
52965,5411188138051,400.0,Alpro,"Yofu natural com côco, 400g",,1.99,4.98,0,kg,€/Kg,,,https://driveimg1.intermarche.com/pt/Content/images/boitmal/produit/zoom/5FD864695C9B3ECF5DA8D909F78D83D5.jpg,https://driveimg1.intermarche.com/pt/Content/images/boitmal/produit/zoom/4EFC28C798EC9CE81FCEDF77B62BF031.jpg,https://driveimg1.intermarche.com/pt/Content/images/boitmal/produit/zoom/4EFC28C798EC9CE81FCEDF77B62BF031.jpg,2025-02-26T23:59:59.999999999Z,PROSPECTUS,13,3,,,,,
53081,8410199024701,150.0,Doritos,"Snacks milho nachos dippas, 150g",,1.39,9.27,0,kg,€/Kg,,,https://driveimg1.intermarche.com/pt/Content/images/boitmal/produit/zoom/BF36364EB695B190635DFD34C03ED47E.jpg,https://driveimg1.intermarche.com/pt/Content/images/boitmal/produit/zoom/529878C3C769D792716BED88F66601A9.jpg,https://driveimg1.intermarche.com/pt/Content/images/boitmal/produit/zoom/529878C3C769D792716BED88F66601A9.jpg,2025-02-26T23:59:59.999999999Z,PROSPECTUS,13,3,https://driveimg1.intermarche.com/pt/Content/images/boitmal/produit/zoom/529878C3C769D792716BED88F66601A9.jpg,,,,
53231,8445290752475,180.0,Cerelac,"Farinha não láctea 0% açúcar multicereais, 180g",,2.24,12.44,0,kg,€/Kg,,,https://driveimg1.intermarche.com/pt/Content/images/boitmal/produit/zoom/A7BFFF2BFEADB396EE2B5E590CBA9878.jpg,,,2025-02-26T23:59:59.999999999Z,PROSPECTUS,13,3,,,,,
53605,3600524027049,150.0,L'oreal Men Expert,Desodorizante em Spray Defense Magnesium,Embalagem de 150ml,2.84,18.93,150,L,€/L,,,https://driveimg1.intermarche.com/pt/Content/images/boitmal/produit/zoom/6E9828EB81ADFC793869F245757334B3.jpg,https://driveimg1.intermarche.com/pt/Content/images/boitmal/produit/zoom/E16691E6E57D5070C7530102EC705D03.jpg,https://driveimg1.intermarche.com/pt/Content/images/boitmal/produit/zoom/E16691E6E57D5070C7530102EC705D03.jpg,2025-02-26T23:59:59.999999999Z,PROSPECTUS,13,3,,,,,
53886,5604260328635,200.0,PorSi,"Salsichas de porco em lata, embalagem de 200g",,0.95,4.75,0,kg,€/Kg,,,https://driveimg1.intermarche.com/pt/Content/images/boitmal/produit/zoom/31082215F673730ADB8637807346D57D.jpg,,,2025-02-26T23:59:59.999999999Z,PROSPECTUS,13,3,,,,,
53887,5604260328642,250.0,PorSi,"10 salsichas de porco em lata, embalagem de 250g",,1.19,4.76,0,kg,€/Kg,,,https://driveimg1.intermarche.com/pt/Content/images/boitmal/produit/zoom/958C25AF6C5BB6C112B5B51BF3629B73.jpg,,,2025-02-26T23:59:59.999999999Z,PROSPECTUS,13,3,,,,,
54336,8718951593374,500.0,Palmolive,"Gel De Banho Smoothies Amoras Silvestres, 500ml",,2.99,5.98,500,L,€/L,,,https://driveimg1.intermarche.com/pt/Content/images/boitmal/produit/zoom/AF555B3846A3EEEE3E59B2F8E2A57F6B.jpg,,,2025-02-26T23:59:59.999999999Z,PROSPECTUS,13,3,,,,,
54366,8410104915216,,Finish,"Detergente Máquina Loiça Pastilhas Quantum, 64 Pastilhas",,12.49,12.49,0,,€/Unidade,,,https://driveimg1.intermarche.com/pt/Content/images/boitmal/produit/zoom/5C4B3C8D5E0E4174561BE7E3EC34976F.jpg,,,2025-02-26T23:59:59.999999999Z,PROSPECTUS,13,3,,,,,
54560,5604260332854,200.0,Labell,"Desodorizante Baunilha, 200ml",,1.39,6.95,200,L,€/L,,,https://driveimg1.intermarche.com/pt/Content/images/boitmal/produit/zoom/0FFE43F4E50399E1F999F62A6C8676D3.jpg,,,2025-02-26T23:59:59.999999999Z,PROSPECTUS,13,3,,,,,
54561,5604260332861,200.0,Labell,"Desodorizante Romã, 200ml",,1.39,6.95,200,L,€/L,,,https://driveimg1.intermarche.com/pt/Content/images/boitmal/produit/zoom/047070E2F6CCFD35B27D4C5906915621.jpg,,,2025-02-26T23:59:59.999999999Z,PROSPECTUS,13,3,,,,,
54632,5603722523045,1000.0,Gresso,"Leite UHT Meio Gordo, 1L",,0.85,0.85,1000,L,€/L,,,https://driveimg1.intermarche.com/pt/Content/images/boitmal/produit/zoom/ECF816693AC2579C9FB595FD8ABD96D7.jpg,,,2025-02-26T23:59:59.999999999Z,PROSPECTUS,13,3,,,,,
54731,8414100363835,1000.0,Schweppes,Refrigerante com gás laranja zero,,1.09,1.09,1000,L,€/L,,,https://driveimg1.intermarche.com/pt/Content/images/boitmal/produit/zoom/6222ECCDC444B32C757F8CC0406C2812.jpg,,,2025-02-26T23:59:59.999999999Z,PROSPECTUS,13,3,,,,,
54765,8711327616165,825.0,Carte DOr,"Gelado caramelo salgado les dessertz, 825 ml",,3.59,4.35,825,L,€/L,,Tipo de stockagem,https://driveimg1.intermarche.com/pt/Content/images/boitmal/produit/zoom/A5FE262C7D7C5F17B290BA4B9BC148EC.jpg,,,2025-02-26T23:59:59.999999999Z,PROSPECTUS,13,3,,,,,
54767,8711327621275,825.0,Carte DOr,"Gelado morango merengue, 825ml",,3.59,4.35,825,L,€/L,,Tipo de stockagem,https://driveimg1.intermarche.com/pt/Content/images/boitmal/produit/zoom/F8C9773CEAC2491495000A8FC9EB4E4A.jpg,,,2025-02-26T23:59:59.999999999Z,PROSPECTUS,13,3,,,,,
54804,5603722521584,604.0,Mimosa,"Iogurte liquido pinacolada, 4x151 ml",,1.44,2.38,604,L,€/L,,,https://driveimg1.intermarche.com/pt/Content/images/boitmal/produit/zoom/8E6126D08298F97351679D3A95D611FA.jpg,,,2025-02-26T23:59:59.999999999Z,PROSPECTUS,13,3,,,,,
54806,5603722521232,604.0,Mimosa,"Iogurte magro liquido ananás, 4x151ml",,1.54,2.55,604,L,€/L,,,https://driveimg1.intermarche.com/pt/Content/images/boitmal/produit/zoom/D981284783DF4A8CA45CC5B90BEC5E71.jpg,,,2025-02-26T23:59:59.999999999Z,PROSPECTUS,13,3,,,,,
6058,5608527000517,750.0,Dom Campos,Dom campos tinto vrp setúbal,Garrafa 0.75L,1.99,2.65,750,L,€/L,,,https://driveimg1.intermarche.com/pt/Content/images/boitmal/produit/zoom/A2062681CE6A27A344B24F005A65FF3A.jpg,,,2025-03-05T23:59:59.999999999Z,PROSPECTUS,13,3,,,,,
6060,5608527000555,5000.0,Dom Campos,"Vinho tinto regional, península de setúbal, bag-in-box",Garrafa de 5 l,7.99,1.6,5000,L,€/L,,,https://driveimg1.intermarche.com/pt/Content/images/boitmal/produit/zoom/78079834B0E3726D7B386E02341FE7CB.jpg,,,2025-03-05T23:59:59.999999999Z,PROSPECTUS,13,3,,,,,
6580,8412400193015,1000.0,Mr. Muscle,"Desentupidor canos, 1 l",,5.99,5.99,1000,L,€/L,,,https://driveimg1.intermarche.com/pt/Content/images/boitmal/produit/zoom/E4CBB8829ACC4E9939AAEA434FE9EF72.jpg,,,2025-02-26T23:59:59.999999999Z,PROSPECTUS,13,3,,,,,
7401,3250390461777,150.0,Páturages,Queijo roquefort,Embalagem de 150 g,2.79,18.6,0,kg,€/Kg,,,https://driveimg1.intermarche.com/pt/Content/images/boitmal/produit/zoom/E03055290F31A27B798D471C25305D9D.jpg,,,2025-03-05T23:59:59.999999999Z,PROSPECTUS,13,3,,,,,
8287,5601012002706,750.0,Papa Figos,"Vinho doc douro tinto, garrafa de 0.75 l",,5.99,7.99,750,L,€/L,,,https://driveimg1.intermarche.com/pt/Content/images/boitmal/produit/zoom/3EEE98E8E32B16373BCCF60DD0ED2404.jpg,,,2025-03-05T23:59:59.999999999Z,PROSPECTUS,13,3,,,,,
8417,8410500006020,600.0,Danone,"Actimel magro natural, embalagem de 6 x 100g",,2.89,4.82,0,kg,€/Kg,,,https://driveimg1.intermarche.com/pt/Content/images/boitmal/produit/zoom/729A5232D0A334A9B7BE031706F8AD19.jpg,,,2025-02-26T23:59:59.999999999Z,PROSPECTUS,13,3,,,,,
848,5000189974579,200.0,Kit Kat,"Chocolate mini, embalagem de 200g",,3.35,16.75,0,kg,€/Kg,,,https://driveimg1.intermarche.com/pt/Content/images/boitmal/produit/zoom/90873705F18CB17964EF30C7A0BF7D60.jpg,,,2025-02-26T23:59:59.999999999Z,PROSPECTUS,13,3,,,,,
8500,5601109211110,750.0,Porca de Murça,Vinho branco douro,Garrafa de 750 ml,3.69,4.92,750,L,€/L,,,https://driveimg1.intermarche.com/pt/Content/images/boitmal/produit/zoom/3A37403A453BA89596AD6718ADA0F46A.jpg,,,2025-03-05T23:59:59.999999999Z,PROSPECTUS,13,3,,,,,
8520,5601119956490,120.0,Nobre,"Fiambre perna extra finissimos fatiado, embalagem de 120g",,1.89,15.75,0,kg,€/Kg,,,https://driveimg1.intermarche.com/pt/Content/images/boitmal/produit/zoom/15C8ADF2CEDA2C19A63D893348F1D7F5.jpg,,,2025-02-26T23:59:59.999999999Z,PROSPECTUS,13,3,,,,,
8537,5601119957206,120.0,Campofrio,"Peito frango forno lenha fatias clássicas, embalagem de 120g",,1.09,9.08,0,kg,€/Kg,,,https://driveimg1.intermarche.com/pt/Content/images/boitmal/produit/zoom/A5EDB423B7786C27645C35469FF56E84.jpg,,,2025-02-26T23:59:59.999999999Z,PROSPECTUS,13,3,,,,,
8914,5601356013918,750.0,Porta da Ravessa,"Vinho regional alentejano reserva tinto, garrafa de 0.75 l",,2.99,3.99,750,L,€/L,,,https://driveimg1.intermarche.com/pt/Content/images/boitmal/produit/zoom/B4084C52F9169DB1ECB66546E6C2B59D.jpg,,,2025-03-05T23:59:59.999999999Z,PROSPECTUS,13,3,,,,,
8915,5601356013925,750.0,Porta da Ravessa,"Vinho doc alentejo reseva branco, garrafa de 0.75 l",,2.99,3.99,750,L,€/L,,,https://driveimg1.intermarche.com/pt/Content/images/boitmal/produit/zoom/8478972294EEC86F064EE4AEEBCCC25F.jpg,,,2025-03-05T23:59:59.999999999Z,PROSPECTUS,13,3,,,,,
9239,5603016000542,750.0,Fonte nico,"Vinho rosé regional península de setúbal, garrafa de 750 ml",,1.55,2.07,750,L,€/L,,,https://driveimg1.intermarche.com/pt/Content/images/boitmal/produit/zoom/3B6DA5A3CBA1B0CE99BD3CD43BFCA236.jpg,,,2025-03-05T23:59:59.999999999Z,PROSPECTUS,13,3,,,,,
9680,5604260270071,1000.0,PorSi Viva Bem,Bebida soja light,Embalagem de 1 l,0.83,0.83,1000,L,€/L,,,https://driveimg1.intermarche.com/pt/Content/images/boitmal/produit/zoom/6115ADB8628AEB0958ED7440FC26EB80.jpg,,,2025-02-26T23:59:59.999999999Z,PROSPECTUS,13,3,,,,,
9813,5608527005796,5000.0,Dom Campos,"Vinho rosé, região península de setúbal, bag in box",Garrafa de 5 l,7.99,1.6,5000,L,€/L,,,https://driveimg1.intermarche.com/pt/Content/images/boitmal/produit/zoom/DF5B362DDEDD93725A7290449A5F3911.jpg,,,2025-03-05T23:59:59.999999999Z,PROSPECTUS,13,3,,,,,
9909,7613034147509,1500.0,Purina One,Alimento seco para cão adulto,"Embalagem de 1,5 kg",7.49,4.99,0,kg,€/Kg,,,https://driveimg1.intermarche.com/pt/Content/images/boitmal/produit/zoom/EE854481DB147ADB2F1617DD2FD4D944.jpg,,,2025-02-26T23:59:59.999999999Z,PROSPECTUS,13,3,,,,,
9937,7622300344757,180.0,Milka,"Bolachas waffers, chocolate branco, embalagem de 180g",,2.89,16.06,0,kg,€/Kg,,,https://driveimg1.intermarche.com/pt/Content/images/boitmal/produit/zoom/E0AEF951C1DD74FD9B27A194F5A14E3B.jpg,,,2025-02-26T23:59:59.999999999Z,PROSPECTUS,13,3,,,,,
250,2892150000000,300.0,Fruta,Abacate,1 un. = 300 g (aprox.),1.05,3.49,0,,€/Kg,,,https://driveimg1.intermarche.com/pt/Content/images/boitmal/produit/zoom/E9095394002D145B7F2ABE932415A1F1.jpg,,,2025-02-26T23:59:59.999999999Z,PROSPECTUS,13,3,,,,,
16105,5601146703463,7500.0,Sagres,"Cerveja com álcool, pack 30 x 0.25 l",,13.85,1.85,7500,L,€/L,,,https://driveimg1.intermarche.com/pt/Content/images/boitmal/produit/zoom/03A5259A936839E6AA1FD95014E0E2CF.jpg,,,2025-02-26T23:59:59.999999999Z,PROSPECTUS,13,3,,,,,
43977,5604260313655,300.0,PorSi,Gomas brilho,Embalagem de 300 g,1.69,5.63,0,kg,€/Kg,,,https://driveimg1.intermarche.com/pt/Content/images/boitmal/produit/zoom/8560B014A5D2C7D66530D0CCCD0B2EA3.jpg,,,2025-02-26T23:59:59.999999999Z,PROSPECTUS,13,3,,,,,
5788,5604260033447,200.0,PorSi,Chouriço corrente,Embalagem de 200 g,1.75,8.75,0,kg,€/Kg,,,https://driveimg1.intermarche.com/pt/Content/images/boitmal/produit/zoom/92DD7C79E00E3F96B89DDD048D065D1C.jpg,,,2025-02-26T23:59:59.999999999Z,PROSPECTUS,13,3,,,,,
1195,5601119230224,650.0,Nobre,"Salsichas extra suculentas, frasco de 650 g",,2.09,3.22,0,kg,€/Kg,,,https://driveimg1.intermarche.com/pt/Content/images/boitmal/produit/zoom/F74C2FC7C8B9C0B3ED0E43FFE3B59991.jpg,,,2025-02-26T23:59:59.999999999Z,PROSPECTUS,13,3,,,,,
405,8712566410910,275.0,Calvé,"Ketchup, embalagem de 275g",,1.49,5.42,0,kg,€/Kg,,,https://driveimg1.intermarche.com/pt/Content/images/boitmal/produit/zoom/9E63EED4B27A252289B8979C188F5B40.jpg,https://driveimg1.intermarche.com/pt/Content/images/boitmal/produit/zoom/0D7B165FF00CA45BD8F6AC077E3CA1EC.jpg,https://driveimg1.intermarche.com/pt/Content/images/boitmal/produit/zoom/0D7B165FF00CA45BD8F6AC077E3CA1EC.jpg,2025-02-26T23:59:59.999999999Z,PROSPECTUS,13,3,https://driveimg1.intermarche.com/pt/Content/images/boitmal/produit/zoom/0D7B165FF00CA45BD8F6AC077E3CA1EC.jpg,,,,
8413,8410500008932,600.0,Danone,"Actimel iogurte líquido de morango, de 6 x 100g",,2.89,4.82,0,kg,€/Kg,,,https://driveimg1.intermarche.com/pt/Content/images/boitmal/produit/zoom/F5F985DE2C1FEBCCE4ED6002098F416C.jpg,,,2025-02-26T23:59:59.999999999Z,PROSPECTUS,13,3,,,,,
18778,5604260274963,200.0,PorSi Select,Alheira de mirandela,Embalagem de 200 g,1.49,7.45,0,kg,€/Kg,,,https://driveimg1.intermarche.com/pt/Content/images/boitmal/produit/zoom/93E265B38537CF7D9CC71734EEF39C20.jpg,,,2025-02-26T23:59:59.999999999Z,PROSPECTUS,13,3,,,,,
13869,2891126000000,1000.0,PorSi,Coelho inteiro,Vendido ao peso,6.49,6.49,0,,€/Kg,,,https://driveimg1.intermarche.com/pt/Content/images/boitmal/produit/zoom/52C51860E551A8D97DAB91398A81FDB2.jpg,,,2025-02-26T23:59:59.999999999Z,PROSPECTUS,13,3,,,,,
1467,5601286236784,500.0,Milaneza,"Massa de espirais, embalagem de 500g",,1.04,2.08,0,kg,€/Kg,,,https://driveimg1.intermarche.com/pt/Content/images/boitmal/produit/zoom/90F3AD9985391E2BB3C76374F1217643.jpg,,,2025-02-26T23:59:59.999999999Z,PROSPECTUS,13,3,,,,,
8752,5601217102065,1000.0,Finish,"Sal para máquina de lavar loiça, embalagem de 1 kg",,1.89,1.89,0,kg,€/Kg,,,https://driveimg1.intermarche.com/pt/Content/images/boitmal/produit/zoom/D8090F73E97416F92FF4C25B1B1ED407.jpg,,,2025-02-26T23:59:59.999999999Z,PROSPECTUS,13,3,,,,,
12066,5604260194063,1000.0,PorSi Viva Bem,Bebida de soja com cálcio,Embalagem de 1 litro,0.79,0.79,1000,L,€/L,,,https://driveimg1.intermarche.com/pt/Content/images/boitmal/produit/zoom/16537218BB43EA3E7F5AFCEAEC229452.jpg,,,2025-02-26T23:59:59.999999999Z,PROSPECTUS,13,3,,,,,
43980,5604260313631,300.0,PorSi,Gomas tijolos ácidos,Embalagem de 300 g,1.88,6.27,0,kg,€/Kg,,,https://driveimg1.intermarche.com/pt/Content/images/boitmal/produit/zoom/53384890085EE7D4C4841349E3EC7FA2.jpg,,,2025-02-26T23:59:59.999999999Z,PROSPECTUS,13,3,,,,,
13884,2891106000000,2000.0,PorSi Select,Frango do Campo Inteiro c/ Miúdos Programa Origens,Vendido ao peso,8.98,4.49,0,,€/Kg,,,https://driveimg1.intermarche.com/pt/Content/images/boitmal/produit/zoom/4004CE88E12A24D0AD85684C27210FBB.jpg,,,2025-02-26T23:59:59.999999999Z,PROSPECTUS,13,3,,,,,
25861,5603722509759,800.0,Mimosa,"Leite com chocolate, embalagem de 4 x 200 ml",,1.49,1.86,800,L,€/L,,,https://driveimg1.intermarche.com/pt/Content/images/boitmal/produit/zoom/4FE9754297F54084EBC31D72FBB55E4F.jpg,,,2025-02-26T23:59:59.999999999Z,PROSPECTUS,13,3,,,,,
38321,2696806000000,250.0,Padaria,Pão gémeos,250 g,0.59,2.36,0,kg,€/Kg,,,https://driveimg1.intermarche.com/pt/Content/images/boitmal/produit/zoom/A99E9F55D9FD5180D848A5ADDB578F15.jpg,,,2025-02-26T23:59:59.999999999Z,PROSPECTUS,13,3,,,,,
52113,5604260328284,250.0,PorSi,"Massa Folhada Retangular, 250g",,0.9,3.6,0,kg,€/Kg,,,https://driveimg1.intermarche.com/pt/Content/images/boitmal/produit/zoom/BD56B28BB08B2440A44C358FCF37B91F.jpg,,,2025-02-26T23:59:59.999999999Z,PROSPECTUS,13,3,,,,,
9184,5602348062754,70.0,Damatta,Presunto sabor português fatiado,Embalagem de 70 g,2.29,32.71,0,kg,€/Kg,,,https://driveimg1.intermarche.com/pt/Content/images/boitmal/produit/zoom/9AE2DBDD0E054DD3DCAC93A9D0EE8ECE.jpg,,,2025-03-05T23:59:59.999999999Z,PROSPECTUS,13,3,,,,,
11465,5601018003608,1000.0,Matinal,"Leite seleccionado magro, de 1l",,0.99,0.99,1000,L,€/L,,,https://driveimg1.intermarche.com/pt/Content/images/boitmal/produit/zoom/F46A1F399BBA63407EB01F30929F5649.jpg,,,2025-02-26T23:59:59.999999999Z,PROSPECTUS,13,3,,,,,
2779,8410180108038,185.0,Artiach,Bolachas infantil dinossauros,Embalagem de 190g,1.69,9.14,0,kg,€/Kg,,,https://driveimg1.intermarche.com/pt/Content/images/boitmal/produit/zoom/93FFBED3F451AE6676EBADF170E0F9AC.jpg,,,2025-02-26T23:59:59.999999999Z,PROSPECTUS,13,3,,,,,
49479,5601151969465,1750.0,Sumol,"Refrigerante com gás laranja sem açúcar, garrafa de 1.75 l",,1.39,0.79,1750,L,€/L,,,https://driveimg1.intermarche.com/pt/Content/images/boitmal/produit/zoom/2C9EA736E0FA19E563FFE02E6CEDCCF6.jpg,,,2025-02-26T23:59:59.999999999Z,PROSPECTUS,13,3,,,,,
8222,5411188553304,1000.0,Alpro,"Bebida de soja com cálcio, embalagem de 1 l",,1.69,1.69,1000,L,€/L,,,https://driveimg1.intermarche.com/pt/Content/images/boitmal/produit/zoom/E93FBC9C48DDB0A312E01AACFB10CDEE.jpg,,,2025-02-26T23:59:59.999999999Z,PROSPECTUS,13,3,,,,,
1292,5601151354452,1000.0,Compal,"Néctar vital equilibrio manga e laranja, 1 l",,1.49,1.49,1000,L,€/L,,,https://driveimg1.intermarche.com/pt/Content/images/boitmal/produit/zoom/1F825A70CAB773F623AA6F5B800DE1F4.jpg,,,2025-02-26T23:59:59.999999999Z,PROSPECTUS,13,3,,,,,
17896,5601082053523,220.0,Delta,Café moagem universal portugal,Embalagem de 220g,2.89,13.14,0,kg,€/Kg,,,https://driveimg1.intermarche.com/pt/Content/images/boitmal/produit/zoom/8DECD8723F3B1FF05BE365D14A112688.jpg,,,2025-02-26T23:59:59.999999999Z,PROSPECTUS,13,3,,,,,
2749,8410063046532,350.0,Pescanova,"Miolo de camarão 80/100, embalagem de 350g",,6.99,19.97,0,kg,€/Kg,,Tipo de stockagem,https://driveimg1.intermarche.com/pt/Content/images/boitmal/produit/zoom/0EA75135180DC26543A97F342303334A.jpg,,,2025-02-26T23:59:59.999999999Z,PROSPECTUS,13,3,,,,,
17873,8718951037885,500.0,Ajax,"Limpa vidros recarga tripla ação, 500 ml",,1.79,3.58,500,L,€/L,,,https://driveimg1.intermarche.com/pt/Content/images/boitmal/produit/zoom/D0A7A0C399BF07DEEA9FD446034A3D4F.jpg,,,2025-02-26T23:59:59.999999999Z,PROSPECTUS,13,3,,,,,
5143,5601096201309,750.0,Casal Garcia,"Vinho verde branco, garrafa de 0.75 l",,3.49,4.65,750,L,€/L,,,https://driveimg1.intermarche.com/pt/Content/images/boitmal/produit/zoom/C499325EC5B55389E1608DCDF3310034.jpg,,,2025-03-05T23:59:59.999999999Z,PROSPECTUS,13,3,,,,,
1279,5601151123362,1000.0,Bongo,"Néctar de 8 frutos, garrafa de 1l",,1.34,1.34,1000,L,€/L,,,https://driveimg1.intermarche.com/pt/Content/images/boitmal/produit/zoom/DDDD7150C72E25EE2FF7F3F4EC28BE9B.jpg,,,2025-02-26T23:59:59.999999999Z,PROSPECTUS,13,4,,,,,
16607,8712561521529,700.0,Cif,"Creme abrasivo original, de 700 ml",,2.69,3.84,700,L,€/L,,,https://driveimg1.intermarche.com/pt/Content/images/boitmal/produit/zoom/30CCCA0B503F489882A8FCB31275E9C6.jpg,,,2025-02-26T23:59:59.999999999Z,PROSPECTUS,13,4,,,,,
31436,5607233508829,750.0,Panrico,Pão de forma especial torradas,Embalagem de 750g,1.95,2.6,0,kg,€/Kg,,,https://driveimg1.intermarche.com/pt/Content/images/boitmal/produit/zoom/E55F9FC30ED3A9561F136B69689D41FE.jpg,,,2025-02-26T23:59:59.999999999Z,PROSPECTUS,13,4,,,,,
33021,5601260048105,1000.0,Saludães,"Arroz basmati, embalagem de 1 kg",,2.49,2.49,0,kg,€/Kg,,,https://driveimg1.intermarche.com/pt/Content/images/boitmal/produit/zoom/69B2912DAB5813399DDCD1424E089110.jpg,,,2025-02-26T23:59:59.999999999Z,PROSPECTUS,13,4,,,,,
9935,7622300292508,180.0,Milka,"Bolachas waffers com chocolate de leite, embalagem de 180g",,2.89,16.06,0,kg,€/Kg,,,https://driveimg1.intermarche.com/pt/Content/images/boitmal/produit/zoom/132C2281B0740C0C10F96F86AAA41513.jpg,,,2025-02-26T23:59:59.999999999Z,PROSPECTUS,13,4,,,,,
37808,5604260301102,,PorSi,Fralda cueca T5 - 12 a 18 kg,20 unidades,4.69,4.69,0,,€/Unidade,,,https://driveimg1.intermarche.com/pt/Content/images/boitmal/produit/zoom/4AD0583238D4578F6A92756D29B28A77.jpg,,,2025-02-26T23:59:59.999999999Z,PROSPECTUS,13,4,,,,,
15921,2696132000000,650.0,Pastelaria,Tarte de Flan,embalagem com 650g,3.99,6.14,0,kg,€/Kg,,,https://driveimg1.intermarche.com/pt/Content/images/boitmal/produit/zoom/27A5BDE3187D3D3C51C647BB82D32136.jpg,,,2025-02-26T23:59:59.999999999Z,PROSPECTUS,13,4,,,,,
19586,8435257028057,720.0,Longa vida,"Iogurte aroma 0% tutti fruti/coco, embalagem de 6 x 120g",,2.29,3.18,0,kg,€/Kg,,,https://driveimg1.intermarche.com/pt/Content/images/boitmal/produit/zoom/6FEC33DAE59256CBE3074F3F03199908.jpg,,,2025-02-26T23:59:59.999999999Z,PROSPECTUS,13,4,,,,,
8521,5601119956810,120.0,Nobre,"Fiambre perna extra fatiado, embalagem de 120g",,1.89,15.75,0,kg,€/Kg,,,https://driveimg1.intermarche.com/pt/Content/images/boitmal/produit/zoom/B962872D940BF7EEEBDD095332A56017.jpg,,,2025-02-26T23:59:59.999999999Z,PROSPECTUS,13,4,,,,,
12356,8410108122535,,Dodot,Toalhitas Sensitive |Recarga,Pack: 4 x54 unidades,5.99,5.99,0,,€/Unidade,,,https://driveimg1.intermarche.com/pt/Content/images/boitmal/produit/zoom/2D442A68E931C2DF1957ADA0EF3AD2F3.jpg,https://driveimg1.intermarche.com/pt/Content/images/boitmal/produit/zoom/47D40D02C955E98DB96B03E04432FF85.jpg,https://driveimg1.intermarche.com/pt/Content/images/boitmal/produit/zoom/47D40D02C955E98DB96B03E04432FF85.jpg,2025-02-26T23:59:59.999999999Z,PROSPECTUS,13,4,,,,,
15979,5601119242364,650.0,Nobre,"Salsichas de aves extra suculentas, frasco de 650g",,2.09,3.22,0,kg,€/Kg,,,https://driveimg1.intermarche.com/pt/Content/images/boitmal/produit/zoom/F9B3EEFB29AFDD46B059DC76A73501AE.jpg,,,2025-02-26T23:59:59.999999999Z,PROSPECTUS,13,4,,,,,
24413,8410436297783,1300.0,Sonasol,"Lava tudo PH neutro, embalagem de 1,3l",,2.09,1.61,1300,L,€/L,,,https://driveimg1.intermarche.com/pt/Content/images/boitmal/produit/zoom/40B27BFEEAC61B53B8E103581B41FECE.jpg,,,2025-02-26T23:59:59.999999999Z,PROSPECTUS,13,4,,,,,
419,8718114882536,50.0,Knorr,"Sopa de cebola, embalagem de 50g",,1.6,32.0,0,kg,€/Kg,,,https://driveimg1.intermarche.com/pt/Content/images/boitmal/produit/zoom/40DE8A4B0CCB6E254052E81CFB00180A.jpg,,,2025-02-26T23:59:59.999999999Z,PROSPECTUS,13,4,,,,,
11585,5601151540817,600.0,Compal,"Néctar tutti fruti, pack 3 x 200 ml",,1.35,2.25,600,L,€/L,,,https://driveimg1.intermarche.com/pt/Content/images/boitmal/produit/zoom/E9C042C28F6E0C8FC94CAE675AF583BD.jpg,,,2025-02-26T23:59:59.999999999Z,PROSPECTUS,13,4,,,,,
1164,5601089080621,22.0,Boca Doce,"Pudim de chocolate, embalagem de 20g",,0.59,26.82,0,kg,€/Kg,,,https://driveimg1.intermarche.com/pt/Content/images/boitmal/produit/zoom/1E813E1E60C2ED52ABE328684BBB365A.jpg,,,2025-02-26T23:59:59.999999999Z,PROSPECTUS,13,4,,,,,
22164,5601260254056,500.0,Saludães,"Arroz doce especial, embalagem de 500g",,0.83,1.66,0,kg,€/Kg,,,https://driveimg1.intermarche.com/pt/Content/images/boitmal/produit/zoom/C73C7DA612DE17339FC2172D24F6B83B.jpg,,,2025-02-26T23:59:59.999999999Z,PROSPECTUS,13,4,,,,,
25735,5000116112173,208.0,Capitão Iglo,"10 nuggets peito de frango e queijo, embalagem de 210g",,5.99,28.8,0,kg,€/Kg,,Tipo de stockagem,https://driveimg1.intermarche.com/pt/Content/images/boitmal/produit/zoom/C51CDDEB144DBFB12E5D153B5560BAD5.jpg,,,2025-02-26T23:59:59.999999999Z,PROSPECTUS,13,4,,,,,
41226,5601050036572,440.0,Danone,"Oikos morango, embalagem de 4 x 110g",,1.99,4.52,0,kg,€/Kg,,,https://driveimg1.intermarche.com/pt/Content/images/boitmal/produit/zoom/2653493E2B1190B7D8AE6B95BAB9D958.jpg,,,2025-02-26T23:59:59.999999999Z,PROSPECTUS,13,4,,,,,
43374,5604260307166,250.0,PorSi,Morcela assar fundao,Embalagem de 250g,2.59,10.36,0,kg,€/Kg,,,https://driveimg1.intermarche.com/pt/Content/images/boitmal/produit/zoom/A6811FFD06B5A9C3E2DC28983E04EF86.jpg,https://driveimg1.intermarche.com/pt/Content/images/boitmal/produit/zoom/18CE59FFC257102F97438AA54E07B2CC.jpg,https://driveimg1.intermarche.com/pt/Content/images/boitmal/produit/zoom/18CE59FFC257102F97438AA54E07B2CC.jpg,2025-03-05T23:59:59.999999999Z,PROSPECTUS,13,4,https://driveimg1.intermarche.com/pt/Content/images/boitmal/produit/zoom/18CE59FFC257102F97438AA54E07B2CC.jpg,https://driveimg1.intermarche.com/pt/Content/images/boitmal/produit/zoom/18CE59FFC257102F97438AA54E07B2CC.jpg,,,
46840,5604260318957,750.0,PorSi Viva Bem,"Iogurtes magros aroma manga,  6 x 125 g",,1.2,1.6,0,kg,€/Kg,,,https://driveimg1.intermarche.com/pt/Content/images/boitmal/produit/zoom/94673AB82AD98D45564340DC8660A87A.jpg,,,2025-02-26T23:59:59.999999999Z,PROSPECTUS,13,4,,,,,
5438,5601314222222,1980.0,Vitalis,"Água mineral sem gás, pack 6 x 0.33 l",,1.39,0.7,1980,L,€/L,,,https://driveimg1.intermarche.com/pt/Content/images/boitmal/produit/zoom/33D50EDEE051731540B4213BFFB43642.jpg,,,2025-02-26T23:59:59.999999999Z,PROSPECTUS,13,4,,,,,
13094,2893070000000,150.0,Peixaria,Carapau Médio Fresco,1 un = 150 gr (aprox.),0.52,3.49,0,,€/Kg,,,https://driveimg1.intermarche.com/pt/Content/images/boitmal/produit/zoom/C719A6444DC37C9A261D77254DB81336.jpg,,,2025-02-26T23:59:59.999999999Z,PROSPECTUS,13,4,,,,,
1468,5601286250780,500.0,Milaneza,"Massa maçarronete riscado, embalagem de 500g",,1.04,2.08,0,kg,€/Kg,,,https://driveimg1.intermarche.com/pt/Content/images/boitmal/produit/zoom/BA4109E5185276DFC6B9D6597899335A.jpg,,,2025-02-26T23:59:59.999999999Z,PROSPECTUS,13,4,,,,,
42850,5604260307623,400.0,PorSi Viva Bem,"Especialidade de soja natural,  4 x 100 g",,1.35,3.38,0,kg,€/Kg,,,https://driveimg1.intermarche.com/pt/Content/images/boitmal/produit/zoom/DB9725133F1B2FF31F4BB486DF7451DE.jpg,,,2025-02-26T23:59:59.999999999Z,PROSPECTUS,13,4,,,,,
10669,8714789703046,360.0,Palmolive,"Sabonete sensitive, 4x90 g",,3.59,9.97,0,kg,€/Kg,,,https://driveimg1.intermarche.com/pt/Content/images/boitmal/produit/zoom/8140413D2E9C838D4EEF2E30218B12BC.jpg,,,2025-02-26T23:59:59.999999999Z,PROSPECTUS,13,4,,,,,
1331,5601165006255,259.0,Calvé,"Molho de alho, embalagem de 260g",,1.94,7.49,0,kg,€/Kg,,,https://driveimg1.intermarche.com/pt/Content/images/boitmal/produit/zoom/250292652676F63A9916D46B501BCEC4.jpg,https://driveimg1.intermarche.com/pt/Content/images/boitmal/produit/zoom/5F13F0DF96776682A865C5AC21E8DB42.jpg,https://driveimg1.intermarche.com/pt/Content/images/boitmal/produit/zoom/5F13F0DF96776682A865C5AC21E8DB42.jpg,2025-02-26T23:59:59.999999999Z,PROSPECTUS,13,4,https://driveimg1.intermarche.com/pt/Content/images/boitmal/produit/zoom/5F13F0DF96776682A865C5AC21E8DB42.jpg,https://driveimg1.intermarche.com/pt/Content/images/boitmal/produit/zoom/5F13F0DF96776682A865C5AC21E8DB42.jpg,,,
14510,5411188116592,1000.0,Alpro,"Bebida coco, embalagem de 1l",,1.99,1.99,1000,L,€/L,,,https://driveimg1.intermarche.com/pt/Content/images/boitmal/produit/zoom/3169716B6C6ACB981FBF106D130524DA.jpg,,,2025-02-26T23:59:59.999999999Z,PROSPECTUS,13,4,,,,,
24414,8410436297691,1300.0,Sonasol,"Lava tudo camomila e flor de laranjeira, 1,3l",,2.09,1.61,1300,L,€/L,,,https://driveimg1.intermarche.com/pt/Content/images/boitmal/produit/zoom/C67C521AD0B096D9F596A17B56363CA4.jpg,,,2025-02-26T23:59:59.999999999Z,PROSPECTUS,13,4,,,,,
26062,5601082041742,220.0,Delta,Café moagem universal timor,Embalagem de 220g,3.09,14.05,0,kg,€/Kg,,,https://driveimg1.intermarche.com/pt/Content/images/boitmal/produit/zoom/1A3EA6EE2397FA350913A71DB568B354.jpg,,,2025-02-26T23:59:59.999999999Z,PROSPECTUS,13,4,,,,,
40672,5609060095992,100.0,Delta,Café solúvel intenso,Embalagem de 100g,3.09,30.9,0,kg,€/Kg,,,https://driveimg1.intermarche.com/pt/Content/images/boitmal/produit/zoom/9D4895AD34340D994C0746A03FC85B3A.jpg,,,2025-02-26T23:59:59.999999999Z,PROSPECTUS,13,4,,,,,
40745,5604260303847,500.0,PorSi,Polpa de tomate,Embalagem de 500 g,0.99,1.98,0,kg,€/Kg,,,https://driveimg1.intermarche.com/pt/Content/images/boitmal/produit/zoom/5CE6F013651D968E9E37EBC7E7070E26.jpg,,,2025-02-26T23:59:59.999999999Z,PROSPECTUS,13,4,,,,,
43974,5604260313648,300.0,PorSi,Gomas amoras,Embalagem de 300 g,1.88,6.27,0,kg,€/Kg,,,https://driveimg1.intermarche.com/pt/Content/images/boitmal/produit/zoom/C1DCA72979EEF0661DC89812E00F5922.jpg,,,2025-02-26T23:59:59.999999999Z,PROSPECTUS,13,4,,,,,
50416,8410500028268,900.0,Danone,"Iogurte Natural Oikos,  900g",,4.19,4.66,0,kg,€/Kg,,,https://driveimg1.intermarche.com/pt/Content/images/boitmal/produit/zoom/BE2729F7AF85DB2F2D16166480DF9AA2.jpg,,,2025-02-26T23:59:59.999999999Z,PROSPECTUS,13,4,,,,,
9255,5603124024140,545.0,Mistolin,"Tira gorduras recarga, de 550 ml",,2.89,5.3,545,L,€/L,,,https://driveimg1.intermarche.com/pt/Content/images/boitmal/produit/zoom/687EAA7C10E8372C470B9350CC205D49.jpg,,,2025-02-26T23:59:59.999999999Z,PROSPECTUS,13,4,,,,,
10274,8410436242172,1100.0,Sonasol,"Lava Tudo Brilhante Floral, embalagem 1,1l",,2.79,2.54,1100,L,€/L,,,https://driveimg1.intermarche.com/pt/Content/images/boitmal/produit/zoom/01F5925CB3ADDDABA2B9F66C7D55728C.jpg,,,2025-02-26T23:59:59.999999999Z,PROSPECTUS,13,4,,,,,
20477,8714789876801,650.0,Palmolive,Gel Banho Coco,Embalagem de 650 ml,3.29,5.06,650,L,€/L,,,https://driveimg1.intermarche.com/pt/Content/images/boitmal/produit/zoom/C841EAB15BFBC711E7703D2FB84F7757.jpg,,,2025-02-26T23:59:59.999999999Z,PROSPECTUS,13,4,,,,,
2676,8410000809831,160.0,Artiach,"Bolachas chiquilin ositos de mel, embalagem de 160g",,1.69,10.56,0,kg,€/Kg,,,https://driveimg1.intermarche.com/pt/Content/images/boitmal/produit/zoom/7F651091C0FC8F1A45FAC9DC89A926AB.jpg,,,2025-02-26T23:59:59.999999999Z,PROSPECTUS,13,4,,,,,
43978,5604260313617,300.0,PorSi,"Gomas minhocas ácidas, 300 g",,1.74,5.8,0,kg,€/Kg,,,https://driveimg1.intermarche.com/pt/Content/images/boitmal/produit/zoom/2A635EF4B5C524C74BDF9DE6971736C5.jpg,,,2025-02-26T23:59:59.999999999Z,PROSPECTUS,13,4,,,,,
8388,5601049152993,1000.0,Mimosa,"Leite especial cálcio + vitamina d m/g, de 1l",,0.98,0.98,1000,L,€/L,,,https://driveimg1.intermarche.com/pt/Content/images/boitmal/produit/zoom/AE995344CF7D57F674EA8EE465C57CA4.jpg,,,2025-02-26T23:59:59.999999999Z,PROSPECTUS,13,4,,,,,
950,5601008100058,125.0,Vieira de Castro,"Bolachas de água e sal, embalagem de 125g",,0.74,5.92,0,kg,€/Kg,,,https://driveimg1.intermarche.com/pt/Content/images/boitmal/produit/zoom/5EC30A0846C4DC333D34FC492D84EC59.jpg,,,2025-02-26T23:59:59.999999999Z,PROSPECTUS,13,4,,,,,
11588,5601151540909,600.0,Compal,"Néctar pêssego, pack 3 x 200 ml",,1.35,2.25,600,L,€/L,,,https://driveimg1.intermarche.com/pt/Content/images/boitmal/produit/zoom/AF3FB6DEEC4349ABAE7189D1F661A578.jpg,,,2025-02-26T23:59:59.999999999Z,PROSPECTUS,13,4,,,,,
1438,5601260047108,1000.0,Saludães,Arroz agulha,Embalagem de 1kg,1.34,1.34,0,kg,€/Kg,,,https://driveimg1.intermarche.com/pt/Content/images/boitmal/produit/zoom/B47152EFC4F603CBADD3130829B29F08.jpg,,,2025-02-26T23:59:59.999999999Z,PROSPECTUS,13,4,,,,,
1458,5601286220783,500.0,Milaneza,"Massa de cotovelos grossos, embalagem de 500g",,1.04,2.08,0,kg,€/Kg,,,https://driveimg1.intermarche.com/pt/Content/images/boitmal/produit/zoom/D93D679931815D69DD3322F399FB1B55.jpg,,,2025-02-26T23:59:59.999999999Z,PROSPECTUS,13,4,,,,,
25108,5601226041720,750.0,Ucal,"Leite uht com chocolate, embalagem de 3 x 250 ml",,2.29,3.05,750,L,€/L,,,https://driveimg1.intermarche.com/pt/Content/images/boitmal/produit/zoom/7D29449DA2FD72495E3738757304836A.jpg,,,2025-02-26T23:59:59.999999999Z,PROSPECTUS,13,4,,,,,
25262,5000116112166,208.0,Capitão Iglo,"10 nuggets de frango, embalagem de 210g",,5.99,28.8,0,kg,€/Kg,,Tipo de stockagem,https://driveimg1.intermarche.com/pt/Content/images/boitmal/produit/zoom/CF1467DF1CD91C352F5C2C303E0557A7.jpg,,,2025-02-26T23:59:59.999999999Z,PROSPECTUS,13,4,,,,,
33090,5411188112709,1000.0,Alpro,"Bebida amêndoa torrada sem açúcar, embalagem de 1litro",,1.99,1.99,1000,L,€/L,,,https://driveimg1.intermarche.com/pt/Content/images/boitmal/produit/zoom/66C6488BDB769AFC2D2A2697199C34D6.jpg,,,2025-02-26T23:59:59.999999999Z,PROSPECTUS,13,4,,,,,
35560,5601151973745,3500.0,Seven Up,"Refrigerante de lima e limão com gás regular, pack de 2 x 1.75 l",,3.38,0.97,3500,L,€/L,,,https://driveimg1.intermarche.com/pt/Content/images/boitmal/produit/zoom/5CD5A622753D3356E9D019035298E5D4.jpg,,,2025-02-26T23:59:59.999999999Z,PROSPECTUS,13,4,,,,,
41582,5601050036626,440.0,Danone,"Iogurte grego café, embalagem de 4 x 110g",,1.99,4.52,0,kg,€/Kg,,,https://driveimg1.intermarche.com/pt/Content/images/boitmal/produit/zoom/EF95F2D28E70847A0AC4BCB56F85C051.jpg,,,2025-02-26T23:59:59.999999999Z,PROSPECTUS,13,4,,,,,
42777,5604260307159,250.0,PorSi,Farinheira do fundão,Embalagem de 250g,2.49,9.96,0,kg,€/Kg,,,https://driveimg1.intermarche.com/pt/Content/images/boitmal/produit/zoom/AE100699EBB2063DCA1EEE97793A4DD8.jpg,,,2025-03-05T23:59:59.999999999Z,PROSPECTUS,13,4,,,,,
50630,5603722521461,1208.0,Mimosa,"Iogurte magro liquido de ananas e manga, 8x151ml",,2.99,2.48,1208,L,€/L,,,https://driveimg1.intermarche.com/pt/Content/images/boitmal/produit/zoom/391469C60827762112BDD90CD5A7ACC1.jpg,,,2025-02-26T23:59:59.999999999Z,PROSPECTUS,13,4,,,,,
51539,8410436441971,1250.0,Sonasol,"Lava Tudo Amoniacal, 1.25 litros",,2.09,1.67,1250,L,€/L,,,https://driveimg1.intermarche.com/pt/Content/images/boitmal/produit/zoom/ADC2C768ECFDB2F140F8B3BBFE7C6F66.jpg,,,2025-02-26T23:59:59.999999999Z,PROSPECTUS,13,4,,,,,
5247,5601151720752,845.0,Compal,"Feijão frade, lata de 850g",,1.74,2.06,0,kg,€/Kg,,,https://driveimg1.intermarche.com/pt/Content/images/boitmal/produit/zoom/748A199E3B15682C5E3E960F2EBA8A1A.jpg,,,2025-02-26T23:59:59.999999999Z,PROSPECTUS,13,4,,,,,
6061,5608527000562,5000.0,Dom Campos,"Vinho branco região da península de setúbal, bag in box",Garrafa de 5 l,7.99,1.6,5000,L,€/L,,,https://driveimg1.intermarche.com/pt/Content/images/boitmal/produit/zoom/BA44EC5E1422F4CEC2E3E732DF2E9AB6.jpg,,,2025-03-05T23:59:59.999999999Z,PROSPECTUS,13,4,,,,,
17595,5411188115366,1000.0,Alpro,"Bebida aveia, embalagem de 1 litro",,1.89,1.89,1000,L,€/L,,,https://driveimg1.intermarche.com/pt/Content/images/boitmal/produit/zoom/F5E08DFF719942D46F9D4BF500500435.jpg,,,2025-02-26T23:59:59.999999999Z,PROSPECTUS,13,4,,,,,
20912,5601096227309,750.0,Aveleda,"Vinho verde branco loureiro/alvarinho, garrafa de 0.75 l",,3.89,5.19,750,L,€/L,,,https://driveimg1.intermarche.com/pt/Content/images/boitmal/produit/zoom/0EDCFE54C28A289AA37078E6B8F87858.jpg,,,2025-03-05T23:59:59.999999999Z,PROSPECTUS,13,4,,,,,
23652,8712000900175,6000.0,Heineken,"Cerveja com álcool, pack 24 x 0.25 l",,14.99,2.5,6000,L,€/L,,,https://driveimg1.intermarche.com/pt/Content/images/boitmal/produit/zoom/AB5BBEB462A56533212E5950F8D46993.jpg,,,2025-02-26T23:59:59.999999999Z,PROSPECTUS,13,4,,,,,
31551,8414100333241,250.0,Schweppes,"Schweppes tónica zero, garrafa de 250 ml",,0.71,2.84,250,L,€/L,,,https://driveimg1.intermarche.com/pt/Content/images/boitmal/produit/zoom/4DBFD7A80C20CF9D74FFDE40B52421E2.jpg,,,2025-02-26T23:59:59.999999999Z,PROSPECTUS,13,4,,,,,
41384,5601050036602,440.0,Danone,"Iogurte grego oikos stracciatella, embalagem de 4 x 110g",,1.99,4.52,0,kg,€/Kg,,,https://driveimg1.intermarche.com/pt/Content/images/boitmal/produit/zoom/4F7A349ED222FA644F51711D6A4D74B4.jpg,,,2025-02-26T23:59:59.999999999Z,PROSPECTUS,13,4,,,,,
47635,8412600018316,300.0,Bimbo,Bimbo® bagels clássico 4 un.,Embalagem de 300g,2.34,7.8,0,kg,€/Kg,,,https://driveimg1.intermarche.com/pt/Content/images/boitmal/produit/zoom/E29B7F13889FE8AF18A9C1C0F8DAA10D.jpg,,,2025-02-26T23:59:59.999999999Z,PROSPECTUS,13,4,,,,,
49392,4001724039204,320.0,Dr. Oetker,Pizza Ristorante Pepperoni-Salame,Embalagem de 320g,3.69,11.53,0,kg,€/Kg,,Tipo de stockagem,https://driveimg1.intermarche.com/pt/Content/images/boitmal/produit/zoom/97020808BED188B1A034BCC8DC6633CF.jpg,,,2025-02-26T23:59:59.999999999Z,PROSPECTUS,13,4,,,,,
