identifier,produitEan13,capacite,marque,libelle,conditionnement,prix,unitPrice,volume,typeProduit_uniteByCode,unit_value,pictogrammes_0,pictogrammes_libelleCategorie,images_0,images_1,images_2,images_3,images_4,avantages_dateFin,avantages_categorie,nro_paginas,page,images_5,images_6
13914,2891225000000,350.0,Frango,Perna com Costa,1 un. = 300 g (aprox.),0.87,2.49,0,,€/Kg,,,https://driveimg1.intermarche.com/pt/Content/images/boitmal/produit/zoom/D1297D1CD095629263E582A65B4C3857.jpg,,,,,2025-10-22T23:59:59+01:00,PROSPECTUS,14,1,,
1195,5601119230224,650.0,Nobre,"Salsichas extra suculentas, frasco de 650 g",,2.23,3.43,0,kg,€/Kg,,,https://driveimg1.intermarche.com/pt/Content/images/boitmal/produit/zoom/F74C2FC7C8B9C0B3ED0E43FFE3B59991.jpg,,,,,2025-10-22T23:59:59+01:00,PROSPECTUS,14,1,,
40976,5604172000353,5000.0,Monchique,"Água mineral natural alcalina, garrafão de 5 l",,1.48,0.3,5000,L,€/L,,,https://driveimg1.intermarche.com/pt/Content/images/boitmal/produit/zoom/2BACA310CD77083BBEB3152C5063FFEE.jpg,,,,,2025-10-22T23:59:59+01:00,PROSPECTUS,14,1,,
54321,8718951477957,100.0,Colgate,"Pasta De Dentes Tripla Ação, 100ml",,2.14,21.4,100,L,€/L,,,https://driveimg1.intermarche.com/pt/Content/images/boitmal/produit/zoom/314A8AD6D21192FE5E061EE56C598725.jpg,https://driveimg1.intermarche.com/pt/Content/images/boitmal/produit/zoom/9ADDEB220D16C8DAE54C517CBC09DC55.jpg,https://driveimg1.intermarche.com/pt/Content/images/boitmal/produit/zoom/9ADDEB220D16C8DAE54C517CBC09DC55.jpg,https://driveimg1.intermarche.com/pt/Content/images/boitmal/produit/zoom/9ADDEB220D16C8DAE54C517CBC09DC55.jpg,,2025-10-22T23:59:59+01:00,PROSPECTUS,14,1,,
13048,2893561000000,250.0,Marisco,Ameijoa Branca Vietnamita Congelada,Vendido a partir de 250 gr  (aprox.),0.5,1.99,0,,€/Kg,,Avantages !,https://driveimg1.intermarche.com/pt/Content/images/boitmal/produit/zoom/EB1BC296FF41180E6F3E1626AD4F78AA.jpg,,,,,2025-10-22T23:59:59+01:00,PROSPECTUS,14,1,,
251,2696001000000,400.0,Padaria,Baguete,400 g,0.79,1.98,0,kg,€/Kg,,,https://driveimg1.intermarche.com/pt/Content/images/boitmal/produit/zoom/42C2E126B9E5B84C243F0668DEC3869F.jpg,,,,,2025-10-22T23:59:59+01:00,PROSPECTUS,14,1,,
17207,8006540943687,1800.0,Fairy,Detergente manual de loiça limão,Embalagem de 2 x 900 ml,6.99,3.88,1800,L,€/L,,,https://driveimg1.intermarche.com/pt/Content/images/boitmal/produit/zoom/B2EE328B1B3FB1BA0162E77ED87C40E9.jpg,,,,,2025-10-22T23:59:59+01:00,PROSPECTUS,14,1,,
12906,2892001000000,100.0,Fruta,Clementinas,1 un = 100 gr (aprox.),0.2,1.99,0,,€/Kg,,,https://driveimg1.intermarche.com/pt/Content/images/boitmal/produit/zoom/91DC72E142D597026B000E92136FFB70.jpg,,,,,2025-10-22T23:59:59+01:00,PROSPECTUS,14,1,,
18860,3147690060703,700.0,Gibson's,Gin dry,Garrafa de 700 ml,11.49,16.41,700,L,€/L,,,https://driveimg1.intermarche.com/pt/Content/images/boitmal/produit/zoom/EF3EC9468395BE2E5E25F964CCF5DAF7.jpg,,,,,2025-10-22T23:59:59+01:00,PROSPECTUS,14,1,,
15955,7613032408794,85.0,Purina Gourmet,"Comida húmida para gato peixe do oceano, embalagem de 90g",,0.87,10.24,0,kg,€/Kg,,,https://driveimg1.intermarche.com/pt/Content/images/boitmal/produit/zoom/FEEA8DEA9BB460BB34BF8E0ADF22D62F.jpg,,,,,2025-10-22T23:59:59+01:00,PROSPECTUS,14,1,,
21766,7613035487840,90.0,Nestlé,Fruta para bebé banana laranja bolacha +6 meses,Embalagem de 90g,0.65,7.22,0,kg,€/Kg,,,https://driveimg1.intermarche.com/pt/Content/images/boitmal/produit/zoom/A8104E7B3738DD14CEF192706B16EFC4.jpg,,,,,2025-10-22T23:59:59+01:00,PROSPECTUS,14,1,,
18628,5601028002707,,Renova,Rolo de Cozinha Multi,4 Rolos,1.49,1.49,0,,€/Unidade,,,https://driveimg1.intermarche.com/pt/Content/images/boitmal/produit/zoom/A6A18C9DEB55952EA54214B88A2CC38D.jpg,,,,,2025-10-22T23:59:59+01:00,PROSPECTUS,14,1,,
10095,8435257040899,640.0,Nestlé,"Iogurte líquido yoggi morango, embalagem de 4 x 160g",,1.99,3.11,0,kg,€/Kg,,,https://driveimg1.intermarche.com/pt/Content/images/boitmal/produit/zoom/BCBB1C4518CDF8045B46EB41CD173E54.jpg,,,,,2025-10-22T23:59:59+01:00,PROSPECTUS,14,1,,
54482,8700216266079,330.0,H&S,"Champô Homem Anticaspa Antiqueda, 330ml",,4.94,14.97,330,L,€/L,,,https://driveimg1.intermarche.com/pt/Content/images/boitmal/produit/zoom/B1420827EBC3BDE04661DEF9D75824F1.jpg,,,,,2025-10-22T23:59:59+01:00,PROSPECTUS,14,1,,
19608,7613035376861,90.0,Nestlé,Fruta para bebé maçã cenoura manga +6 meses,Embalagem de 90g,0.65,7.22,0,kg,€/Kg,,,https://driveimg1.intermarche.com/pt/Content/images/boitmal/produit/zoom/E13C913249530CE7ED9D191950EA3924.jpg,,,,,2025-10-22T23:59:59+01:00,PROSPECTUS,14,1,,
26414,5000116110919,1042.0,Capitão Iglo,"50 nuggets de frango, embalagem de 1042g",,12.99,12.47,0,kg,€/Kg,,Tipo de stockagem,https://driveimg1.intermarche.com/pt/Content/images/boitmal/produit/zoom/D97E3080A57234D7462734347713E694.jpg,,,,,2025-10-22T23:59:59+01:00,PROSPECTUS,14,1,,
15507,5601050031621,480.0,Danone,"Iogurte activia cremoso coco,  4 x 120 g",,1.99,4.15,0,kg,€/Kg,,,https://driveimg1.intermarche.com/pt/Content/images/boitmal/produit/zoom/C7C13400244FC9F141DCEBAD00E0F9D5.jpg,,,,,2025-10-22T23:59:59+01:00,PROSPECTUS,14,1,,
2474,7613032408602,85.0,Purina Gourmet,"Comida húmida para gato vaca e frango, embalagem de 90g",,0.87,10.24,0,kg,€/Kg,,,https://driveimg1.intermarche.com/pt/Content/images/boitmal/produit/zoom/571C1A9D6D5EE4C101463565EC0CDDDE.jpg,,,,,2025-10-22T23:59:59+01:00,PROSPECTUS,14,1,,
26047,8412600070994,650.0,Bimbo,Pão de forma s/ côdea,Embalagem de 650 g,2.14,3.29,0,kg,€/Kg,,,https://driveimg1.intermarche.com/pt/Content/images/boitmal/produit/zoom/5D9620F17746A1D49642D0DCBD72A2D3.jpg,,,,,2025-10-22T23:59:59+01:00,PROSPECTUS,14,1,,
12994,2892524000000,100.0,Legumes,Cenoura Granel,1 un = 100 gr (aprox.),0.09,0.89,0,,€/Kg,,,https://driveimg1.intermarche.com/pt/Content/images/boitmal/produit/zoom/5AEDEF3ED6ABEF24EACEE9C46AA7916F.jpg,,,,,2025-10-22T23:59:59+01:00,PROSPECTUS,14,1,,
24921,5604260281855,500.0,PorSi,Massa Espirais Tricolores 500g,,0.79,1.58,0,kg,€/Kg,,,https://driveimg1.intermarche.com/pt/Content/images/boitmal/produit/zoom/5CE58905BD4CA1FD470803CD9B488D04.jpg,,,,,2025-10-22T23:59:59+01:00,PROSPECTUS,14,1,,
13818,2892584000000,250.0,Legumes,Pimento Vermelho,1 un=250 gr (aprox.),0.5,1.99,0,,€/Kg,,,https://driveimg1.intermarche.com/pt/Content/images/boitmal/produit/zoom/F76C07448A59E6639379639A64EE2C63.jpg,,,,,2025-10-22T23:59:59+01:00,PROSPECTUS,14,1,,
12889,2892175000000,150.0,Fruta,Kiwi categoria II,1 un = 150 gr (aprox.),0.58,3.89,0,,€/Kg,,,https://driveimg1.intermarche.com/pt/Content/images/boitmal/produit/zoom/39D74C337E358C98856B0EB2FC79D7A8.jpg,,,,,2025-10-22T23:59:59+01:00,PROSPECTUS,14,1,,
34876,5604260285488,1500.0,PorSi,Maçã starking categoria II Programa Origens,Embalagem de 1.5 kg,1.99,1.33,0,kg,€/Kg,,,https://driveimg1.intermarche.com/pt/Content/images/boitmal/produit/zoom/AA6B73374DD1E7B1436CB2F99D3B721B.jpg,,,,,2025-10-22T23:59:59+01:00,PROSPECTUS,14,1,,
8383,5601049132995,1000.0,Mimosa,"Leite uht meio gordo, embalagem de 1litro",,0.9,0.9,1000,L,€/L,,,https://driveimg1.intermarche.com/pt/Content/images/boitmal/produit/zoom/6FB52C843F677BD37D399D45BB10B38B.jpg,https://driveimg1.intermarche.com/pt/Content/images/boitmal/produit/zoom/AE810093A08CEBD60415DCC626CF5804.jpg,https://driveimg1.intermarche.com/pt/Content/images/boitmal/produit/zoom/A0562293538F541B1B99592AA046327B.jpg,,,2025-10-22T23:59:59+01:00,PROSPECTUS,14,1,,
12928,2892050000000,2000.0,Fruta,Abacaxi,1 un = 2kg ( aprox.),2.18,1.09,0,,€/Kg,,,https://driveimg1.intermarche.com/pt/Content/images/boitmal/produit/zoom/90A3F01E4C59C42862CFF43094D79900.jpg,,,,,2025-10-22T23:59:59+01:00,PROSPECTUS,14,1,,
13813,2892489000000,250.0,Legumes,Batata Doce,1 un = 250 gr  (aprox.),0.35,1.39,0,,€/Kg,,,https://driveimg1.intermarche.com/pt/Content/images/boitmal/produit/zoom/B0785A3D8A1A6773EB1FB43B119AC4D9.jpg,,,,,2025-10-22T23:59:59+01:00,PROSPECTUS,14,1,,
250,2892150000000,300.0,Fruta,Abacate,1 un. = 300 g (aprox.),1.08,3.59,0,,€/Kg,,,https://driveimg1.intermarche.com/pt/Content/images/boitmal/produit/zoom/E9095394002D145B7F2ABE932415A1F1.jpg,,,,,2025-10-22T23:59:59+01:00,PROSPECTUS,14,1,,
11641,5601180001020,1000.0,Vigor,Leite pasteurizado meio gordo,Garrafa de 1 l,1.0,1.0,1000,L,€/L,,,https://driveimg1.intermarche.com/pt/Content/images/boitmal/produit/zoom/C25BCB5001E1A92DAA543A65EC5B2802.jpg,,,,,2025-10-22T23:59:59+01:00,PROSPECTUS,14,1,,
13781,2892323000000,250.0,Fruta,Uva Red Globe,1 un = 250 gr  (aprox.),0.62,2.49,0,,€/Kg,,,https://driveimg1.intermarche.com/pt/Content/images/boitmal/produit/zoom/0CB9D5C0FE47F5D642EA2D42574AAC35.jpg,,,,,2025-10-22T23:59:59+01:00,PROSPECTUS,14,1,,
13625,2893620000000,300.0,Peixaria,Salmão de viveiro à posta,1 un. = 300 g (aprox.),3.9,12.99,0,,€/Kg,,,https://driveimg1.intermarche.com/pt/Content/images/boitmal/produit/zoom/A170DAF9DE78983CFA7E8DD1EFE6A371.jpg,,,,,2025-10-22T23:59:59+01:00,PROSPECTUS,14,1,,
13947,2891125000000,150.0,Peru,Espetadas de Peru,1 un = 150 gr (aprox.),1.02,6.79,0,,€/Kg,,,https://driveimg1.intermarche.com/pt/Content/images/boitmal/produit/zoom/7051DD49B64096A6B46E7815DD618A85.jpg,,,,,2025-10-22T23:59:59+01:00,PROSPECTUS,14,1,,
56301,5604260336340,120.0,PorSi,Barra Cereais Bolas de Chocolate 120g,,1.29,10.75,0,kg,€/Kg,,,https://driveimg1.intermarche.com/pt/Content/images/boitmal/produit/zoom/C9B48935E46B3B686B321195951B7EAB.jpg,,,,,2025-10-22T23:59:59+01:00,PROSPECTUS,14,1,,
17272,2891375000000,800.0,Novilho,Carne p/ Estufar,Vendido ao peso a partir de 800 g,8.79,10.99,0,,€/Kg,,,https://driveimg1.intermarche.com/pt/Content/images/boitmal/produit/zoom/74A9E71258207F3FD300DB35B0F5BB18.jpg,,,,,2025-10-22T23:59:59+01:00,PROSPECTUS,14,1,,
32424,5604260285297,1000.0,PorSi,Leite Uht Magro 1l (sem Rosca),,0.85,0.85,1000,L,€/L,,,https://driveimg1.intermarche.com/pt/Content/images/boitmal/produit/zoom/EAABBB136A1B6AF34367792D3AF7B8DD.jpg,,,,,2025-10-22T23:59:59+01:00,PROSPECTUS,14,1,,
42179,5604260307777,441.0,PorSi,Nata Pasteurizada 30% Mg 45cl/ 441g,,2.79,6.33,0,kg,€/Kg,,,https://driveimg1.intermarche.com/pt/Content/images/boitmal/produit/zoom/6E34B08A0109E785FC983F0CB93196A9.jpg,,,,,2025-10-22T23:59:59+01:00,PROSPECTUS,14,1,,
44059,5601363012683,160.0,LayS,"Batata frita lisas originais, embalagem de 160g",,1.39,8.69,0,kg,€/Kg,,,https://driveimg1.intermarche.com/pt/Content/images/boitmal/produit/zoom/D6B617CBD0A985504B50100E928DB47C.jpg,,,,,2025-10-22T23:59:59+01:00,PROSPECTUS,14,1,,
5926,5604260256907,2000.0,PorSi,Lava Tudo Perfumado Lavanda,,0.99,0.5,2000,L,€/L,,,https://driveimg1.intermarche.com/pt/Content/images/boitmal/produit/zoom/01DD4B6F1EC514CE87AE4FA32F6F195B.jpg,,,,,2025-10-22T23:59:59+01:00,PROSPECTUS,14,1,,
12887,2892089000000,500.0,Fruta,Manga Barco,1 un = 500 gr (aprox.),1.25,2.49,0,,€/Kg,,,https://driveimg1.intermarche.com/pt/Content/images/boitmal/produit/zoom/7DE73DFAB226CDE947BB89C61333D3FE.jpg,,,,,2025-10-22T23:59:59+01:00,PROSPECTUS,14,1,,
1322,5601163011114,5400.0,Luso,"Água sem gás, garrafa de 5,4 l",,1.59,0.29,5400,L,€/L,,,https://driveimg1.intermarche.com/pt/Content/images/boitmal/produit/zoom/AA9320932FF184911C32006B7463EC74.jpg,,,,,2025-10-22T23:59:59+01:00,PROSPECTUS,14,1,,
2223,5604260266388,500.0,PorSi,Bolachas com Recheio Sabor Baunilha 500g,,1.59,3.18,0,kg,€/Kg,,,https://driveimg1.intermarche.com/pt/Content/images/boitmal/produit/zoom/629B86B30C117365C725FDCFA3AF6120.jpg,,,,,2025-10-22T23:59:59+01:00,PROSPECTUS,14,1,,
35132,5604260292691,400.0,PorSi,Preparado de Carne de Novilho 400 G,,4.79,11.98,0,kg,€/Kg,,,https://driveimg1.intermarche.com/pt/Content/images/boitmal/produit/zoom/FA237A273D27DEFFCEE4206F1593AE11.jpg,,,,,2025-10-22T23:59:59+01:00,PROSPECTUS,14,1,,
38418,5411188125808,400.0,Alpro,"Yofu soja e manga sem açúcar adicionado, de 400g",,2.69,6.73,0,kg,€/Kg,,,https://driveimg1.intermarche.com/pt/Content/images/boitmal/produit/zoom/3BB622CE7FCFFFFBE1BDE445F2F172B5.jpg,,,,,2025-10-22T23:59:59+01:00,PROSPECTUS,14,1,,
41622,5604260304585,5000.0,PorSi,Areia para Gatos Mineral Perfumada 5kg,,1.79,0.36,0,kg,€/Kg,,,https://driveimg1.intermarche.com/pt/Content/images/boitmal/produit/zoom/471523428A34BCB5DDD5150968022974.jpg,,,,,2025-10-22T23:59:59+01:00,PROSPECTUS,14,1,,
43396,5604260308620,150.0,PorSi,Dentes de alho Categoria: II,Embalagem de 150 g,0.99,6.6,0,kg,€/Kg,,,https://driveimg1.intermarche.com/pt/Content/images/boitmal/produit/zoom/E6A76E6A0AA9CD40C780B4C08C98D392.jpg,,,,,2025-10-22T23:59:59+01:00,PROSPECTUS,14,1,,
44701,5053990156009,175.0,Pringles,"Snacks batata original, embalagem de 175g",,2.39,13.66,0,kg,€/Kg,,,https://driveimg1.intermarche.com/pt/Content/images/boitmal/produit/zoom/BE87AADF1BA674A5818FDF008937F90A.jpg,https://driveimg1.intermarche.com/pt/Content/images/boitmal/produit/zoom/843E1395B62C4B40E91467CF90852642.jpg,https://driveimg1.intermarche.com/pt/Content/images/boitmal/produit/zoom/843E1395B62C4B40E91467CF90852642.jpg,https://driveimg1.intermarche.com/pt/Content/images/boitmal/produit/zoom/843E1395B62C4B40E91467CF90852642.jpg,,2025-10-22T23:59:59+01:00,PROSPECTUS,14,1,,
48893,5604260318735,,PorSi,Papel Higiénico Branco Ultra Compacto 2 Folhas 4 Rolos,,2.39,2.39,0,,€/Unidade,,,https://driveimg1.intermarche.com/pt/Content/images/boitmal/produit/zoom/64D5B92D15C4E36C20D810B890EA4FF7.jpg,,,,,2025-10-22T23:59:59+01:00,PROSPECTUS,14,1,,
52566,5604260329502,315.0,PorSi,Cogumelos Laminados 3x185g,Pack de 3 x 185 g,2.19,6.95,0,kg,€/Kg,,,https://driveimg1.intermarche.com/pt/Content/images/boitmal/produit/zoom/CAE31729F1814975AABE2147FB00CFB2.jpg,,,,,2025-10-22T23:59:59+01:00,PROSPECTUS,14,1,,
5925,5604260256891,2000.0,PorSi,Lava Tudo Perfumado Floral,,0.99,0.5,2000,L,€/L,,,https://driveimg1.intermarche.com/pt/Content/images/boitmal/produit/zoom/F01E0A9A550FA76DA5066F589EA8BBFA.jpg,,,,,2025-10-22T23:59:59+01:00,PROSPECTUS,14,1,,
929,5601001187803,625.0,Nestlé,"Cereais chocapic, 625 g",,3.49,5.58,0,kg,€/Kg,,,https://driveimg1.intermarche.com/pt/Content/images/boitmal/produit/zoom/8DB31C1F3066D48D593AE11B75516670.jpg,,,,,2025-10-22T23:59:59+01:00,PROSPECTUS,14,1,,
1289,5601151313305,1000.0,Compal,"Néctar ananás, embalagem de 1l",,1.26,1.26,1000,L,€/L,,,https://driveimg1.intermarche.com/pt/Content/images/boitmal/produit/zoom/891E0B1998102BF54FA1B9B10C5308DA.jpg,,,,,2025-10-22T23:59:59+01:00,PROSPECTUS,14,1,,
1433,5601260036102,1000.0,Cigala,"Arroz carolino, embalagem de 1 kg",,1.54,1.54,0,kg,€/Kg,,,https://driveimg1.intermarche.com/pt/Content/images/boitmal/produit/zoom/D96A08349D04F12B168FA774344BCEF6.jpg,,,,,2025-10-22T23:59:59+01:00,PROSPECTUS,14,1,,
18080,5601008100560,168.0,Vieira,"Bolachas água e sal doces, embalagem de 170g",,2.09,12.44,0,kg,€/Kg,,,https://driveimg1.intermarche.com/pt/Content/images/boitmal/produit/zoom/ED338E782DB58A3903FA7306882C5703.jpg,,,,,2025-10-22T23:59:59+01:00,PROSPECTUS,14,1,,
1819,5604260031634,150.0,PorSi,Bolacha Starchip Originais 150g,,1.19,7.93,0,kg,€/Kg,,,https://driveimg1.intermarche.com/pt/Content/images/boitmal/produit/zoom/CABC3D20B1CC9C514379C2FAC0BED85E.jpg,,,,,2025-10-22T23:59:59+01:00,PROSPECTUS,14,1,,
35837,5604260295289,1500.0,PorSi,"Refrigrigerante Laranja c/Gás 1,5l",Garrafa de 1.5 l,0.99,0.66,1500,L,€/L,,,https://driveimg1.intermarche.com/pt/Content/images/boitmal/produit/zoom/B4A0C94B5B92414CCA9A79A6FD16EFDE.jpg,,,,,2025-10-22T23:59:59+01:00,PROSPECTUS,14,1,,
405,8712566410910,275.0,Calvé,"Ketchup, embalagem de 275g",,1.48,5.38,0,kg,€/Kg,,,https://driveimg1.intermarche.com/pt/Content/images/boitmal/produit/zoom/9E63EED4B27A252289B8979C188F5B40.jpg,https://driveimg1.intermarche.com/pt/Content/images/boitmal/produit/zoom/0D7B165FF00CA45BD8F6AC077E3CA1EC.jpg,https://driveimg1.intermarche.com/pt/Content/images/boitmal/produit/zoom/0D7B165FF00CA45BD8F6AC077E3CA1EC.jpg,https://driveimg1.intermarche.com/pt/Content/images/boitmal/produit/zoom/0D7B165FF00CA45BD8F6AC077E3CA1EC.jpg,,2025-10-22T23:59:59+01:00,PROSPECTUS,14,1,,
40558,5604260301164,220.0,PorSi,Suisse Croc Morango 2x110g,,1.49,6.77,0,kg,€/Kg,,,https://driveimg1.intermarche.com/pt/Content/images/boitmal/produit/zoom/AA181D6FCE0CA0A44C9A0F2F8A8253EE.jpg,,,,,2025-10-22T23:59:59+01:00,PROSPECTUS,14,1,,
41822,7613039868300,270.0,Nestlé,Cereais estrelitas,Embalagem de 270 g,1.49,5.52,0,kg,€/Kg,,,https://driveimg1.intermarche.com/pt/Content/images/boitmal/produit/zoom/8ED5B2AE951DD00B9C8D9B0148834738.jpg,,,,,2025-10-22T23:59:59+01:00,PROSPECTUS,14,1,,
47917,5604260320264,126.0,PorSi,Barras de Cereais Forma Clássicas 126g,,1.39,11.03,0,kg,€/Kg,,,https://driveimg1.intermarche.com/pt/Content/images/boitmal/produit/zoom/ED9C046B5C97FE757232CE7F0670F7B1.jpg,https://driveimg1.intermarche.com/pt/Content/images/boitmal/produit/zoom/502AF5D05C669A741A5F5BF8A39E9552.jpg,,,,2025-10-22T23:59:59+01:00,PROSPECTUS,14,1,,
51837,8711327587205,2000.0,Lipton,Ice tea lipton pessego 2l,,2.39,1.2,2000,L,€/L,,,https://driveimg1.intermarche.com/pt/Content/images/boitmal/produit/zoom/337078DD8DFA2309401BA5C925E0DABA.jpg,,,,,2025-10-22T23:59:59+01:00,PROSPECTUS,14,1,,
5246,5601151540886,600.0,Compal,"Néctar pêra, pack 3 x 200 ml",,1.49,2.48,600,L,€/L,,,https://driveimg1.intermarche.com/pt/Content/images/boitmal/produit/zoom/D6B34834645718035C7DBFF284A80A1D.jpg,,,,,2025-10-22T23:59:59+01:00,PROSPECTUS,14,1,,
52766,5604260331406,380.0,PorSi,Pizza 4 Queijos 380g,,2.69,7.08,0,kg,€/Kg,,,https://driveimg1.intermarche.com/pt/Content/images/boitmal/produit/zoom/339DCD9F5D68E3F3B9CB10712EDCEE05.jpg,,,,,2025-10-22T23:59:59+01:00,PROSPECTUS,14,1,,
52770,5604260331420,410.0,PorSi,Pizza Fiambre e Queijo 410g,,2.69,6.56,0,kg,€/Kg,,,https://driveimg1.intermarche.com/pt/Content/images/boitmal/produit/zoom/01AB4A01B15086CC8316840577A8E3B8.jpg,,,,,2025-10-22T23:59:59+01:00,PROSPECTUS,14,1,,
8384,5601049133992,1000.0,Mimosa,"Leite uht magro, embalagem de 1litro",,0.9,0.9,1000,L,€/L,,,https://driveimg1.intermarche.com/pt/Content/images/boitmal/produit/zoom/128AB814EBA9C0783B386EB2E0A38CC9.jpg,https://driveimg1.intermarche.com/pt/Content/images/boitmal/produit/zoom/8C350978140C257D0AAD7365CD133F0C.jpg,https://driveimg1.intermarche.com/pt/Content/images/boitmal/produit/zoom/B9BED9F397071733FB4D36CBE39ECDBA.jpg,,,2025-10-22T23:59:59+01:00,PROSPECTUS,14,1,,
8998,5601511000616,400.0,Limiano,"Queijo em fatias, 400g",,4.19,10.48,0,kg,€/Kg,,,https://driveimg1.intermarche.com/pt/Content/images/boitmal/produit/zoom/B876EB9E5C4AFD1BCE528AB6B8F31622.jpg,,,,,2025-10-22T23:59:59+01:00,PROSPECTUS,14,1,,
9292,5603722493812,250.0,Matinal,"Manteiga magra, embalagem de 250g",,2.49,9.96,0,kg,€/Kg,,,https://driveimg1.intermarche.com/pt/Content/images/boitmal/produit/zoom/AA91DFCE88DA98DA1BB05E606B3C1FF9.jpg,,,,,2025-10-22T23:59:59+01:00,PROSPECTUS,14,1,,
9315,5603722509544,1000.0,Mimosa,"Leite 0% lactose magro, de 1l",,1.29,1.29,1000,L,€/L,,,https://driveimg1.intermarche.com/pt/Content/images/boitmal/produit/zoom/0350D0DE44A653A9AB01722B06443E94.jpg,https://driveimg1.intermarche.com/pt/Content/images/boitmal/produit/zoom/DC5219EC1E15E09529E323B7D196FADA.jpg,https://driveimg1.intermarche.com/pt/Content/images/boitmal/produit/zoom/DC48BFFA4281D8016E9FB40168ED4485.jpg,,,2025-10-22T23:59:59+01:00,PROSPECTUS,14,1,,
9541,5604260167012,,PorSi,Papel Higiénico Branco Compacto 2 Folhas 12 Rolos,,4.48,4.48,0,,€/Unidade,,,https://driveimg1.intermarche.com/pt/Content/images/boitmal/produit/zoom/F1DC4CF9A0E329A026FBC67510881716.jpg,,,,,2025-10-22T23:59:59+01:00,PROSPECTUS,14,1,,
973,5601024105020,1000.0,Fula,Óleo alimentar,Embalagem 1L,1.99,1.99,1000,L,€/L,,,https://driveimg1.intermarche.com/pt/Content/images/boitmal/produit/zoom/322383F88535C8A24498724B92188318.jpg,,,,,2025-10-22T23:59:59+01:00,PROSPECTUS,14,1,,
10094,8435257040776,640.0,Nestlé,"Iogurte líquido yoggi banana, embalagem de 4 x 160 g",,1.99,3.11,0,kg,€/Kg,,,https://driveimg1.intermarche.com/pt/Content/images/boitmal/produit/zoom/6885FCEF2FEF4752D565E64A3BDEE242.jpg,,,,,2025-10-22T23:59:59+01:00,PROSPECTUS,14,1,,
11465,5601018003608,1000.0,Matinal,"Leite seleccionado magro, de 1l",,1.0,1.0,1000,L,€/L,,,https://driveimg1.intermarche.com/pt/Content/images/boitmal/produit/zoom/F46A1F399BBA63407EB01F30929F5649.jpg,,,,,2025-10-22T23:59:59+01:00,PROSPECTUS,14,1,,
11961,5603722505607,1000.0,Mimosa,"Leite sem lactose meio gordo, de 1l",,1.29,1.29,1000,L,€/L,,,https://driveimg1.intermarche.com/pt/Content/images/boitmal/produit/zoom/A98ED8A0E5E675A3AC1A551BCE75B0AB.jpg,https://driveimg1.intermarche.com/pt/Content/images/boitmal/produit/zoom/4E57BFE09E8D859BDBE1705476BB9F1B.jpg,https://driveimg1.intermarche.com/pt/Content/images/boitmal/produit/zoom/E1F70144AAFCC0EAEBFF05614177D009.jpg,,,2025-10-22T23:59:59+01:00,PROSPECTUS,14,1,,
13529,2893521000000,1000.0,Peixaria,Pescada do Chile Congelada Nº3,1 un= 1 kg (aprox.),9.59,9.59,0,,€/Kg,,Avantages !,https://driveimg1.intermarche.com/pt/Content/images/boitmal/produit/zoom/40D57D35BBDBDF72027C959F41A6E90C.jpg,,,,,2025-10-22T23:59:59+01:00,PROSPECTUS,14,1,,
13541,2893533000000,250.0,Congelado de Aquicultura,Camarão Congelado 60/80,1 un = 250 gr  (aprox.),1.75,6.99,0,,€/Kg,,Avantages !,https://driveimg1.intermarche.com/pt/Content/images/boitmal/produit/zoom/29A2DFA509FFDAFCD18E7F308BD753B4.jpg,,,,,2025-10-22T23:59:59+01:00,PROSPECTUS,14,1,,
13884,2891106000000,2000.0,PorSi Select,Frango do Campo Inteiro c/ Miúdos Programa Origens,Vendido ao peso,6.98,3.49,0,,€/Kg,,,https://driveimg1.intermarche.com/pt/Content/images/boitmal/produit/zoom/4004CE88E12A24D0AD85684C27210FBB.jpg,,,,,2025-10-22T23:59:59+01:00,PROSPECTUS,14,1,,
14372,8712100599392,550.0,Calvé,"Ketchup top down, embalagem de 550g",,2.59,4.71,0,kg,€/Kg,,,https://driveimg1.intermarche.com/pt/Content/images/boitmal/produit/zoom/6D3218F33B22BC3205033BC41E176600.jpg,https://driveimg1.intermarche.com/pt/Content/images/boitmal/produit/zoom/FE7F103C359D2D1FD7BF3FDC8DD381BA.jpg,https://driveimg1.intermarche.com/pt/Content/images/boitmal/produit/zoom/FE7F103C359D2D1FD7BF3FDC8DD381BA.jpg,https://driveimg1.intermarche.com/pt/Content/images/boitmal/produit/zoom/FE7F103C359D2D1FD7BF3FDC8DD381BA.jpg,,2025-10-22T23:59:59+01:00,PROSPECTUS,14,1,,
1439,5601260127107,1000.0,Cigala,"Arroz vaporizado, embalagem de 1 kg",,1.38,1.38,0,kg,€/Kg,,,https://driveimg1.intermarche.com/pt/Content/images/boitmal/produit/zoom/4B2862217CBB7515902C0E411B46053F.jpg,,,,,2025-10-22T23:59:59+01:00,PROSPECTUS,14,1,,
14490,5604260273584,1000.0,PorSi,Corn Flakes 1 kg,,2.99,2.99,0,kg,€/Kg,,,https://driveimg1.intermarche.com/pt/Content/images/boitmal/produit/zoom/3EF873C3D07412E04ADAF72EA17EF40E.jpg,,,,,2025-10-22T23:59:59+01:00,PROSPECTUS,14,1,,
14510,5411188116592,1000.0,Alpro,"Bebida coco, embalagem de 1l",,1.99,1.99,1000,L,€/L,,,https://driveimg1.intermarche.com/pt/Content/images/boitmal/produit/zoom/3169716B6C6ACB981FBF106D130524DA.jpg,,,,,2025-10-22T23:59:59+01:00,PROSPECTUS,14,1,,
14854,2891117000000,2350.0,PorSi,Pato inteiro com miúdos,1 un = 2.250 kg (aprox.),9.38,3.99,0,,€/Kg,,,https://driveimg1.intermarche.com/pt/Content/images/boitmal/produit/zoom/E5F2031D60089F4C13D404725928D593.jpg,,,,,2025-10-22T23:59:59+01:00,PROSPECTUS,14,1,,
1539,5601489135150,500.0,Du Bois de la Roche,"Bolachas crackers com sal, embalagem de 500g",,2.99,5.98,0,kg,€/Kg,,,https://driveimg1.intermarche.com/pt/Content/images/boitmal/produit/zoom/F0B5FA8856EDB5A939AB82442E09EFE5.jpg,,,,,2025-10-22T23:59:59+01:00,PROSPECTUS,14,1,,
15979,5601119242364,650.0,Nobre,"Salsichas de aves extra suculentas, frasco de 650g",,2.23,3.43,0,kg,€/Kg,,,https://driveimg1.intermarche.com/pt/Content/images/boitmal/produit/zoom/F9B3EEFB29AFDD46B059DC76A73501AE.jpg,,,,,2025-10-22T23:59:59+01:00,PROSPECTUS,14,1,,
16567,5000116110070,750.0,Iglo,"Esparregado de espinafres, embalagem de 750g",,3.49,4.65,0,kg,€/Kg,,Tipo de stockagem,https://driveimg1.intermarche.com/pt/Content/images/boitmal/produit/zoom/F70E4F5A76F097E6E455FB2FF67D9B6F.jpg,,,,,2025-10-22T23:59:59+01:00,PROSPECTUS,14,1,,
17595,5411188115366,1000.0,Alpro,"Bebida aveia, embalagem de 1 litro",,1.99,1.99,1000,L,€/L,,,https://driveimg1.intermarche.com/pt/Content/images/boitmal/produit/zoom/F5E08DFF719942D46F9D4BF500500435.jpg,,,,,2025-10-22T23:59:59+01:00,PROSPECTUS,14,1,,
24838,5601164903722,7500.0,Super Bock,"Cerveja com álcool, pack 30 x 0.25 l",,14.49,1.93,7500,L,€/L,,,https://driveimg1.intermarche.com/pt/Content/images/boitmal/produit/zoom/F70F225DD8BCAD2EFB4E63DAAFD05BBF.jpg,,,,,2025-10-22T23:59:59+01:00,PROSPECTUS,14,1,,
2587,7622300165628,160.0,Oreo,"Bolachas mini, embalagem de 160g",,1.84,11.5,0,kg,€/Kg,,,https://driveimg1.intermarche.com/pt/Content/images/boitmal/produit/zoom/F9C526AA63F496736DBEE08B88A78CA2.jpg,,,,,2025-10-22T23:59:59+01:00,PROSPECTUS,14,1,,
26091,7613036115575,550.0,Nestlé,Cereais estrelitas,Embalagem de 550g,3.49,6.35,0,kg,€/Kg,,,https://driveimg1.intermarche.com/pt/Content/images/boitmal/produit/zoom/90505B63FB20AF187537F3B46DDB9B86.jpg,,,,,2025-10-22T23:59:59+01:00,PROSPECTUS,14,1,,
27950,5604260281404,450.0,Porsi Programa Origens,Mistura Saborosa 450 G,,1.39,3.09,0,kg,€/Kg,,,https://driveimg1.intermarche.com/pt/Content/images/boitmal/produit/zoom/9FC1BB19FC125562EBD7537C69EF7799.jpg,,,,,2025-10-22T23:59:59+01:00,PROSPECTUS,14,1,,
31196,5600380891936,30.0,Prozis,"Barra proteina chocolate belga, 30g",,0.89,29.67,0,kg,€/Kg,,,https://driveimg1.intermarche.com/pt/Content/images/boitmal/produit/zoom/AEF2828DA67AED740E0D4177968F2748.jpg,,,,,2025-10-22T23:59:59+01:00,PROSPECTUS,14,1,,
33127,8001010033721,135.0,Ponti,"Molho pesto ponti, 135 g",,2.25,16.67,0,kg,€/Kg,,,https://driveimg1.intermarche.com/pt/Content/images/boitmal/produit/zoom/1A053A6A674F62936E57477C3620A6B1.jpg,,,,,2025-10-22T23:59:59+01:00,PROSPECTUS,14,1,,
34810,5604260290611,5000.0,PorSi,Detergente Manual Loiça Limão 5l,,3.39,0.68,5000,L,€/L,,,https://driveimg1.intermarche.com/pt/Content/images/boitmal/produit/zoom/A75B5830ACEF5EF601CB8AEB7826E7EC.jpg,,,,,2025-10-22T23:59:59+01:00,PROSPECTUS,14,1,,
34875,5604260285457,1500.0,PorSi,Maçã golden categoria II Programa Origens,Embalagem de 1.5 kg,1.99,1.33,0,kg,€/Kg,,,https://driveimg1.intermarche.com/pt/Content/images/boitmal/produit/zoom/56695A5FACFB945E46B511CB21214202.jpg,,,,,2025-10-22T23:59:59+01:00,PROSPECTUS,14,1,,
35138,5603722517655,960.0,Mimosa,"Iogurte sólido aroma morango, ananás e banana, 8 x 120 g",,1.89,1.97,0,kg,€/Kg,,,https://driveimg1.intermarche.com/pt/Content/images/boitmal/produit/zoom/7070B93AC2DB23DCF61734D801E40E6D.jpg,,,,,2025-10-22T23:59:59+01:00,PROSPECTUS,14,1,,
35542,7613036867405,,Nescafé,"Café em cápsulas dolce gusto ristreto intenso, embalagem de 210g",,10.99,10.99,30,,€/Unidade,,,https://driveimg1.intermarche.com/pt/Content/images/boitmal/produit/zoom/FC99456EA03268527FE0EC549A21D081.jpg,,,,,2025-10-22T23:59:59+01:00,PROSPECTUS,14,1,,
36505,5604260294732,1000.0,PorSi,Óleo Girassol 1l,,1.75,1.75,1000,L,€/L,,,https://driveimg1.intermarche.com/pt/Content/images/boitmal/produit/zoom/7244D65CAED49A0848F5F70ACCADCC80.jpg,,,,,2025-10-22T23:59:59+01:00,PROSPECTUS,14,1,,
37599,5604260296736,200.0,PorSi,Queijo Emmental Ralado 200g,,1.79,8.95,0,kg,€/Kg,,,https://driveimg1.intermarche.com/pt/Content/images/boitmal/produit/zoom/1083A405977EA22F8175F804229B3B36.jpg,,,,,2025-10-22T23:59:59+01:00,PROSPECTUS,14,1,,
40739,5604260302666,2000.0,PorSi,Lava Tudo Perfumado Camomila & Flor de Laranjeira,,0.99,0.5,2000,L,€/L,,,https://driveimg1.intermarche.com/pt/Content/images/boitmal/produit/zoom/EC235B47803E16EEB9720D84212A145E.jpg,,,,,2025-10-22T23:59:59+01:00,PROSPECTUS,14,1,,
40748,5604260303939,3900.0,PorSi,Amaciador Roupa Suave 60d,,2.99,0.77,3900,L,€/L,,,https://driveimg1.intermarche.com/pt/Content/images/boitmal/produit/zoom/0A60292B92EEAE429EF727A5BBA12C74.jpg,,,,,2025-10-22T23:59:59+01:00,PROSPECTUS,14,1,,
44702,5053990155354,175.0,Pringles,"Snacks batata sour cream & onion, embalagem de 175g",,2.39,13.66,0,kg,€/Kg,,,https://driveimg1.intermarche.com/pt/Content/images/boitmal/produit/zoom/0C0E56E5BC42C468A1D6A594D5BD0C63.jpg,https://driveimg1.intermarche.com/pt/Content/images/boitmal/produit/zoom/3743B152C095FACA5BB155343DC8A7EE.jpg,https://driveimg1.intermarche.com/pt/Content/images/boitmal/produit/zoom/3743B152C095FACA5BB155343DC8A7EE.jpg,https://driveimg1.intermarche.com/pt/Content/images/boitmal/produit/zoom/3743B152C095FACA5BB155343DC8A7EE.jpg,https://driveimg1.intermarche.com/pt/Content/images/boitmal/produit/zoom/3743B152C095FACA5BB155343DC8A7EE.jpg,2025-10-22T23:59:59+01:00,PROSPECTUS,14,1,,
45758,5604260286591,500.0,PorSi,Bolachas com Recheio Sabor Chocolate 500 G,,1.59,3.18,0,kg,€/Kg,,,https://driveimg1.intermarche.com/pt/Content/images/boitmal/produit/zoom/519049251E0BD7439B4E15173D8DEB35.jpg,,,,,2025-10-22T23:59:59+01:00,PROSPECTUS,14,1,,
48528,5604260318704,,PorSi,Rolo de Cozinha 2 Folhas 4 Rolos,,1.69,1.69,0,,€/Unidade,,,https://driveimg1.intermarche.com/pt/Content/images/boitmal/produit/zoom/05B11B6BCA5BF240745C5E6DBCD6C811.jpg,,,,,2025-10-22T23:59:59+01:00,PROSPECTUS,14,2,,
48782,8410199023070,150.0,LayS,"Batatas camponesas, embalagem de 150g",,1.39,9.27,0,kg,€/Kg,,,https://driveimg1.intermarche.com/pt/Content/images/boitmal/produit/zoom/D570E7E39595628616CA3F3914A72126.jpg,,,,,2025-10-22T23:59:59+01:00,PROSPECTUS,14,2,,
50393,5411188136613,1000.0,Alpro,"Bebida de aveia not milk clássica vegan, de 1 l",,1.99,1.99,1000,L,€/L,,,https://driveimg1.intermarche.com/pt/Content/images/boitmal/produit/zoom/6821B4EC371AD517DBE48650010725D9.jpg,,,,,2025-10-22T23:59:59+01:00,PROSPECTUS,14,2,,
50454,5603722521829,1208.0,Mimosa,"Iogurte líquido aroma banana e morango, 8 x 151 ml",,2.59,2.14,1208,L,€/L,,,https://driveimg1.intermarche.com/pt/Content/images/boitmal/produit/zoom/AA12AF3CF07E84D8BB18D68CC6DFA3EB.jpg,,,,,2025-10-22T23:59:59+01:00,PROSPECTUS,14,2,,
52817,7622210689382,225.0,Belvita,"Bolachas breakfast pepitas chocolate, 225g",,1.84,8.18,0,kg,€/Kg,,,https://driveimg1.intermarche.com/pt/Content/images/boitmal/produit/zoom/C00C04CFA9541F008D1E1FE8D31A1BD7.jpg,,,,,2025-10-22T23:59:59+01:00,PROSPECTUS,14,2,,
54982,5601027118539,550.0,Oroweat,"Pão de Forma com Sementes de Sésamo e Linhaça com Côdea, 550g",,2.19,3.98,0,kg,€/Kg,,,https://driveimg1.intermarche.com/pt/Content/images/boitmal/produit/zoom/2A468EE974DA0E6E262A81C593FE701A.jpg,,,,,2025-10-22T23:59:59+01:00,PROSPECTUS,14,2,,
55354,8410063095202,1200.0,Pescanova,"Barrinhas Pescada Panada sem Gluten, 1.2Kg",,7.89,6.58,0,kg,€/Kg,,Tipo de stockagem,https://driveimg1.intermarche.com/pt/Content/images/boitmal/produit/zoom/D2F57A76EACAFAE8D2E905FFD81B787B.jpg,,,,,2025-10-22T23:59:59+01:00,PROSPECTUS,14,2,,
56302,5604260336333,132.0,PorSi,Barra Cereais Bolas de Mel 132g,,1.59,12.05,0,kg,€/Kg,,,https://driveimg1.intermarche.com/pt/Content/images/boitmal/produit/zoom/F8969DC2114E7571532261BF2398E96A.jpg,,,,,2025-10-22T23:59:59+01:00,PROSPECTUS,14,2,,
9293,5603722493942,250.0,Primor,Manteiga pasteurizada com sal cuvet,Embalagem de 250g,2.19,8.76,0,kg,€/Kg,,,https://driveimg1.intermarche.com/pt/Content/images/boitmal/produit/zoom/F3F4D9FDF2A69DC31DE35D801759C2EE.jpg,,,,,2025-10-22T23:59:59+01:00,PROSPECTUS,14,2,,
10842,2895207000000,250.0,Santiago,Queijo 3 Igrejas Cura 2m Pimentão,Vendido ao peso a partir de 250 gr,3.0,11.99,0,,€/Kg,,,https://driveimg1.intermarche.com/pt/Content/images/boitmal/produit/zoom/2F11F4EC63EB49EF2522FB61028743A0.jpg,,,,,2025-10-22T23:59:59+01:00,PROSPECTUS,14,2,,
11403,5411188100324,500.0,Alpro,"Yofu com pedaços de mirtilo, embalagem de 4x125g",,2.54,5.08,0,kg,€/Kg,,,https://driveimg1.intermarche.com/pt/Content/images/boitmal/produit/zoom/959AD6E1E1A4574CF66E1AABCA7D1047.jpg,,,,,2025-10-22T23:59:59+01:00,PROSPECTUS,14,2,,
11405,5411188104971,500.0,Alpro,"Yofu de soja natural, de 4x125 g",,2.54,5.08,0,kg,€/Kg,,,https://driveimg1.intermarche.com/pt/Content/images/boitmal/produit/zoom/F1F1BA1F02C9951A72D939766BAFAE6F.jpg,,,,,2025-10-22T23:59:59+01:00,PROSPECTUS,14,2,,
11471,5601029004076,120.0,Bom Petisco,Atum posta ao natural,Embalagem de 120 g,1.3,10.83,0,kg,€/Kg,,,https://driveimg1.intermarche.com/pt/Content/images/boitmal/produit/zoom/D148E1488041C84EB0524ADACAE78B3A.jpg,,,,,2025-10-22T23:59:59+01:00,PROSPECTUS,14,2,,
11523,5601051410029,250.0,Primor,"Manteiga com sal, 250g",,2.14,8.56,0,kg,€/Kg,,,https://driveimg1.intermarche.com/pt/Content/images/boitmal/produit/zoom/6515E45A6FB2F6024F4DECB68FB265B3.jpg,,,,,2025-10-22T23:59:59+01:00,PROSPECTUS,14,2,,
11524,5601051420028,250.0,Primor,Manteiga sem sal,Embalagem de 250g,2.14,8.56,0,kg,€/Kg,,,https://driveimg1.intermarche.com/pt/Content/images/boitmal/produit/zoom/0C41B270FBA7B622E759FBA7E3B6B1CD.jpg,,,,,2025-10-22T23:59:59+01:00,PROSPECTUS,14,2,,
11640,5601180000993,1000.0,Vigor,"Leite pasteurizado gordo, de 1l",,1.08,1.08,1000,L,€/L,,,https://driveimg1.intermarche.com/pt/Content/images/boitmal/produit/zoom/12B86C68D7331166E668398B8E667665.jpg,,,,,2025-10-22T23:59:59+01:00,PROSPECTUS,14,2,,
11679,5601241304008,1500.0,Vimeiro,"Água com gás, garrafa de 1,5 l",,0.99,0.66,1500,L,€/L,,,https://driveimg1.intermarche.com/pt/Content/images/boitmal/produit/zoom/28CD57BE6202879BA4267E2C486629D7.jpg,https://driveimg1.intermarche.com/pt/Content/images/boitmal/produit/zoom/A1ED6D2563FED7230A961EB3C507B877.jpg,https://driveimg1.intermarche.com/pt/Content/images/boitmal/produit/zoom/A1ED6D2563FED7230A961EB3C507B877.jpg,,,2025-10-22T23:59:59+01:00,PROSPECTUS,14,2,,
11755,5601511000623,400.0,Limiano,"Queijo fatias -50% de gordura, 400g",,4.29,10.73,0,kg,€/Kg,,,https://driveimg1.intermarche.com/pt/Content/images/boitmal/produit/zoom/1F49DD4803359F1338D0D32889490E90.jpg,,,,,2025-10-22T23:59:59+01:00,PROSPECTUS,14,2,,
1226,5601146001507,1500.0,Joi,"Refrigerante sem gás de manga/laranja, garrafa de 1,5 l",,1.29,0.86,1500,L,€/L,,,https://driveimg1.intermarche.com/pt/Content/images/boitmal/produit/zoom/DB9CD865FA14B43795929B354A61BA32.jpg,,,,,2025-10-22T23:59:59+01:00,PROSPECTUS,14,2,,
1228,5601146230518,1500.0,Joi,"Refrigerante sem gás, laranja, garrafa de 1,5 l",,1.29,0.86,1500,L,€/L,,,https://driveimg1.intermarche.com/pt/Content/images/boitmal/produit/zoom/9CFD5D319CF23E8EEE61B6DFE693387D.jpg,,,,,2025-10-22T23:59:59+01:00,PROSPECTUS,14,2,,
1230,5601146232512,1500.0,Joi,"Refrigerante sem gás, maracujá e la, garrafa de 1,5 l",,1.29,0.86,1500,L,€/L,,,https://driveimg1.intermarche.com/pt/Content/images/boitmal/produit/zoom/430468AF369DBE1139E298A0EA69B620.jpg,,,,,2025-10-22T23:59:59+01:00,PROSPECTUS,14,2,,
12356,8410108122535,,Dodot,Toalhitas Sensitive |Recarga,Pack: 4 x54 unidades,5.99,5.99,0,,€/Unidade,,,https://driveimg1.intermarche.com/pt/Content/images/boitmal/produit/zoom/2D442A68E931C2DF1957ADA0EF3AD2F3.jpg,https://driveimg1.intermarche.com/pt/Content/images/boitmal/produit/zoom/47D40D02C955E98DB96B03E04432FF85.jpg,https://driveimg1.intermarche.com/pt/Content/images/boitmal/produit/zoom/47D40D02C955E98DB96B03E04432FF85.jpg,,,2025-10-22T23:59:59+01:00,PROSPECTUS,14,2,,
12519,8712100417054,416.0,HellmannS,"Maionese, frasco, embalagem de 420g",,2.99,7.19,0,kg,€/Kg,,,https://driveimg1.intermarche.com/pt/Content/images/boitmal/produit/zoom/6AB870EF622544FC82599432CC32DE9B.jpg,https://driveimg1.intermarche.com/pt/Content/images/boitmal/produit/zoom/6731B805B2B4B445CCCFD0D614219E37.jpg,https://driveimg1.intermarche.com/pt/Content/images/boitmal/produit/zoom/6731B805B2B4B445CCCFD0D614219E37.jpg,https://driveimg1.intermarche.com/pt/Content/images/boitmal/produit/zoom/6731B805B2B4B445CCCFD0D614219E37.jpg,,2025-10-22T23:59:59+01:00,PROSPECTUS,14,2,,
1277,5601151122204,1000.0,Compal,"Néctar clássico laranja, embalagem de 1l",,1.26,1.26,1000,L,€/L,,,https://driveimg1.intermarche.com/pt/Content/images/boitmal/produit/zoom/FFA575FB36486FB910B07FE306015FF4.jpg,,,,,2025-10-22T23:59:59+01:00,PROSPECTUS,14,2,,
13599,2893594000000,500.0,Peixaria,Red Fish Grande Congelado,1 un = 500 gr (aprox.),2.5,4.99,0,,€/Kg,,Avantages !,https://driveimg1.intermarche.com/pt/Content/images/boitmal/produit/zoom/A3E98972B338DCF46BAA412A17BB9B0C.jpg,,,,,2025-10-22T23:59:59+01:00,PROSPECTUS,14,2,,
13990,2696200000000,,Pastelaria,Folhado de salsichas,1 unidade = 110 g,0.89,0.89,0,,€/Unidade,,,https://driveimg1.intermarche.com/pt/Content/images/boitmal/produit/zoom/4DCF72DC736051BE772FEB48C9B7E455.jpg,,,,,2025-10-22T23:59:59+01:00,PROSPECTUS,14,2,,
14227,5601043119015,500.0,Espiga,"Farinha de milho, embalagem de 500g",,0.94,1.88,0,kg,€/Kg,,,https://driveimg1.intermarche.com/pt/Content/images/boitmal/produit/zoom/3A94212450C6EA54B275D891253D59E7.jpg,,,,,2025-10-22T23:59:59+01:00,PROSPECTUS,14,2,,
14437,5411188110835,1000.0,Alpro,"Bebida de soja de amêndoa, embalagem de 1 litro",,1.99,1.99,1000,L,€/L,,,https://driveimg1.intermarche.com/pt/Content/images/boitmal/produit/zoom/7737749B389B841C77AB65B76665C756.jpg,,,,,2025-10-22T23:59:59+01:00,PROSPECTUS,14,2,,
1465,5601286234773,250.0,Milaneza,"Massa de letras, embalagem de 250g",,0.61,2.44,0,kg,€/Kg,,,https://driveimg1.intermarche.com/pt/Content/images/boitmal/produit/zoom/93F4FB7CE3C81A4CA398AFB1F88C82DD.jpg,,,,,2025-10-22T23:59:59+01:00,PROSPECTUS,14,2,,
14698,7613034570512,90.0,Nestlé,"Fruta para bebé 4 frutas +4 meses, embalagem de 90g",,0.65,7.22,0,kg,€/Kg,,,https://driveimg1.intermarche.com/pt/Content/images/boitmal/produit/zoom/3717C2AF583A80AD83A765BB8032F767.jpg,,,,,2025-10-22T23:59:59+01:00,PROSPECTUS,14,2,,
16406,7622210352231,31.0,Royal,"Gelatina frutos tropicais 10kcal, 30g",,1.44,46.45,0,kg,€/Kg,,,https://driveimg1.intermarche.com/pt/Content/images/boitmal/produit/zoom/0B3BA156EC613D4E9D8ADDCBB32811AB.jpg,,,,,2025-10-22T23:59:59+01:00,PROSPECTUS,14,2,,
17129,2892093000000,250.0,Fruta,Maracujá Roxo,1 un = 250 gr  (aprox.),2.0,7.99,0,,€/Kg,,,https://driveimg1.intermarche.com/pt/Content/images/boitmal/produit/zoom/F8928754EE501FCBE5037057AF6EF4AD.jpg,,,,,2025-10-22T23:59:59+01:00,PROSPECTUS,14,2,,
2009,5604260127313,300.0,PorSi,Mini Rissóis Camarão 300g,,1.99,6.63,0,kg,€/Kg,,Tipo de stockagem,https://driveimg1.intermarche.com/pt/Content/images/boitmal/produit/zoom/4EBA2871A48392DB00A0784C4435D001.jpg,,,,,2025-10-22T23:59:59+01:00,PROSPECTUS,14,2,,
20918,5000116110964,840.0,Capitão Iglo,"30 douradinhos, embalagem de 840g",,8.99,10.7,0,kg,€/Kg,,Tipo de stockagem,https://driveimg1.intermarche.com/pt/Content/images/boitmal/produit/zoom/3C52B0905F2F1ACE3D67359B13FE0331.jpg,,,,,2025-10-22T23:59:59+01:00,PROSPECTUS,14,2,,
2272,5604260269990,397.0,PorSi,Leite Condensado Cozido 397g,,1.69,4.26,0,kg,€/Kg,,,https://driveimg1.intermarche.com/pt/Content/images/boitmal/produit/zoom/2D223FADDBD1ACBBF62ED2AF94FA335F.jpg,,,,,2025-10-22T23:59:59+01:00,PROSPECTUS,14,2,,
25215,7613035930582,90.0,Nestlé,"Fruta para bebé maçã manga +6 meses, embalagem de 90g",,0.65,7.22,0,kg,€/Kg,,,https://driveimg1.intermarche.com/pt/Content/images/boitmal/produit/zoom/1A0BFDB38CDBA8991FD9074B384368B9.jpg,,,,,2025-10-22T23:59:59+01:00,PROSPECTUS,14,2,,
2672,8410000002904,130.0,Chips Ahoy!,Bolachas chips ahoy,Embalagem de 130g,1.69,13.0,0,kg,€/Kg,,,https://driveimg1.intermarche.com/pt/Content/images/boitmal/produit/zoom/BD589AC15D17690FDC8560DC4300A108.jpg,,,,,2025-10-22T23:59:59+01:00,PROSPECTUS,14,2,,
282,0000080361497,85.0,Purina Gourmet,"Comida húmida para gato pedacinhos em molho com salmão, embalagem de 90g",,0.87,10.24,0,kg,€/Kg,,,https://driveimg1.intermarche.com/pt/Content/images/boitmal/produit/zoom/F3269BDBEA9617D986C45DC8EC354AB3.jpg,,,,,2025-10-22T23:59:59+01:00,PROSPECTUS,14,2,,
28497,3222270502450,680.0,Purina Gourmet,Comida Húmida para Gato Seleção de Mousses,Embalagem de 680g,4.64,6.82,0,kg,€/Kg,,,https://driveimg1.intermarche.com/pt/Content/images/boitmal/produit/zoom/48B98515C30D063D1F85A14F56AAE58A.jpg,,,,,2025-10-22T23:59:59+01:00,PROSPECTUS,14,2,,
28713,3010470150119,2000.0,Friskies,"Alimento seco para gato frango e peru, embalagem de 2kg",,6.74,3.37,0,kg,€/Kg,,,https://driveimg1.intermarche.com/pt/Content/images/boitmal/produit/zoom/F2AB6B40950D8899CD5E0FD08C0F3D7C.jpg,,,,,2025-10-22T23:59:59+01:00,PROSPECTUS,14,2,,
32342,5603722517334,200.0,Milhafre,Queijo açoriano fatias de textura cremosa,Embalagem de 200g,2.19,10.95,0,kg,€/Kg,,,https://driveimg1.intermarche.com/pt/Content/images/boitmal/produit/zoom/171D35F4FE014EB04FB3B5636B039DB0.jpg,,,,,2025-10-22T23:59:59+01:00,PROSPECTUS,14,2,,
33793,3250392415006,60.0,Bouton dor,Argolas sabor cebola 60g,Embalagem de 60g,0.79,13.17,0,kg,€/Kg,,,https://driveimg1.intermarche.com/pt/Content/images/boitmal/produit/zoom/6FC64791044E6D438199235828FDE577.jpg,https://driveimg1.intermarche.com/pt/Content/images/boitmal/produit/zoom/4A7AA847F483726BA12245B388A8F304.jpg,,,,2025-10-22T23:59:59+01:00,PROSPECTUS,14,2,,
35824,5604260292158,,PorSi,Papel Higiénico 2 Folhas Compacto 18 Rolos,,6.79,6.79,0,,€/Unidade,,,https://driveimg1.intermarche.com/pt/Content/images/boitmal/produit/zoom/5E73D84E629CABD11A6C65514ABE078A.jpg,,,,,2025-10-22T23:59:59+01:00,PROSPECTUS,14,2,,
35889,5601151974070,1750.0,Seven Up,"Refrigerante de lima limão free, garrafa de 1.75 l",,1.69,0.97,1750,L,€/L,,,https://driveimg1.intermarche.com/pt/Content/images/boitmal/produit/zoom/9A2F3176B60F6901274BE6108F1FBC7A.jpg,,,,,2025-10-22T23:59:59+01:00,PROSPECTUS,14,2,,
36523,5604260295661,2500.0,PorSi,Batata pré-frita palito,"Embalagem de 2,5 kg",4.45,1.78,0,kg,€/Kg,,Tipo de stockagem,https://driveimg1.intermarche.com/pt/Content/images/boitmal/produit/zoom/B8BBD039EFBF08C6ABF444D64CA5907E.jpg,,,,,2025-10-22T23:59:59+01:00,PROSPECTUS,14,2,,
36654,8410436343497,500.0,Sonasol,"Spray limpa vidros brilhante, 500 ml",,1.99,3.98,500,L,€/L,,,https://driveimg1.intermarche.com/pt/Content/images/boitmal/produit/zoom/A68E1376FFCF092E98332868C951A769.jpg,,,,,2025-10-22T23:59:59+01:00,PROSPECTUS,14,2,,
37948,5601217132697,500.0,Cillitbang,"Spray limpeza casa de banho, embalagem de 500 ml",,2.49,4.98,500,L,€/L,,,https://driveimg1.intermarche.com/pt/Content/images/boitmal/produit/zoom/62E5A8E0A6D5CF81B7A29AA6D1070117.jpg,,,,,2025-10-22T23:59:59+01:00,PROSPECTUS,14,2,,
38933,5601151972984,1000.0,Compal,"Compal clássico néctar frutos vermelhos, garrafa de 1l",,1.26,1.26,1000,L,€/L,,,https://driveimg1.intermarche.com/pt/Content/images/boitmal/produit/zoom/92B7D2C96C7CCB854EEB11C98238B069.jpg,,,,,2025-10-22T23:59:59+01:00,PROSPECTUS,14,2,,
40746,5604260303915,3900.0,PorSi,Amaciador Roupa Lavanda & Camomila 60d,,2.99,0.77,3900,L,€/L,,,https://driveimg1.intermarche.com/pt/Content/images/boitmal/produit/zoom/1E42F65EC520561AB208E02A4BED7B5F.jpg,,,,,2025-10-22T23:59:59+01:00,PROSPECTUS,14,2,,
41360,5601050036268,160.0,Yopro,"Yopro mirtilo, embalagem de 160g",,1.19,7.44,0,kg,€/Kg,,,https://driveimg1.intermarche.com/pt/Content/images/boitmal/produit/zoom/DCA8853EDE27123693F6D3AE94D87D35.jpg,,,,,2025-10-22T23:59:59+01:00,PROSPECTUS,14,2,,
41389,5604260304134,750.0,Selecção de Enófilos,"Vinho Branco Regional Alentejano 0,75l",,1.89,2.52,750,L,€/L,,,https://driveimg1.intermarche.com/pt/Content/images/boitmal/produit/zoom/4468D1C069876D378E9AAB94232888A9.jpg,,,,,2025-10-22T23:59:59+01:00,PROSPECTUS,14,2,,
41979,5601050036244,160.0,Danone,"Yopro manteiga amendoim banana, embalagem de 160g",,1.19,7.44,0,kg,€/Kg,,,https://driveimg1.intermarche.com/pt/Content/images/boitmal/produit/zoom/FA86300496543407BC1BC50B2C72D742.jpg,,,,,2025-10-22T23:59:59+01:00,PROSPECTUS,14,2,,
44704,5053990155941,175.0,Pringles,"Snacks batata hot & spicy, embalagem de 175g",,2.39,13.66,0,kg,€/Kg,,,https://driveimg1.intermarche.com/pt/Content/images/boitmal/produit/zoom/41DF960E12D56D310EB0CF45988973FA.jpg,https://driveimg1.intermarche.com/pt/Content/images/boitmal/produit/zoom/6928ADB37A9D879D8A1130CADC9B4CD3.jpg,https://driveimg1.intermarche.com/pt/Content/images/boitmal/produit/zoom/6928ADB37A9D879D8A1130CADC9B4CD3.jpg,https://driveimg1.intermarche.com/pt/Content/images/boitmal/produit/zoom/6928ADB37A9D879D8A1130CADC9B4CD3.jpg,,2025-10-22T23:59:59+01:00,PROSPECTUS,14,2,,
44950,5604260312276,500.0,PorSi,Bolacha de Cacau com Recheio Sabor Chocolate 500g,,1.99,3.98,0,kg,€/Kg,,,https://driveimg1.intermarche.com/pt/Content/images/boitmal/produit/zoom/747A4C6929B24B849D3F32DE079D4281.jpg,,,,,2025-10-22T23:59:59+01:00,PROSPECTUS,14,2,,
47842,5604260320257,138.0,PorSi,Barras de Cereais Forma Chocolate Negro 138g,,1.59,11.52,0,kg,€/Kg,,,https://driveimg1.intermarche.com/pt/Content/images/boitmal/produit/zoom/D8D3FBD64602D6125EA757EC79A4CBEB.jpg,,,,,2025-10-22T23:59:59+01:00,PROSPECTUS,14,2,,
48095,5604260317042,,PorSi,Cueca Incontinência Plus M 14 Unidades Dispositivo Médico,,8.89,8.89,0,,€/Unidade,,,https://driveimg1.intermarche.com/pt/Content/images/boitmal/produit/zoom/7128568469DF070CC7BFF6109A2D96D4.jpg,,,,,2025-10-22T23:59:59+01:00,PROSPECTUS,14,2,,
49401,5411188133759,400.0,Alpro,"Soja ananás maracujá sem açúcar, de 400g",,2.69,6.73,0,kg,€/Kg,,,https://driveimg1.intermarche.com/pt/Content/images/boitmal/produit/zoom/6CB78C52A4573023DA315831A2A03ACB.jpg,,,,,2025-10-22T23:59:59+01:00,PROSPECTUS,14,2,,
50407,8445290489197,900.0,Cerelac,"Farinha láctea 40% menos açúcar, embalagem de 900g",,5.99,6.66,0,kg,€/Kg,,,https://driveimg1.intermarche.com/pt/Content/images/boitmal/produit/zoom/D5679DAEE4754B15BC232A3CCD376B42.jpg,,,,,2025-10-22T23:59:59+01:00,PROSPECTUS,14,2,,
50443,5059319016603,320.0,KelloggS,"Granola aveia e chocolate negro, embalagem de 320g",,3.34,10.44,0,kg,€/Kg,,,https://driveimg1.intermarche.com/pt/Content/images/boitmal/produit/zoom/E80551B30CB693651F5B819B71E5C789.jpg,,,,,2025-10-22T23:59:59+01:00,PROSPECTUS,14,2,,
51383,8434165608023,150.0,Cuétara,Cuet marinheiros chia-quinoa-lin *9,Embalagem de 150g,1.49,9.93,0,kg,€/Kg,,,https://driveimg1.intermarche.com/pt/Content/images/boitmal/produit/zoom/12296D3DBC6CE8CBB7918AE72A6F0B1F.jpg,,,,,2025-10-22T23:59:59+01:00,PROSPECTUS,14,2,,
52340,8720181392962,1368.0,Comfort,"Amaciador roupa concentrado creations madressilva e sândalo, 76 doses",,3.99,2.92,1368,L,€/L,,,https://driveimg1.intermarche.com/pt/Content/images/boitmal/produit/zoom/C0B30E2D0BC6350378445269707C8D01.jpg,,,,,2025-10-22T23:59:59+01:00,PROSPECTUS,14,2,,
52373,8720181384929,3420.0,Skip,"Detergente máquina roupa líquido sensitive, 76 doses",,11.99,3.51,3420,L,€/L,,,https://driveimg1.intermarche.com/pt/Content/images/boitmal/produit/zoom/2026CABA1ED6C8CC28BF262BD198C659.jpg,https://driveimg1.intermarche.com/pt/Content/images/boitmal/produit/zoom/08584FC3B52052055861732D08983BEF.jpg,,,,2025-10-22T23:59:59+01:00,PROSPECTUS,14,2,,
52768,5604260331444,400.0,PorSi,Pizza Barbecue 410g,,2.89,7.23,0,kg,€/Kg,,,https://driveimg1.intermarche.com/pt/Content/images/boitmal/produit/zoom/39D9E063A8D8D5FB0F9223B4491FB7CB.jpg,,,,,2025-10-22T23:59:59+01:00,PROSPECTUS,14,2,,
52769,5604260331390,415.0,PorSi,Pizza Carbonara em Forno de Pedra,Embalagem de 415g,2.89,6.96,0,kg,€/Kg,,,https://driveimg1.intermarche.com/pt/Content/images/boitmal/produit/zoom/952345FFED1B0BB32007E8A66B5D844A.jpg,,,,,2025-10-22T23:59:59+01:00,PROSPECTUS,14,2,,
52831,5411188139386,750.0,Alpro,"Bebida soja alto teor proteína, 750 ml",,1.59,2.12,750,L,€/L,,,https://driveimg1.intermarche.com/pt/Content/images/boitmal/produit/zoom/49ADB141EE7D3ED699ADC3A17F20F163.jpg,,,,,2025-10-22T23:59:59+01:00,PROSPECTUS,14,2,,
52897,8720181392917,1332.0,Comfort,"Amaciador concentrado essência pure, 74 doses",,3.49,2.62,1332,L,€/L,,,https://driveimg1.intermarche.com/pt/Content/images/boitmal/produit/zoom/F5C0D70B94DAAFB0949EA4EE48242D35.jpg,https://driveimg1.intermarche.com/pt/Content/images/boitmal/produit/zoom/6C81AB307354BD851AD24288672BBAB9.jpg,https://driveimg1.intermarche.com/pt/Content/images/boitmal/produit/zoom/6C81AB307354BD851AD24288672BBAB9.jpg,,,2025-10-22T23:59:59+01:00,PROSPECTUS,14,2,,
52960,5411188136866,340.0,Alpro,"Yofu coco stracciatella, 340g",,2.79,8.21,0,kg,€/Kg,,,https://driveimg1.intermarche.com/pt/Content/images/boitmal/produit/zoom/57498104C9F0931E8171F89E947914A2.jpg,https://driveimg1.intermarche.com/pt/Content/images/boitmal/produit/zoom/1DC8A19C4593A6CAC4DD628D5F44BEA6.jpg,https://driveimg1.intermarche.com/pt/Content/images/boitmal/produit/zoom/1DC8A19C4593A6CAC4DD628D5F44BEA6.jpg,,,2025-10-22T23:59:59+01:00,PROSPECTUS,14,2,,
54320,8718951559721,100.0,Colgate,"Pasta De Dentes Maximum Caries Protection, 100ml",,2.14,21.4,100,L,€/L,,,https://driveimg1.intermarche.com/pt/Content/images/boitmal/produit/zoom/FB112999317664A7E18AAA81FF2A5D06.jpg,https://driveimg1.intermarche.com/pt/Content/images/boitmal/produit/zoom/3694932EDFE660C6F958943C13CEE297.jpg,https://driveimg1.intermarche.com/pt/Content/images/boitmal/produit/zoom/3694932EDFE660C6F958943C13CEE297.jpg,https://driveimg1.intermarche.com/pt/Content/images/boitmal/produit/zoom/3694932EDFE660C6F958943C13CEE297.jpg,,2025-10-22T23:59:59+01:00,PROSPECTUS,14,2,,
544,3228881083326,30.0,Lipton,"20 saquetas chá noite tranquila, embalagem de 30g",,2.1,70.0,0,kg,€/Kg,,,https://driveimg1.intermarche.com/pt/Content/images/boitmal/produit/zoom/918429936BF1A7F518EA4E4A9580CA69.jpg,,,,,2025-10-22T23:59:59+01:00,PROSPECTUS,14,2,,
54671,8711327587199,2000.0,Lipton,"Ice tea limao, 2 l",,2.39,1.2,2000,L,€/L,,,https://driveimg1.intermarche.com/pt/Content/images/boitmal/produit/zoom/50E0AE93B7B2DC79031DA2E6F9D15838.jpg,,,,,2025-10-22T23:59:59+01:00,PROSPECTUS,14,2,,
54795,5603722521225,604.0,Mimosa,"Iogurte magro liquido morango, 4x151 ml",,1.54,2.55,604,L,€/L,,,https://driveimg1.intermarche.com/pt/Content/images/boitmal/produit/zoom/075603ECF4916B645B9AA45146480552.jpg,,,,,2025-10-22T23:59:59+01:00,PROSPECTUS,14,2,,
55027,8711327640306,204.0,Magnum,"Gelado Bombom Caramelo Salgado e Amêndoas, 12 x 17ml",,3.59,17.6,204,L,€/L,,Tipo de stockagem,https://driveimg1.intermarche.com/pt/Content/images/boitmal/produit/zoom/F77F67DDB6AF28DC10527F2C42EC7AC2.jpg,,,,,2025-10-22T23:59:59+01:00,PROSPECTUS,14,2,,
55232,5601027118492,550.0,Oroweat,"Pão de Forma 12 Cereais e Sementes com Côdea, 550g",,2.19,3.98,0,kg,€/Kg,,,https://driveimg1.intermarche.com/pt/Content/images/boitmal/produit/zoom/E85FDF3454076CD499E7AD0D1B953060.jpg,,,,,2025-10-22T23:59:59+01:00,PROSPECTUS,14,2,,
55750,8711327583436,600.0,Lipton,"Ice Tea Limão, 3 x 200ml",,1.48,2.47,600,L,€/L,,,https://driveimg1.intermarche.com/pt/Content/images/boitmal/produit/zoom/629840FDC1977AC7A9BFE6B4014508CA.jpg,,,,,2025-10-22T23:59:59+01:00,PROSPECTUS,14,2,,
56312,5604260330409,500.0,PorSi,Bolacha Crackers sem Sal 500g,,1.69,3.38,0,kg,€/Kg,,,https://driveimg1.intermarche.com/pt/Content/images/boitmal/produit/zoom/C4C7D66A2FE423B48441B913C06B12E7.jpg,,,,,2025-10-22T23:59:59+01:00,PROSPECTUS,14,2,,
56313,5604260330416,500.0,PorSi,Bolacha Crackers com Sal 500g,,1.69,3.38,0,kg,€/Kg,,,https://driveimg1.intermarche.com/pt/Content/images/boitmal/produit/zoom/E81A3AA2D3680B40D9C068C7D38CC09F.jpg,,,,,2025-10-22T23:59:59+01:00,PROSPECTUS,14,2,,
5955,5604260267415,400.0,PorSi,Filetes Pescada 400g,,5.99,14.98,0,kg,€/Kg,,Tipo de stockagem,https://driveimg1.intermarche.com/pt/Content/images/boitmal/produit/zoom/BD892037152340E00BA8B899A62BD6C5.jpg,,,,,2025-10-22T23:59:59+01:00,PROSPECTUS,14,2,,
6404,8410376017113,500.0,Gullón,"Bolacha recheada mega duo chocolate, embalagem de 500g",,2.69,5.38,0,kg,€/Kg,,,https://driveimg1.intermarche.com/pt/Content/images/boitmal/produit/zoom/C45733893FB084218EB8D5FCB2E025BB.jpg,,,,,2025-10-22T23:59:59+01:00,PROSPECTUS,14,2,,
8521,5601119956810,120.0,Nobre,"Fiambre perna extra fatiado, embalagem de 120g",,1.99,16.58,0,kg,€/Kg,,,https://driveimg1.intermarche.com/pt/Content/images/boitmal/produit/zoom/B962872D940BF7EEEBDD095332A56017.jpg,,,,,2025-10-22T23:59:59+01:00,PROSPECTUS,14,2,,
8657,5601163081711,1980.0,Luso,"Água sem gás, pack 6 x 0.33 l",,2.42,1.22,1980,L,€/L,,,https://driveimg1.intermarche.com/pt/Content/images/boitmal/produit/zoom/443B50B4BA27541FFD3067F816F7D24A.jpg,,,,,2025-10-22T23:59:59+01:00,PROSPECTUS,14,2,,
9308,5603722501449,130.0,Primor,Manteiga com sal marinho,Embalagem de 130g,1.89,14.54,0,kg,€/Kg,,,https://driveimg1.intermarche.com/pt/Content/images/boitmal/produit/zoom/CA758C9B9113DE2055E3D0A84CEAE09C.jpg,,,,,2025-10-22T23:59:59+01:00,PROSPECTUS,14,2,,
931,5601001228100,300.0,Nestum,Nestum flocos de cereais com mel,Embalagem de 300g,2.99,9.97,0,kg,€/Kg,,,https://driveimg1.intermarche.com/pt/Content/images/boitmal/produit/zoom/82B368094FF4C269D04DE75FB30D7775.jpg,,,,,2025-10-22T23:59:59+01:00,PROSPECTUS,14,2,,
9612,5604260303908,3900.0,PorSi,Amaciador Roupa Bosque 60d,,2.99,0.77,3900,L,€/L,,,https://driveimg1.intermarche.com/pt/Content/images/boitmal/produit/zoom/2BB2C9FB9CC3A34C1DF5A6A8678A6892.jpg,,,,,2025-10-22T23:59:59+01:00,PROSPECTUS,14,2,,
9698,5604260271047,200.0,PorSi,Mortadela de Peru Fatiada 200g,,1.79,8.95,0,kg,€/Kg,,,https://driveimg1.intermarche.com/pt/Content/images/boitmal/produit/zoom/6B65E7ADAF407C74A149105B69D0AF16.jpg,,,,,2025-10-22T23:59:59+01:00,PROSPECTUS,14,2,,
10091,8410100059839,360.0,Nestlé,"Queijinho petit nesquik, embalagem de 6 x 60g",,2.99,8.31,0,kg,€/Kg,,,https://driveimg1.intermarche.com/pt/Content/images/boitmal/produit/zoom/88B248C453A669F7E350B1DDEC2F3C33.jpg,,,,,2025-10-22T23:59:59+01:00,PROSPECTUS,14,2,,
1014,5601043111149,1000.0,Espiga,"Farinha sem fermento tipo 65, embalagem de 1 kg",,1.29,1.29,0,kg,€/Kg,,,https://driveimg1.intermarche.com/pt/Content/images/boitmal/produit/zoom/0956112EF7C4C6A7364E7D84CAC59686.jpg,,,,,2025-10-22T23:59:59+01:00,PROSPECTUS,14,2,,
10639,8712566395514,61.0,Knorr,"Sopa gourmet, cogumelos, embalagem de 60g",,1.99,32.62,0,kg,€/Kg,,,https://driveimg1.intermarche.com/pt/Content/images/boitmal/produit/zoom/37AB5E4154A122936DBF40F8E46CCD3D.jpg,,,,,2025-10-22T23:59:59+01:00,PROSPECTUS,14,2,,
10651,8714789113227,75.0,Colgate,"Pasta dentífrica herbal branqueadora, embalagem de 75 ml",,1.99,26.53,75,L,€/L,,,https://driveimg1.intermarche.com/pt/Content/images/boitmal/produit/zoom/D603169FD8B2B272886B853A2EE3184C.jpg,,,,,2025-10-22T23:59:59+01:00,PROSPECTUS,14,2,,
10859,3023290400395,230.0,Nestlé,"Iogurte mix in kit kat, embalagem de 2 x 115g",,2.19,9.52,0,kg,€/Kg,,,https://driveimg1.intermarche.com/pt/Content/images/boitmal/produit/zoom/46A338E8D7EAC63B8EF63808F7DF5998.jpg,,,,,2025-10-22T23:59:59+01:00,PROSPECTUS,14,2,,
1100,5601063052293,40.0,Margão,"Pimentão doce, em frasco, 40g",,1.23,30.75,0,kg,€/Kg,,,https://driveimg1.intermarche.com/pt/Content/images/boitmal/produit/zoom/710FE547E61347322601938E856A4538.jpg,,,,,2025-10-22T23:59:59+01:00,PROSPECTUS,14,2,,
11464,5601018003400,1000.0,Matinal,"Leite seleccionado meio gordo, de 1l",,1.0,1.0,1000,L,€/L,,,https://driveimg1.intermarche.com/pt/Content/images/boitmal/produit/zoom/5F34056BF2D07C9D39E218B31081D1FC.jpg,,,,,2025-10-22T23:59:59+01:00,PROSPECTUS,14,2,,
11532,5601077171140,750.0,Velhotes,"Vinho porto 10 anos, garrafa de 0.75 l",,11.59,15.45,750,L,€/L,,,https://driveimg1.intermarche.com/pt/Content/images/boitmal/produit/zoom/F6F666EFEF9E1700965FBE3C3961E5B8.jpg,,,,,2025-10-22T23:59:59+01:00,PROSPECTUS,14,2,,
11586,5601151540831,600.0,Compal,"Néctar ananás, pack 3 x 200 ml",,1.35,2.25,600,L,€/L,,,https://driveimg1.intermarche.com/pt/Content/images/boitmal/produit/zoom/3FACB43E7A9E03C7ABECF62B790A7085.jpg,,,,,2025-10-22T23:59:59+01:00,PROSPECTUS,14,2,,
11642,5601180002003,1000.0,Vigor,Leite pasteurizado magro,Garrafa de 1 l,1.0,1.0,1000,L,€/L,,,https://driveimg1.intermarche.com/pt/Content/images/boitmal/produit/zoom/F8C109F76B61C34DDC541F6014AEA1D3.jpg,,,,,2025-10-22T23:59:59+01:00,PROSPECTUS,14,2,,
11678,5601241111101,1500.0,Vimeiro,"Água com gás, pack 6 x 0.25 l",,3.09,2.06,1500,L,€/L,,,https://driveimg1.intermarche.com/pt/Content/images/boitmal/produit/zoom/349F566BAEB93F94ED3AE567687EDECD.jpg,https://driveimg1.intermarche.com/pt/Content/images/boitmal/produit/zoom/EC75CB9E6EC1DB17A2DC9CE489CBA459.jpg,,,,2025-10-22T23:59:59+01:00,PROSPECTUS,14,2,,
11928,5603089003303,500.0,Parmalat,"Molho Bechamel Levíssimo, embalagem de 500 ml",,1.99,3.98,500,L,€/L,,,https://driveimg1.intermarche.com/pt/Content/images/boitmal/produit/zoom/5FACCEE79EE2CC78AF8E4323F90F91E2.jpg,,,,,2025-10-22T23:59:59+01:00,PROSPECTUS,14,2,,
11929,5603089003518,200.0,Parmalat,"Natas uht 3 queijos, embalagem de 200 ml",,1.12,5.6,200,L,€/L,,,https://driveimg1.intermarche.com/pt/Content/images/boitmal/produit/zoom/F4B575065194FD0CFA0ABE79662B1174.jpg,,,,,2025-10-22T23:59:59+01:00,PROSPECTUS,14,2,,
11930,5603089003679,200.0,Parmalat,"Nata uht carbonara, embalagem de 200 ml",,1.12,5.6,200,L,€/L,,,https://driveimg1.intermarche.com/pt/Content/images/boitmal/produit/zoom/1933ECF81D43BC98B904C36872874CA5.jpg,,,,,2025-10-22T23:59:59+01:00,PROSPECTUS,14,2,,
12090,5604260263622,750.0,PorSi,Engoma Fácil em Spray 750ml,Embalagem de 750 ml,1.59,2.12,750,L,€/L,,,https://driveimg1.intermarche.com/pt/Content/images/boitmal/produit/zoom/799FD78460FA6E1F24708C52FEEC7778.jpg,,,,,2025-10-22T23:59:59+01:00,PROSPECTUS,14,2,,
12299,8003520013064,300.0,Palmolive,"Sabonete líquido de leite de amêndoas, recarga, 300 ml",,1.79,5.97,300,L,€/L,,,https://driveimg1.intermarche.com/pt/Content/images/boitmal/produit/zoom/35D2E48138CCA33503CE2D19DC83E44D.jpg,,,,,2025-10-22T23:59:59+01:00,PROSPECTUS,14,2,,
12325,8410000827446,440.0,Oreo,Bolachas oreo,Embalagem de 440g,3.19,7.25,0,kg,€/Kg,,,https://driveimg1.intermarche.com/pt/Content/images/boitmal/produit/zoom/11ABE08FDA4C088C51508248D56D0CC4.jpg,,,,,2025-10-22T23:59:59+01:00,PROSPECTUS,14,3,,
12468,8435250439584,256.0,Nestlé,"Iogurte mix in smarties morango, embalagem de 2 x 128 g",,2.19,8.55,0,kg,€/Kg,,,https://driveimg1.intermarche.com/pt/Content/images/boitmal/produit/zoom/546EB338CC6149CC0CDDECE6E5ABF48D.jpg,,,,,2025-10-22T23:59:59+01:00,PROSPECTUS,14,3,,
12471,8435257040868,640.0,Nestlé,"Iogurte líquido yoggi morango/banana, embalagem de 4 x 160g",,1.99,3.11,0,kg,€/Kg,,,https://driveimg1.intermarche.com/pt/Content/images/boitmal/produit/zoom/E92C48D7A1A5BA67322D0E6250F5BAFF.jpg,,,,,2025-10-22T23:59:59+01:00,PROSPECTUS,14,3,,
1296,5601151543306,1000.0,Compal,"Néctar de pêra, embalagem de 1l",,1.26,1.26,1000,L,€/L,,,https://driveimg1.intermarche.com/pt/Content/images/boitmal/produit/zoom/20D6CCFACD44697943FB8CAF67B7E4F5.jpg,,,,,2025-10-22T23:59:59+01:00,PROSPECTUS,14,3,,
13126,2893105000000,600.0,Peixaria,Dourada de Viveiro,de 600 a 800g,4.79,7.99,0,,€/Kg,,,https://driveimg1.intermarche.com/pt/Content/images/boitmal/produit/zoom/6E8A33BF89ACC347EAD33BE9A6FF5B5C.jpg,,,,,2025-10-22T23:59:59+01:00,PROSPECTUS,14,3,,
13136,2893117000000,2000.0,Peixaria,Garoupa Legítima Pequena,1 un= 2 kg (aprox.),33.98,16.99,0,,€/Kg,,,https://driveimg1.intermarche.com/pt/Content/images/boitmal/produit/zoom/129E0A0F960C6AA8C3FB58671CC9747D.jpg,,,,,2025-10-22T23:59:59+01:00,PROSPECTUS,14,3,,
1325,5601163120816,750.0,Luso,"Água sem gás, garrafa de 0,75 l",,0.74,0.99,750,L,€/L,,,https://driveimg1.intermarche.com/pt/Content/images/boitmal/produit/zoom/AA1A6E591B93610CCB3C24631D9E85B8.jpg,,,,,2025-10-22T23:59:59+01:00,PROSPECTUS,14,3,,
13301,2893289000000,3000.0,Peixaria,Corvina de Viveiro,1 un= 3kg (aprox.),29.97,9.99,0,,€/Kg,,,https://driveimg1.intermarche.com/pt/Content/images/boitmal/produit/zoom/CB34FEABE5893AD549783D99CA735CEF.jpg,,,,,2025-10-22T23:59:59+01:00,PROSPECTUS,14,3,,
13523,2893515000000,250.0,Peixaria,Lula Congelada,1 un= 250 gr (aprox.),1.25,4.99,0,,€/Kg,,Avantages !,https://driveimg1.intermarche.com/pt/Content/images/boitmal/produit/zoom/B2B7BBDC4CDC3C912C9CD2FEC6D3B682.jpg,,,,,2025-10-22T23:59:59+01:00,PROSPECTUS,14,3,,
13848,2891015000000,150.0,Novilho,Entremeada Novilho,1 un=150 gr (aprox),1.39,9.29,0,,€/Kg,,,https://driveimg1.intermarche.com/pt/Content/images/boitmal/produit/zoom/E3E6C57F8100820E9FD4FEA74DC60325.jpg,,,,,2025-10-22T23:59:59+01:00,PROSPECTUS,14,3,,
14169,5601151734452,1000.0,Compal,"Sumo 100% maçã, 1 litro",,1.49,1.49,1000,L,€/L,,,https://driveimg1.intermarche.com/pt/Content/images/boitmal/produit/zoom/3B7D32B63074578EB7477E7E971C8957.jpg,,,,,2025-10-22T23:59:59+01:00,PROSPECTUS,14,3,,
14172,5601226006460,1500.0,Ucal,"Leite com chocolate original, embalagem de 6 x 250 ml",,4.59,3.06,1500,L,€/L,,,https://driveimg1.intermarche.com/pt/Content/images/boitmal/produit/zoom/DBA6B505928AF15261880350BAEA1A97.jpg,,,,,2025-10-22T23:59:59+01:00,PROSPECTUS,14,3,,
14458,7613034678607,90.0,Nestlé,"Fruta para bebé banana maçã +4 meses, embalagem de 90g",,0.65,7.22,0,kg,€/Kg,,,https://driveimg1.intermarche.com/pt/Content/images/boitmal/produit/zoom/0F3547F16577E97D821E3E9FDD9F17B9.jpg,,,,,2025-10-22T23:59:59+01:00,PROSPECTUS,14,3,,
14568,8414516001161,250.0,Florette,"Salada toscana, embalagem de 250 g",,1.49,5.96,0,kg,€/Kg,,,https://driveimg1.intermarche.com/pt/Content/images/boitmal/produit/zoom/7A8AB6F020FBCE4F95A94F76648CD544.jpg,,,,,2025-10-22T23:59:59+01:00,PROSPECTUS,14,3,,
14574,8414516001017,250.0,Florette,"Salada iceberg, embalagem de 250 g",,1.49,5.96,0,kg,€/Kg,,,https://driveimg1.intermarche.com/pt/Content/images/boitmal/produit/zoom/F2C8422977E4E6EF97009FE9FA8B4067.jpg,,,,,2025-10-22T23:59:59+01:00,PROSPECTUS,14,3,,
1462,5601286231772,250.0,Milaneza,"Massa, estrelinhas, embalagem de 250g",,0.61,2.44,0,kg,€/Kg,,,https://driveimg1.intermarche.com/pt/Content/images/boitmal/produit/zoom/3936C365D7B95744ED545201CA491D61.jpg,,,,,2025-10-22T23:59:59+01:00,PROSPECTUS,14,3,,
1463,5601286232779,250.0,Milaneza,"Massa pevide, embalagem de 250g",,0.61,2.44,0,kg,€/Kg,,,https://driveimg1.intermarche.com/pt/Content/images/boitmal/produit/zoom/7FABF67C8683DAD5B618F045601E14A4.jpg,,,,,2025-10-22T23:59:59+01:00,PROSPECTUS,14,3,,
1464,5601286233776,250.0,Milaneza,"Massa de bagos, embalagem de 250g",,0.61,2.44,0,kg,€/Kg,,,https://driveimg1.intermarche.com/pt/Content/images/boitmal/produit/zoom/539D153DE9C377CF57F947CAA1EB45EB.jpg,,,,,2025-10-22T23:59:59+01:00,PROSPECTUS,14,3,,
15059,2892578000000,200.0,Legumes,Nabo Roxo sem Rama,1 un = 200 gr (aprox.),0.4,1.99,0,,€/Kg,,,https://driveimg1.intermarche.com/pt/Content/images/boitmal/produit/zoom/EECF99CF1D26FD88C91EC2A5B22EA3C8.jpg,,,,,2025-10-22T23:59:59+01:00,PROSPECTUS,14,3,,
1538,5601489134153,500.0,Du Bois de la Roche,"Bolachas crackers sem sal, embalagem de 500g",,2.99,5.98,0,kg,€/Kg,,,https://driveimg1.intermarche.com/pt/Content/images/boitmal/produit/zoom/A3AED4DA2D1415C7EB643F2D474CEC29.jpg,,,,,2025-10-22T23:59:59+01:00,PROSPECTUS,14,3,,
1544,5601489771358,135.0,Du Bois de la Roche,"Biscoitos allumettes, embalagem de 135 g",,1.49,11.04,0,kg,€/Kg,,,https://driveimg1.intermarche.com/pt/Content/images/boitmal/produit/zoom/6F1D0449DA4DB517A7E6D30E0876833C.jpg,,,,,2025-10-22T23:59:59+01:00,PROSPECTUS,14,3,,
15473,5601517360363,450.0,Paladin,"Ketchup à Portuguesa Top Down sem Glúten, 450g",Garrafa de 450 ml,2.09,4.64,450,L,€/L,,,https://driveimg1.intermarche.com/pt/Content/images/boitmal/produit/zoom/C22D205E9E2345D19F4509DFE2C3ED6E.jpg,,,,,2025-10-22T23:59:59+01:00,PROSPECTUS,14,3,,
16003,5000116109630,300.0,Capitão Iglo,"12 douradinhos forníssimo, embalagem de 300g",,3.98,13.27,0,kg,€/Kg,,Tipo de stockagem,https://driveimg1.intermarche.com/pt/Content/images/boitmal/produit/zoom/544992A31EAE2C5ED6C344C7B21BC2DA.jpg,,,,,2025-10-22T23:59:59+01:00,PROSPECTUS,14,3,,
16405,7622210369970,31.0,Royal,"Gelatina limão 10kcal, 30g",,1.44,46.45,0,kg,€/Kg,,,https://driveimg1.intermarche.com/pt/Content/images/boitmal/produit/zoom/7AA2E36D9ABF6112C08AB10A3E88D801.jpg,,,,,2025-10-22T23:59:59+01:00,PROSPECTUS,14,3,,
16492,8718951037847,500.0,Ajax,"Limpa vidros pistola, tripla acção, embalagem de 500 ml",,1.97,3.94,500,L,€/L,,,https://driveimg1.intermarche.com/pt/Content/images/boitmal/produit/zoom/835152AD536CA633AE488A10E244161F.jpg,,,,,2025-10-22T23:59:59+01:00,PROSPECTUS,14,3,,
16493,8718951037939,500.0,Ajax,"Limpa vidros pistola, cristal, embalagem de 500 ml",,1.97,3.94,500,L,€/L,,,https://driveimg1.intermarche.com/pt/Content/images/boitmal/produit/zoom/B2152E81252C8B3ECCDB87063FC44E64.jpg,,,,,2025-10-22T23:59:59+01:00,PROSPECTUS,14,3,,
16505,8001010085454,280.0,Ponti,"Tomate seco, embalagem de 280g",,2.39,8.54,0,kg,€/Kg,,,https://driveimg1.intermarche.com/pt/Content/images/boitmal/produit/zoom/2298F19E576B3259C716C3773AA1D96D.jpg,,,,,2025-10-22T23:59:59+01:00,PROSPECTUS,14,3,,
16593,2696081000000,60.0,Padaria,Carcaça Forno de Pedra,1 un = 60 gr (aprox.),0.24,4.0,0,kg,€/Kg,,,https://driveimg1.intermarche.com/pt/Content/images/boitmal/produit/zoom/9ACBFD9AFE6222DA83AEB13A9FD53964.jpg,,,,,2025-10-22T23:59:59+01:00,PROSPECTUS,14,3,,
16607,8712561521529,700.0,Cif,"Creme abrasivo original, de 700 ml",,2.69,3.84,700,L,€/L,,,https://driveimg1.intermarche.com/pt/Content/images/boitmal/produit/zoom/30CCCA0B503F489882A8FCB31275E9C6.jpg,,,,,2025-10-22T23:59:59+01:00,PROSPECTUS,14,3,,
16609,8712561846530,700.0,Cif,"Creme abrasivo pink flowers, de 700 ml",,2.69,3.84,700,L,€/L,,,https://driveimg1.intermarche.com/pt/Content/images/boitmal/produit/zoom/C71BC29DB02419E55AB519313E13B11B.jpg,,,,,2025-10-22T23:59:59+01:00,PROSPECTUS,14,3,,
17114,5000116110148,320.0,Capitão Iglo,"4 hamburguers vaca sem glúten, embalagem de 320g",,4.49,14.03,0,kg,€/Kg,,Tipo de stockagem,https://driveimg1.intermarche.com/pt/Content/images/boitmal/produit/zoom/F31F98EC751272F860D1F790EE53DF35.jpg,,,,,2025-10-22T23:59:59+01:00,PROSPECTUS,14,3,,
17115,5000116110155,640.0,Capitão Iglo,8 hamburguers s/ glúten vaca,Embalagem de 640g,7.99,12.48,0,kg,€/Kg,,Tipo de stockagem,https://driveimg1.intermarche.com/pt/Content/images/boitmal/produit/zoom/6FAFE9FC4DDEB6CE7DCD2D721BE41E81.jpg,,,,,2025-10-22T23:59:59+01:00,PROSPECTUS,14,3,,
1792,5604260010424,500.0,PorSi,Vinagre Vinho Tinto 500ml,,0.49,0.98,500,L,€/L,,,https://driveimg1.intermarche.com/pt/Content/images/boitmal/produit/zoom/D3A5205AA62C599B42DC9CA1B694D000.jpg,,,,,2025-10-22T23:59:59+01:00,PROSPECTUS,14,3,,
1793,5604260010431,500.0,PorSi,Vinagre Vinho Branco 500ml,,0.59,1.18,500,L,€/L,,,https://driveimg1.intermarche.com/pt/Content/images/boitmal/produit/zoom/98C37A512AE7D66F73EBFD90FA3DD5A0.jpg,,,,,2025-10-22T23:59:59+01:00,PROSPECTUS,14,3,,
18084,5601008100539,300.0,Vieira,"Bolacha maria doces, embalagem de 300g",,2.09,6.97,0,kg,€/Kg,,,https://driveimg1.intermarche.com/pt/Content/images/boitmal/produit/zoom/D2F14C3854C93614A1A86C670F377C2D.jpg,,,,,2025-10-22T23:59:59+01:00,PROSPECTUS,14,3,,
1948,5604260056941,200.0,PorSi,Massa de Alho 200g,,0.85,4.25,0,kg,€/Kg,,,https://driveimg1.intermarche.com/pt/Content/images/boitmal/produit/zoom/E280B75D03F6886AA331E096355381E5.jpg,,,,,2025-10-22T23:59:59+01:00,PROSPECTUS,14,3,,
19607,7613035376625,90.0,Nestlé,Fruta para bebé maçã banana aveia +6 meses,Embalagem de 90g,0.65,7.22,0,kg,€/Kg,,,https://driveimg1.intermarche.com/pt/Content/images/boitmal/produit/zoom/63EF160EDC28D2A349A30B7555DC57D7.jpg,,,,,2025-10-22T23:59:59+01:00,PROSPECTUS,14,3,,
20101,5601010131231,120.0,Ramirez,"Atum em azeite, embalagem de 120g",,1.49,12.42,0,kg,€/Kg,,,https://driveimg1.intermarche.com/pt/Content/images/boitmal/produit/zoom/4E16DC667779622705519F8CE1EA40F5.jpg,,,,,2025-10-22T23:59:59+01:00,PROSPECTUS,14,3,,
21149,3415581114935,460.0,Haagen Daz,"Salted caramel, embalagem de 460 ml",,5.79,12.59,460,L,€/L,,Tipo de stockagem,https://driveimg1.intermarche.com/pt/Content/images/boitmal/produit/zoom/3221FA219404BC43A0A4240ED9704EE0.jpg,,,,,2025-10-22T23:59:59+01:00,PROSPECTUS,14,3,,
2153,5604260258604,1000.0,PorSi,Polvo Limpo 1kg,,10.99,10.99,0,kg,€/Kg,,Tipo de stockagem,https://driveimg1.intermarche.com/pt/Content/images/boitmal/produit/zoom/FAF7A31A8F79D5C2CCCF361A2228856D.jpg,,,,,2025-10-22T23:59:59+01:00,PROSPECTUS,14,3,,
21767,7613035487871,90.0,Nestlé,"Fruta para bebé multifrutas +4 meses, embalagem de 90g",,0.65,7.22,0,kg,€/Kg,,,https://driveimg1.intermarche.com/pt/Content/images/boitmal/produit/zoom/1B1A7DCEC52C23E2760C4FE3A24A75EE.jpg,,,,,2025-10-22T23:59:59+01:00,PROSPECTUS,14,3,,
22335,5000116110940,420.0,Capitão Iglo,"15 douradinhos, embalagem de 420g",,4.99,11.88,0,kg,€/Kg,,Tipo de stockagem,https://driveimg1.intermarche.com/pt/Content/images/boitmal/produit/zoom/3973A8C90F686ECB72E76C3B0A0492D4.jpg,,,,,2025-10-22T23:59:59+01:00,PROSPECTUS,14,3,,
22391,5601151975770,1980.0,Pepsi,"Refrigerante com gás zero açúcar, pack 6 x 0.33 l",,3.69,1.86,1980,L,€/L,,,https://driveimg1.intermarche.com/pt/Content/images/boitmal/produit/zoom/EA4A23171A260CD2473235D1672579A7.jpg,,,,,2025-10-22T23:59:59+01:00,PROSPECTUS,14,3,,
22395,8712100745614,412.0,HellmannS,"Mionese top down, embalagem de 410g",,2.99,7.26,0,kg,€/Kg,,,https://driveimg1.intermarche.com/pt/Content/images/boitmal/produit/zoom/69FC39D7436E837B71E260D76DC0DC69.jpg,https://driveimg1.intermarche.com/pt/Content/images/boitmal/produit/zoom/8441A970BF19CB238C08CCCD9712CAB2.jpg,https://driveimg1.intermarche.com/pt/Content/images/boitmal/produit/zoom/8441A970BF19CB238C08CCCD9712CAB2.jpg,https://driveimg1.intermarche.com/pt/Content/images/boitmal/produit/zoom/8441A970BF19CB238C08CCCD9712CAB2.jpg,,2025-10-22T23:59:59+01:00,PROSPECTUS,14,3,,
22940,5604260280933,130.0,Porsi Vivabem,Tortitas de Arroz Integral com Sal 130g,,0.79,6.08,0,kg,€/Kg,,,https://driveimg1.intermarche.com/pt/Content/images/boitmal/produit/zoom/CC0F04ACFABB43679AB86C8FED148071.jpg,,,,,2025-10-22T23:59:59+01:00,PROSPECTUS,14,3,,
22941,5604260280940,130.0,Porsi Vivabem,Tortitas de Arroz Integral sem Sal 130g,,0.79,6.08,0,kg,€/Kg,,,https://driveimg1.intermarche.com/pt/Content/images/boitmal/produit/zoom/4EC68B3BD9D632DE980E2617EFE6C9E8.jpg,,,,,2025-10-22T23:59:59+01:00,PROSPECTUS,14,3,,
23354,5000116112210,375.0,Capitão Iglo,"18 nuggets de frango e queijo, embalagem de 380g",,5.99,15.97,0,kg,€/Kg,,Tipo de stockagem,https://driveimg1.intermarche.com/pt/Content/images/boitmal/produit/zoom/620A92034486A55E5D400B05466AAFD3.jpg,,,,,2025-10-22T23:59:59+01:00,PROSPECTUS,14,3,,
23524,5000204922851,750.0,Pato,"Líquido sanitário extra power, marinho, 750 ml",,1.69,2.25,750,L,€/L,,,https://driveimg1.intermarche.com/pt/Content/images/boitmal/produit/zoom/60268FF4016AF8FBA52DB6A9A88D181B.jpg,,,,,2025-10-22T23:59:59+01:00,PROSPECTUS,14,3,,
2482,7613032584757,250.0,Cerelac,Papa infantil láctea 5 frutos +6 meses,Embalagem de 250g,3.19,12.76,0,kg,€/Kg,,,https://driveimg1.intermarche.com/pt/Content/images/boitmal/produit/zoom/3BA8FAB1CBB784A1F35D14E45DA423EA.jpg,,,,,2025-10-22T23:59:59+01:00,PROSPECTUS,14,3,,
2503,7613033156212,85.0,Purina Gourmet,"Comida húmida para gato mousse com salmão, embalagem de 90g",,0.87,10.24,0,kg,€/Kg,,,https://driveimg1.intermarche.com/pt/Content/images/boitmal/produit/zoom/BCD32627F59A029C2931D459EC84583E.jpg,,,,,2025-10-22T23:59:59+01:00,PROSPECTUS,14,3,,
25214,7613035930551,90.0,Nestlé,"Fruta para bebé maçã banana morango +8 meses, embalagem de 90g",,0.65,7.22,0,kg,€/Kg,,,https://driveimg1.intermarche.com/pt/Content/images/boitmal/produit/zoom/A2E1B043C34553B91FFED35123D220EC.jpg,,,,,2025-10-22T23:59:59+01:00,PROSPECTUS,14,3,,
2675,8410000802771,160.0,Chips Ahoy!,Bolachas mini chips ahoy,Embalagem de 160g,1.84,11.5,0,kg,€/Kg,,,https://driveimg1.intermarche.com/pt/Content/images/boitmal/produit/zoom/3707DD444CDD44D20F774875B91B068B.jpg,,,,,2025-10-22T23:59:59+01:00,PROSPECTUS,14,3,,
2748,8410063044521,200.0,Pescanova,"Miolo de camarão cozido 40/60, 200 g",,6.39,31.95,0,kg,€/Kg,,Tipo de stockagem,https://driveimg1.intermarche.com/pt/Content/images/boitmal/produit/zoom/D50FF0C33F27025B364B2A0F02EC1F36.jpg,,,,,2025-10-22T23:59:59+01:00,PROSPECTUS,14,3,,
27629,5604260282845,500.0,PorSi,Iogurte Natural 4x125g,,0.79,1.58,0,kg,€/Kg,,,https://driveimg1.intermarche.com/pt/Content/images/boitmal/produit/zoom/4C81FD0AD483BCDBB41B470432B5F2B0.jpg,,,,,2025-10-22T23:59:59+01:00,PROSPECTUS,14,3,,
28859,5000116123841,336.0,Capitão Iglo,"Douradinhos estaladiços, embalagem de 340g",,4.99,14.85,0,kg,€/Kg,,Tipo de stockagem,https://driveimg1.intermarche.com/pt/Content/images/boitmal/produit/zoom/49AFDC264463FC49315EE03B7B5FBE4C.jpg,,,,,2025-10-22T23:59:59+01:00,PROSPECTUS,14,3,,
29356,8718951202856,500.0,Palmolive,"Gel de banho natural leite e mel, 500 ml",,2.69,5.38,500,L,€/L,,,https://driveimg1.intermarche.com/pt/Content/images/boitmal/produit/zoom/6CB5E843C7A08E2ECE1293E08A53478D.jpg,,,,,2025-10-22T23:59:59+01:00,PROSPECTUS,14,3,,
29378,8714100894156,1000.0,Lipton,"Chá verde hortelã e lima, garrafa de 1l",,1.44,1.44,1000,L,€/L,,,https://driveimg1.intermarche.com/pt/Content/images/boitmal/produit/zoom/B56A0D70AD27B771E6C8F417AC3F146D.jpg,,,,,2025-10-22T23:59:59+01:00,PROSPECTUS,14,3,,
30709,5603089007738,500.0,Parmalat,"Bechamel sem glúten, 500 ml",,2.33,4.66,500,L,€/L,,,https://driveimg1.intermarche.com/pt/Content/images/boitmal/produit/zoom/A45D4AD7BDD866FA75167D46D503ED8D.jpg,,,,,2025-10-22T23:59:59+01:00,PROSPECTUS,14,3,,
30721,5601883270013,150.0,Nova Açores,"Queijo da ilha fatiado, embalagem de 150g",,1.88,12.53,0,kg,€/Kg,,,https://driveimg1.intermarche.com/pt/Content/images/boitmal/produit/zoom/40CA9125AF84B5E9D880FDC49E57282C.jpg,,,,,2025-10-22T23:59:59+01:00,PROSPECTUS,14,3,,
32043,5603722517457,1000.0,Mimosa,"Mimosa bem especial leite e aveia, embalagem de 1litro",,1.18,1.18,1000,L,€/L,,,https://driveimg1.intermarche.com/pt/Content/images/boitmal/produit/zoom/E5C4A490D600808B036AC802EEDAB637.jpg,,,,,2025-10-22T23:59:59+01:00,PROSPECTUS,14,3,,
32326,8002205352009,2000.0,Friskies,Ração para gato adulto com salmão e legumes,Embalagem de 2 kg,6.74,3.37,0,kg,€/Kg,,,https://driveimg1.intermarche.com/pt/Content/images/boitmal/produit/zoom/7BB16DEB21172930AE30D98EA700F916.jpg,,,,,2025-10-22T23:59:59+01:00,PROSPECTUS,14,3,,
33481,5604260285112,250.0,PorSi,Detergente Limpa Maquina da Roupa 250ml,,1.55,6.2,250,L,€/L,,,https://driveimg1.intermarche.com/pt/Content/images/boitmal/produit/zoom/34D56518FB0809E2A85FBAD383E5547D.jpg,,,,,2025-10-22T23:59:59+01:00,PROSPECTUS,14,3,,
33884,2893837000000,1500.0,Peixaria,Peixe espada preto inteiro,Vendido ao peso,11.99,7.99,0,,€/Kg,,,https://driveimg1.intermarche.com/pt/Content/images/boitmal/produit/zoom/0C1CA3DE6B16A13335042AAFE1F612D6.jpg,,,,,2025-10-22T23:59:59+01:00,PROSPECTUS,14,3,,
34353,5604260282852,500.0,PorSi,Iogurte Natural Açucarado 4x125g,,0.79,1.58,0,kg,€/Kg,,,https://driveimg1.intermarche.com/pt/Content/images/boitmal/produit/zoom/6C9F39B841A9DDA8724CC748244C792C.jpg,,,,,2025-10-22T23:59:59+01:00,PROSPECTUS,14,3,,
35483,8410436343435,500.0,Sonasol,Spray desengordurante,Embalagem de 500 ml,1.99,3.98,500,L,€/L,,,https://driveimg1.intermarche.com/pt/Content/images/boitmal/produit/zoom/47473DD6CCCCC8BCBCC650E05B76EF50.jpg,,,,,2025-10-22T23:59:59+01:00,PROSPECTUS,14,3,,
35544,7622210420244,160.0,Prince,"Bolachas mini prince recheadas com chocolate, embalagem de 160g",,1.84,11.5,0,kg,€/Kg,,,https://driveimg1.intermarche.com/pt/Content/images/boitmal/produit/zoom/61F2634B3866278C0DEB463B7CD623C7.jpg,,,,,2025-10-22T23:59:59+01:00,PROSPECTUS,14,3,,
35558,5601151973721,3500.0,Pepsi,"Refrigerante com gás, pack de 2 x 1.75 l",,3.18,0.91,3500,L,€/L,,,https://driveimg1.intermarche.com/pt/Content/images/boitmal/produit/zoom/4591303E8886D5226C017EC0EFBDEC41.jpg,,,,,2025-10-22T23:59:59+01:00,PROSPECTUS,14,3,,
35756,3574661428024,500.0,Johnson's Baby,Gel de banho para bebé cotton touch,Embalagem de 500 ml,4.19,8.38,500,L,€/L,,,https://driveimg1.intermarche.com/pt/Content/images/boitmal/produit/zoom/29E0491A4F392061C7BF2083E5E1871E.jpg,,,,,2025-10-22T23:59:59+01:00,PROSPECTUS,14,3,,
36485,5604260295340,1500.0,PorSi,"Refrigerante Maçã s/Gás 1,5l",,1.09,0.73,1500,L,€/L,,,https://driveimg1.intermarche.com/pt/Content/images/boitmal/produit/zoom/9A9884A13415EC5167D5B16026BC4AB6.jpg,,,,,2025-10-22T23:59:59+01:00,PROSPECTUS,14,3,,
36521,5604260295326,1500.0,PorSi,"Refrigerante Laranja s/Gás 1,5l",,0.99,0.66,1500,L,€/L,,,https://driveimg1.intermarche.com/pt/Content/images/boitmal/produit/zoom/A6AF9ACD344C832F0E5F8232BBCCDC50.jpg,,,,,2025-10-22T23:59:59+01:00,PROSPECTUS,14,3,,
36657,5601217132673,500.0,Cillitbang,"Spray lixívia e higiene, de 500 ml",,2.49,4.98,500,L,€/L,,,https://driveimg1.intermarche.com/pt/Content/images/boitmal/produit/zoom/D9B27A41A222F2F218026715A414F2D0.jpg,,,,,2025-10-22T23:59:59+01:00,PROSPECTUS,14,3,,
37813,5604260301072,,PorSi,Fraldas Premium T4 9-15 kg - 50 Unidades,,7.99,7.99,0,,€/Unidade,,,https://driveimg1.intermarche.com/pt/Content/images/boitmal/produit/zoom/FEBDD011751B59D97EB685821C28F832.jpg,,,,,2025-10-22T23:59:59+01:00,PROSPECTUS,14,3,,
37814,5604260301089,,PorSi,Fraldas Premium T5 13-18 kg - 42 Unidades,,7.99,7.99,0,,€/Unidade,,,https://driveimg1.intermarche.com/pt/Content/images/boitmal/produit/zoom/C13EDAEA790705BF6C3FF3D6193E73D1.jpg,,,,,2025-10-22T23:59:59+01:00,PROSPECTUS,14,3,,
37900,5601119305007,210.0,Nobre,"Salsicha hot dog, frasco de 250g",,2.55,12.14,0,kg,€/Kg,,,https://driveimg1.intermarche.com/pt/Content/images/boitmal/produit/zoom/68E53CA887C0767923F878238ADB6D84.jpg,,,,,2025-10-22T23:59:59+01:00,PROSPECTUS,14,3,,
37991,5601027946200,450.0,Bimbo,Pão integral sem côdea,Embalagem de 450 g,1.99,4.42,0,kg,€/Kg,,,https://driveimg1.intermarche.com/pt/Content/images/boitmal/produit/zoom/F51F7A9C9A8DEFAFD2BD4E66CE470724.jpg,,,,,2025-10-22T23:59:59+01:00,PROSPECTUS,14,3,,
38308,8410436341011,150.0,Sonasol,Bloco WC Poder Activo Eucalipto,Embalagem 3 x 50 g,4.39,29.27,0,kg,€/Kg,,,https://driveimg1.intermarche.com/pt/Content/images/boitmal/produit/zoom/82ED9D6125B06B5AB3E7C3747C99F060.jpg,,,,,2025-10-22T23:59:59+01:00,PROSPECTUS,14,3,,
38395,8002270002045,1000.0,San Pellegrino,San pellegrino pet fg 100cl italia,Garrafa de 1 l,1.69,1.69,1000,L,€/L,,,https://driveimg1.intermarche.com/pt/Content/images/boitmal/produit/zoom/3DC9DF4F12B46AFE06158679748B3A98.jpg,,,,,2025-10-22T23:59:59+01:00,PROSPECTUS,14,3,,
388,8712566156115,71.0,Knorr,"Sopa de rabo de boi, 70g",,1.6,22.54,0,kg,€/Kg,,,https://driveimg1.intermarche.com/pt/Content/images/boitmal/produit/zoom/3A7D2F019E799AC69E8329E3FE5B92BA.jpg,,,,,2025-10-22T23:59:59+01:00,PROSPECTUS,14,3,,
40383,2696845000000,500.0,Padaria,Pão forma de Rio Maior,500 g,1.39,2.78,0,kg,€/Kg,,,https://driveimg1.intermarche.com/pt/Content/images/boitmal/produit/zoom/17337BA5BC6BED0E351797EFE70D6ACA.jpg,,,,,2025-10-22T23:59:59+01:00,PROSPECTUS,14,3,,
40786,5604260304684,210.0,PorSi,Salada Cesar 210 G,,2.69,12.81,0,kg,€/Kg,,,https://driveimg1.intermarche.com/pt/Content/images/boitmal/produit/zoom/7F7618FE9412ACEB6E688FD6039D09D1.jpg,,,,,2025-10-22T23:59:59+01:00,PROSPECTUS,14,3,,
41298,5601050036541,440.0,Danone,"Iogurte oikos natural,  4 x 110g",,2.49,5.66,0,kg,€/Kg,,,https://driveimg1.intermarche.com/pt/Content/images/boitmal/produit/zoom/100CC1C1966D7A85865BF44E424F358B.jpg,,,,,2025-10-22T23:59:59+01:00,PROSPECTUS,14,3,,
41795,5601349539920,750.0,Casalinho,"Vinho tinto, garrafa de 0.75 l",,2.19,2.92,750,L,€/L,,,https://driveimg1.intermarche.com/pt/Content/images/boitmal/produit/zoom/92C649D604E3891F5C5C266FFF8F4664.jpg,,,,,2025-10-22T23:59:59+01:00,PROSPECTUS,14,3,,
41864,3574661552583,,Carefree,Pensos diários respirare,embalagem com 20 unidades,1.49,1.49,0,,€/Unidade,,,https://driveimg1.intermarche.com/pt/Content/images/boitmal/produit/zoom/BD33E96F4727B556C303FCC666770282.jpg,,,,,2025-10-22T23:59:59+01:00,PROSPECTUS,14,3,,
419,8718114882536,50.0,Knorr,"Sopa de cebola, embalagem de 50g",,1.6,32.0,0,kg,€/Kg,,,https://driveimg1.intermarche.com/pt/Content/images/boitmal/produit/zoom/40DE8A4B0CCB6E254052E81CFB00180A.jpg,,,,,2025-10-22T23:59:59+01:00,PROSPECTUS,14,3,,
42135,5604260307012,,PorSi,Cesto para roupa lavada (cores sortidas),Capacidade: 26 litros,2.89,2.89,0,,€/Unidade,,,https://driveimg1.intermarche.com/pt/Content/images/boitmal/produit/zoom/A83F4E7E724FCEE81E740CBED98E4589.jpg,https://driveimg1.intermarche.com/pt/Content/images/boitmal/produit/zoom/348B18310947DFC88FC99D71C17F7666.jpg,,,,2025-10-22T23:59:59+01:00,PROSPECTUS,14,3,,
42782,2696841000000,500.0,Pastelaria,Cheesecake frutos vermelhos,500 g,7.99,15.98,0,kg,€/Kg,,,https://driveimg1.intermarche.com/pt/Content/images/boitmal/produit/zoom/36D3F0C4312DF34B527E768275C37216.jpg,,,,,2025-10-22T23:59:59+01:00,PROSPECTUS,14,3,,
42901,3574669909860,200.0,Johnson's Baby,Condicionador spray penteia fácil,Embalagem de 200 ml,3.44,17.2,200,L,€/L,,,https://driveimg1.intermarche.com/pt/Content/images/boitmal/produit/zoom/39AA9D3BF278FA178A337319F4F0E44F.jpg,,,,,2025-10-22T23:59:59+01:00,PROSPECTUS,14,3,,
43119,5411188121374,250.0,Alpro,"Creme soja cozinha, 250 ml",,1.39,5.56,250,L,€/L,,,https://driveimg1.intermarche.com/pt/Content/images/boitmal/produit/zoom/596BD7E2601FA9A818BD571593FBC40F.jpg,,,,,2025-10-22T23:59:59+01:00,PROSPECTUS,14,3,,
43391,5604260311361,375.0,PorSi,Cereais Tufados com Chocolate 375g,,1.99,5.31,0,kg,€/Kg,,,https://driveimg1.intermarche.com/pt/Content/images/boitmal/produit/zoom/0428AE1F5CD3BB970CAA041BF746DC66.jpg,https://driveimg1.intermarche.com/pt/Content/images/boitmal/produit/zoom/7E78E95CAFB58715E2FD207B8F077F2E.jpg,https://driveimg1.intermarche.com/pt/Content/images/boitmal/produit/zoom/7E78E95CAFB58715E2FD207B8F077F2E.jpg,https://driveimg1.intermarche.com/pt/Content/images/boitmal/produit/zoom/7E78E95CAFB58715E2FD207B8F077F2E.jpg,,2025-10-22T23:59:59+01:00,PROSPECTUS,14,3,,
43424,5604260312627,6300.0,PorSi,Detergente em Pó Marsella.6300 G,,9.92,1.57,0,kg,€/Kg,,,https://driveimg1.intermarche.com/pt/Content/images/boitmal/produit/zoom/FEF4051694067D273A98F01A2BE51590.jpg,https://driveimg1.intermarche.com/pt/Content/images/boitmal/produit/zoom/882B5A86D5A0AA8DC44704CE6E48DCAC.jpg,https://driveimg1.intermarche.com/pt/Content/images/boitmal/produit/zoom/882B5A86D5A0AA8DC44704CE6E48DCAC.jpg,https://driveimg1.intermarche.com/pt/Content/images/boitmal/produit/zoom/882B5A86D5A0AA8DC44704CE6E48DCAC.jpg,https://driveimg1.intermarche.com/pt/Content/images/boitmal/produit/zoom/882B5A86D5A0AA8DC44704CE6E48DCAC.jpg,2025-10-22T23:59:59+01:00,PROSPECTUS,14,3,,
43763,7613038110295,,Nescafé,"Cápsulas café ristretto napoli intensidade 13, 30 capsulas",,10.99,10.99,30,,€/Unidade,,,https://driveimg1.intermarche.com/pt/Content/images/boitmal/produit/zoom/ED8F7D7F4F41519AE941D5A6761C77F5.jpg,,,,,2025-10-22T23:59:59+01:00,PROSPECTUS,14,3,,
43780,5900020036988,300.0,Nestlé,"Cereais de aveia cheerios, embalagem de 300g",,3.19,10.63,0,kg,€/Kg,,,https://driveimg1.intermarche.com/pt/Content/images/boitmal/produit/zoom/3CA38EDA05B7EB510885558D8C7C8029.jpg,,,,,2025-10-22T23:59:59+01:00,PROSPECTUS,14,3,,
43878,2773120000000,400.0,PorSi,"Strogonoff de Frango, embalagem de 400g (aprox.)",,3.4,8.49,0,,€/Kg,,,https://driveimg1.intermarche.com/pt/Content/images/boitmal/produit/zoom/B0564C72162089A88CD1254AA02E059D.jpg,,,,,2025-10-22T23:59:59+01:00,PROSPECTUS,14,3,,
44634,8711327485082,330.0,Magnum,"Gelados mini double gold caramel billionaire, embalagem de 6x55 ml",,4.49,13.61,330,L,€/L,,Tipo de stockagem,https://driveimg1.intermarche.com/pt/Content/images/boitmal/produit/zoom/42AC7934AA428100845DBDC81A00E314.jpg,,,,,2025-10-22T23:59:59+01:00,PROSPECTUS,14,3,,
44651,7622201410483,160.0,Oreo,"Bolachas golden mini, embalagem de 160g",,1.84,11.5,0,kg,€/Kg,,,https://driveimg1.intermarche.com/pt/Content/images/boitmal/produit/zoom/8EE72F4B8C31524152803DCB15134537.jpg,,,,,2025-10-22T23:59:59+01:00,PROSPECTUS,14,3,,
45600,4005900648181,750.0,Nivea,"Gel de banho creme aloe vera, 750 ml",,4.99,6.65,750,L,€/L,,,https://driveimg1.intermarche.com/pt/Content/images/boitmal/produit/zoom/38ED25B3E1B734D9B60438B2D4D4A6D2.jpg,,,,,2025-10-22T23:59:59+01:00,PROSPECTUS,14,3,,
45856,8718951427358,500.0,Palmolive,"Gel de banho memories of nature, summer dreams",Embalagem de 500 ml,2.99,5.98,500,L,€/L,,,https://driveimg1.intermarche.com/pt/Content/images/boitmal/produit/zoom/6027E14DE09D3B692064491D46C0E0C5.jpg,,,,,2025-10-22T23:59:59+01:00,PROSPECTUS,14,3,,
46503,8001841144870,,Dodot,Fraldas Sensitive | Tamanho 4 - 9 a 14 kg,Embalagem c/ 44 unidades,16.49,16.49,0,,€/Unidade,,,https://driveimg1.intermarche.com/pt/Content/images/boitmal/produit/zoom/C29302C02E4EDD5019B7FE62D421A5A7.jpg,,,,,2025-10-22T23:59:59+01:00,PROSPECTUS,14,3,,
47106,7613287613806,,Nescafé,"Café espresso buondi intenso, 16 cápsulas",,10.49,10.49,30,,€/Unidade,,,https://driveimg1.intermarche.com/pt/Content/images/boitmal/produit/zoom/E40A3E7241DABB11EAC194DA9AD5C029.jpg,,,,,2025-10-22T23:59:59+01:00,PROSPECTUS,14,3,,
47934,5604260319565,96.0,PorSi,Cápsulas Café Splendido Cdgx16,,3.95,41.15,0,kg,€/Kg,,,https://driveimg1.intermarche.com/pt/Content/images/boitmal/produit/zoom/55CCF612142A42C8831C49805F97F920.jpg,,,,,2025-10-22T23:59:59+01:00,PROSPECTUS,14,3,,
48262,5604260321858,375.0,PorSi,Cereais Fruta e Fibra 375g,,1.89,5.04,0,kg,€/Kg,,,https://driveimg1.intermarche.com/pt/Content/images/boitmal/produit/zoom/FCF4ACF7C60B73C2BBF42AA1DCB47310.jpg,,,,,2025-10-22T23:59:59+01:00,PROSPECTUS,14,4,,
48474,7613036227124,85.0,Purina Gourmet,"Comida húmida gato fondant atum, 85g",,0.87,10.24,0,kg,€/Kg,,,https://driveimg1.intermarche.com/pt/Content/images/boitmal/produit/zoom/74EB0F4476A21CF0446AFE5C5B1EBE75.jpg,,,,,2025-10-22T23:59:59+01:00,PROSPECTUS,14,4,,
48743,3017760002707,75.0,Mikado,"Biscoito chocolate negro, embalagem de 75g",,1.99,26.53,0,kg,€/Kg,,,https://driveimg1.intermarche.com/pt/Content/images/boitmal/produit/zoom/E235F5B6BC8AFB60332EB59E76E06754.jpg,,,,,2025-10-22T23:59:59+01:00,PROSPECTUS,14,4,,
49258,8718951476271,75.0,Colgate,Pasta de Dentes Gengivas Limpeza Interdentária,Embalagem de 75 ml,3.24,43.2,75,L,€/L,,,https://driveimg1.intermarche.com/pt/Content/images/boitmal/produit/zoom/71413787DADCB43D7EE037F2CCCABD18.jpg,,,,,2025-10-22T23:59:59+01:00,PROSPECTUS,14,4,,
49475,5601146570027,3750.0,Sagres,"Cerveja com álcool, pack 15 x 25 cl",,7.99,2.13,3750,L,€/L,,,https://driveimg1.intermarche.com/pt/Content/images/boitmal/produit/zoom/A715AE59B8D1A6C9C572F97AFE8A2897.jpg,,,,,2025-10-22T23:59:59+01:00,PROSPECTUS,14,4,,
49620,5604260320585,800.0,PorSi,Creme Coentros sem Batata 800g,,2.89,3.61,0,kg,€/Kg,,,https://driveimg1.intermarche.com/pt/Content/images/boitmal/produit/zoom/CCE723123E9754DAAF17E92F6CA87205.jpg,,,,,2025-10-22T23:59:59+01:00,PROSPECTUS,14,4,,
49819,5603722517327,600.0,Matinal,"Leite seleccionado leve, pack 3 x 200 ml",,1.43,2.38,600,L,€/L,,,https://driveimg1.intermarche.com/pt/Content/images/boitmal/produit/zoom/4E1E39519082067F8E10CE178A1C4928.jpg,,,,,2025-10-22T23:59:59+01:00,PROSPECTUS,14,4,,
49989,5601063060755,35.0,Margão,"Paprika fumada, embalagem de 35g",,1.19,34.0,0,kg,€/Kg,,,https://driveimg1.intermarche.com/pt/Content/images/boitmal/produit/zoom/A1577E4833E6A4B0930D6E468239DDD1.jpg,https://driveimg1.intermarche.com/pt/Content/images/boitmal/produit/zoom/3ABF6E474C953BD2486CDD9B53840AB7.jpg,,,,2025-10-22T23:59:59+01:00,PROSPECTUS,14,4,,
50405,8445290489173,900.0,Cerelac,"Papa Infantil 12 meses, 900g",,6.29,6.99,0,kg,€/Kg,,,https://driveimg1.intermarche.com/pt/Content/images/boitmal/produit/zoom/79C2E535CBAB06EFF8E7EE2B8A2191BC.jpg,,,,,2025-10-22T23:59:59+01:00,PROSPECTUS,14,4,,
50455,5603722521836,1208.0,Mimosa,"Iogurte líquido aroma frutos vermelhos, 8 x 151 ml",,2.59,2.14,1208,L,€/L,,,https://driveimg1.intermarche.com/pt/Content/images/boitmal/produit/zoom/A6953937AF5119023F20E170D85D8AFD.jpg,,,,,2025-10-22T23:59:59+01:00,PROSPECTUS,14,4,,
50512,8410500028206,160.0,Yopro,"Iogurte sólido morango, 160g",,1.19,7.44,0,kg,€/Kg,,,https://driveimg1.intermarche.com/pt/Content/images/boitmal/produit/zoom/C7763B1A02C9FEA40E0EF3C346F50324.jpg,,,,,2025-10-22T23:59:59+01:00,PROSPECTUS,14,4,,
51302,5600961159158,65.0,Prozis,"Barra proteica de amendoim, embalagem de 65g",,1.59,24.46,0,kg,€/Kg,,,https://driveimg1.intermarche.com/pt/Content/images/boitmal/produit/zoom/54B4B59AFCBA57F6B07530E795E0CA56.jpg,,,,,2025-10-22T23:59:59+01:00,PROSPECTUS,14,4,,
51607,8718951472846,400.0,Colgate,Elixir Cuidado das Gengivas PerioGard,400 ml,4.84,12.1,400,L,€/L,,,https://driveimg1.intermarche.com/pt/Content/images/boitmal/produit/zoom/4FEC2183E1AC0E3EB4E96AF1F412B444.jpg,,,,,2025-10-22T23:59:59+01:00,PROSPECTUS,14,4,,
51624,8445290071842,800.0,Purina One,Ração seca para gato frango,Embalagem de 800g,5.59,6.99,0,kg,€/Kg,,,https://driveimg1.intermarche.com/pt/Content/images/boitmal/produit/zoom/E0A4B307705088FDDA965A5AD9EFBFF3.jpg,,,,,2025-10-22T23:59:59+01:00,PROSPECTUS,14,4,,
51895,8719200253407,225.0,Planta,"Creme vegetal para barrar original, 225g",,1.99,8.84,0,kg,€/Kg,,,https://driveimg1.intermarche.com/pt/Content/images/boitmal/produit/zoom/7E61C083BAEE72DB01F9769D3518098F.jpg,,,,,2025-10-22T23:59:59+01:00,PROSPECTUS,14,4,,
52164,5604260328505,1050.0,PorSi,Polpa Tomate Tetra 1050g,,1.79,1.7,0,kg,€/Kg,,,https://driveimg1.intermarche.com/pt/Content/images/boitmal/produit/zoom/E71B762CE93A279531B204BB75F6A3FA.jpg,,,,,2025-10-22T23:59:59+01:00,PROSPECTUS,14,4,,
52303,8006540346938,250.0,Pantene,Laca Cabelo Fixação Ultra Forte,Embalagem de 250ml,3.99,15.96,250,L,€/L,,,https://driveimg1.intermarche.com/pt/Content/images/boitmal/produit/zoom/6632C78C08E207404CB393768CB4FAD2.jpg,,,,,2025-10-22T23:59:59+01:00,PROSPECTUS,14,4,,
52338,8720181392931,1368.0,Comfort,"Amaciador roupa concentrado creations jasmim e mirtilo, 76 doses",,3.99,2.92,1368,L,€/L,,,https://driveimg1.intermarche.com/pt/Content/images/boitmal/produit/zoom/6011DCF134621AA99ADEF13E90F43514.jpg,,,,,2025-10-22T23:59:59+01:00,PROSPECTUS,14,4,,
52377,8720181385131,,Skip,Detergente Máquina Roupa Líquido Sabão Natural,100 Doses,11.99,11.99,0,,€/Unidade,,,https://driveimg1.intermarche.com/pt/Content/images/boitmal/produit/zoom/B7482844827C04E8BE654EF9B7B49DD3.jpg,,,,,2025-10-22T23:59:59+01:00,PROSPECTUS,14,4,,
52378,8720181407130,1300.0,Cif,"Lava tudo vinagre, embalagem de 1,3l",,1.99,1.53,1300,L,€/L,,,https://driveimg1.intermarche.com/pt/Content/images/boitmal/produit/zoom/171393A645468062F81960E4867EA09F.jpg,https://driveimg1.intermarche.com/pt/Content/images/boitmal/produit/zoom/ACC8FB9EC20CE1255E2C2456FAF7B5E2.jpg,,,,2025-10-22T23:59:59+01:00,PROSPECTUS,14,4,,
52381,8720181407154,1300.0,Cif,"Lava tudo perfumado lavanda, embalagem de 1,3l",,1.99,1.53,1300,L,€/L,,,https://driveimg1.intermarche.com/pt/Content/images/boitmal/produit/zoom/12443931DBE21DE904E26826F24E6B07.jpg,https://driveimg1.intermarche.com/pt/Content/images/boitmal/produit/zoom/935C662FEAE9FBF79977B0438F001CF1.jpg,,,,2025-10-22T23:59:59+01:00,PROSPECTUS,14,4,,
52541,8718951471481,75.0,Colgate,Pasta de Dentes Total Limpeza Interdentária,Embalagem de 75ml,3.24,43.2,75,L,€/L,,,https://driveimg1.intermarche.com/pt/Content/images/boitmal/produit/zoom/6D85DE284240C11A2BE41AFFF7E4AE6B.jpg,,,,,2025-10-22T23:59:59+01:00,PROSPECTUS,14,4,,
5272,5601164902312,4800.0,Super Bock,"Cerveja com álcool, pack 24 x 0.20 l",,9.99,2.08,4800,L,€/L,,,https://driveimg1.intermarche.com/pt/Content/images/boitmal/produit/zoom/A98E5FF8E5DDF166F2B333F0EE0114E7.jpg,https://driveimg1.intermarche.com/pt/Content/images/boitmal/produit/zoom/C2C2858ADC421F33AF17C6115D108100.jpg,,,,2025-10-22T23:59:59+01:00,PROSPECTUS,14,4,,
52793,8001585008117,225.0,Balconi,"Bolachas wafers de chocolate, 5x45g",,1.74,7.73,0,kg,€/Kg,,,https://driveimg1.intermarche.com/pt/Content/images/boitmal/produit/zoom/F55155EBF50E696A1FE85DC6A7EDE284.jpg,,,,,2025-10-22T23:59:59+01:00,PROSPECTUS,14,4,,
52935,5603722522628,200.0,Matinal,"Manteiga magra sem lactose, 200g",,1.99,9.95,0,kg,€/Kg,,,https://driveimg1.intermarche.com/pt/Content/images/boitmal/produit/zoom/8CBD1054729AF9FC46683642CA3D0920.jpg,https://driveimg1.intermarche.com/pt/Content/images/boitmal/produit/zoom/2A7DC81F20D438007A5500C63648E75B.jpg,https://driveimg1.intermarche.com/pt/Content/images/boitmal/produit/zoom/2A7DC81F20D438007A5500C63648E75B.jpg,,,2025-10-22T23:59:59+01:00,PROSPECTUS,14,4,,
52943,8720181392894,1332.0,Comfort,"Amaciador concentrado essência sunfresh, 74 doses",,3.49,2.62,1332,L,€/L,,,https://driveimg1.intermarche.com/pt/Content/images/boitmal/produit/zoom/7AD07681F095E84A54F9C4CC0D0F09CB.jpg,https://driveimg1.intermarche.com/pt/Content/images/boitmal/produit/zoom/4B45CB47C484E122AFEE45709A63BE0A.jpg,https://driveimg1.intermarche.com/pt/Content/images/boitmal/produit/zoom/4B45CB47C484E122AFEE45709A63BE0A.jpg,,,2025-10-22T23:59:59+01:00,PROSPECTUS,14,4,,
53021,8445290502476,85.0,Purina Gourmet,"Comida Húmida para Gato Delícias Suculentas Frango, 85g",,0.87,10.24,0,kg,€/Kg,,,https://driveimg1.intermarche.com/pt/Content/images/boitmal/produit/zoom/3A51A0F14BC4724833E1E109F79F3E4E.jpg,https://driveimg1.intermarche.com/pt/Content/images/boitmal/produit/zoom/DF2FEBDB05BF47D3015BFCA5E9C4EC1B.jpg,https://driveimg1.intermarche.com/pt/Content/images/boitmal/produit/zoom/DF2FEBDB05BF47D3015BFCA5E9C4EC1B.jpg,,,2025-10-22T23:59:59+01:00,PROSPECTUS,14,4,,
53022,8445290502490,85.0,Purina Gourmet,"Comida Húmida para Gato Delícias Suculentas Peixe, 85g",,0.87,10.24,0,kg,€/Kg,,,https://driveimg1.intermarche.com/pt/Content/images/boitmal/produit/zoom/74BCC173AD7328B601FA910CCCEC8560.jpg,https://driveimg1.intermarche.com/pt/Content/images/boitmal/produit/zoom/FA365B85872BF39268AE03B4C04E8717.jpg,https://driveimg1.intermarche.com/pt/Content/images/boitmal/produit/zoom/FA365B85872BF39268AE03B4C04E8717.jpg,,,2025-10-22T23:59:59+01:00,PROSPECTUS,14,4,,
53079,8711327591011,650.0,Viennetta,"Gelado caramelo salgado, 650 ml",,2.59,3.98,650,L,€/L,,Tipo de stockagem,https://driveimg1.intermarche.com/pt/Content/images/boitmal/produit/zoom/B05E55484D079FDCAE0B99F040C539B7.jpg,https://driveimg1.intermarche.com/pt/Content/images/boitmal/produit/zoom/96C8E669282C188787DB043E8B0F9711.jpg,https://driveimg1.intermarche.com/pt/Content/images/boitmal/produit/zoom/96C8E669282C188787DB043E8B0F9711.jpg,,,2025-10-22T23:59:59+01:00,PROSPECTUS,14,4,,
53166,8711327612754,140.0,Magnum,"Gelado bomboniera, 140 ml",,4.19,29.93,140,L,€/L,,Tipo de stockagem,https://driveimg1.intermarche.com/pt/Content/images/boitmal/produit/zoom/D7EEE9024551E6345F84FF315A388587.jpg,https://driveimg1.intermarche.com/pt/Content/images/boitmal/produit/zoom/2C67DE42D7FCE19DB87FA0B25D923563.jpg,https://driveimg1.intermarche.com/pt/Content/images/boitmal/produit/zoom/2C67DE42D7FCE19DB87FA0B25D923563.jpg,,,2025-10-22T23:59:59+01:00,PROSPECTUS,14,4,,
53169,7630477891714,,Starbucks,"Café Cápsulas Espresso Roast Nespresso, 10 unidades",,3.95,3.95,10,,€/Unidade,,,https://driveimg1.intermarche.com/pt/Content/images/boitmal/produit/zoom/8BFD5D577185F3D36B3B3CB1ACE27A86.jpg,,,,,2025-10-22T23:59:59+01:00,PROSPECTUS,14,4,,
53197,5391522473898,750.0,Aptamil,"Leite de crescimento junior 5 a partir dos 24 meses, 750g",,10.59,14.12,0,kg,€/Kg,,,https://driveimg1.intermarche.com/pt/Content/images/boitmal/produit/zoom/AB65D75B198A054E1B0B9825C85EC4D9.jpg,,,,,2025-10-22T23:59:59+01:00,PROSPECTUS,14,4,,
53208,8719200268647,1000.0,Vaqueiro,"Creme vegetal culinária clássico, 1 kg",,2.99,2.99,0,kg,€/Kg,,,https://driveimg1.intermarche.com/pt/Content/images/boitmal/produit/zoom/0735A691FAA77E120C1E24086E19EA16.jpg,https://driveimg1.intermarche.com/pt/Content/images/boitmal/produit/zoom/DD9C237337ADB2608A1427FA94442244.jpg,https://driveimg1.intermarche.com/pt/Content/images/boitmal/produit/zoom/DD9C237337ADB2608A1427FA94442244.jpg,https://driveimg1.intermarche.com/pt/Content/images/boitmal/produit/zoom/DD9C237337ADB2608A1427FA94442244.jpg,,2025-10-22T23:59:59+01:00,PROSPECTUS,14,4,,
53248,5059319025681,700.0,KelloggS,"Cereais special k, 700g",,4.89,6.99,0,kg,€/Kg,,,https://driveimg1.intermarche.com/pt/Content/images/boitmal/produit/zoom/683E2EE80CD2F162E680878080887459.jpg,,,,,2025-10-22T23:59:59+01:00,PROSPECTUS,14,4,,
53304,5000204339192,,Pato,"Bloco Sanitário Discos Activos Apa Lavanda, 6 doses",,2.34,2.34,0,,€/Unidade,,,https://driveimg1.intermarche.com/pt/Content/images/boitmal/produit/zoom/59D5095BF6A3943166C68414CAB5DBA1.jpg,https://driveimg1.intermarche.com/pt/Content/images/boitmal/produit/zoom/2AE9A575E39232DD896A393DDEA671D2.jpg,https://driveimg1.intermarche.com/pt/Content/images/boitmal/produit/zoom/2AE9A575E39232DD896A393DDEA671D2.jpg,https://driveimg1.intermarche.com/pt/Content/images/boitmal/produit/zoom/2AE9A575E39232DD896A393DDEA671D2.jpg,,2025-10-22T23:59:59+01:00,PROSPECTUS,14,4,,
53730,8006540765777,250.0,Gillette,Espuma de Barbear Fusion Pele Sensivel,Embalagem de 250ml,3.99,15.96,250,L,€/L,,,https://driveimg1.intermarche.com/pt/Content/images/boitmal/produit/zoom/2DAF585B18F83DD1BE1A03A2DA1FCCC6.jpg,,,,,2025-10-22T23:59:59+01:00,PROSPECTUS,14,4,,
5381,5601241211108,3000.0,Vimeiro,"Água com gás, pack 6 x 0.5 l",,3.64,1.21,3000,L,€/L,,,https://driveimg1.intermarche.com/pt/Content/images/boitmal/produit/zoom/15F9809E2F54580FC817CB1E69CAFC1D.jpg,,,,,2025-10-22T23:59:59+01:00,PROSPECTUS,14,4,,
53906,5604260331307,,PorSi,Porsi - Poupança - Sacos Lx Ff Perf 500x600 - 30lt 40un,,2.05,2.05,0,,€/Unidade,,,https://driveimg1.intermarche.com/pt/Content/images/boitmal/produit/zoom/140CD5746FAE69EA3441AD5562371E77.jpg,,,,,2025-10-22T23:59:59+01:00,PROSPECTUS,14,4,,
53942,5603722523298,1000.0,Matinal,"Bebida de leite sem lactose livre, 1l",,1.25,1.25,1000,L,€/L,,,https://driveimg1.intermarche.com/pt/Content/images/boitmal/produit/zoom/3F3F185EBF624903AC3031EAC11A6631.jpg,,,,,2025-10-22T23:59:59+01:00,PROSPECTUS,14,4,,
54266,4006000095738,750.0,Nivea,"Gel de banho creme smooth, 750ml",,4.99,6.65,750,L,€/L,,,https://driveimg1.intermarche.com/pt/Content/images/boitmal/produit/zoom/E301BEA6E32E444A5512464F7974F873.jpg,,,,,2025-10-22T23:59:59+01:00,PROSPECTUS,14,4,,
54339,8718951425408,500.0,Palmolive,"Gel De Banho Aroma Essence Delight, 500ml",,2.99,5.98,500,L,€/L,,,https://driveimg1.intermarche.com/pt/Content/images/boitmal/produit/zoom/E76F173575950AA84C8B2810DE263750.jpg,,,,,2025-10-22T23:59:59+01:00,PROSPECTUS,14,4,,
54340,8718951544031,500.0,Palmolive,"Gel De Banho Aroma Essence Relax, 500ml",,2.99,5.98,500,L,€/L,,,https://driveimg1.intermarche.com/pt/Content/images/boitmal/produit/zoom/6EFC74A26665D4541D0587A2A47BF400.jpg,,,,,2025-10-22T23:59:59+01:00,PROSPECTUS,14,4,,
54361,8410104915186,,Finish,"Detergente Loiça Máquina Quantum Limão, 28 Pastilhas",,5.99,5.99,0,,€/Unidade,,,https://driveimg1.intermarche.com/pt/Content/images/boitmal/produit/zoom/AF6445EE2B2537230E8784866A377CB3.jpg,,,,,2025-10-22T23:59:59+01:00,PROSPECTUS,14,4,,
54385,8410436468336,,Xtra,"Detergente Máquina Roupa Líquido Universal, 100D",,10.99,10.99,0,,€/Unidade,,,https://driveimg1.intermarche.com/pt/Content/images/boitmal/produit/zoom/E8F2FF6B445C975DC5B49244638348C0.jpg,,,,,2025-10-22T23:59:59+01:00,PROSPECTUS,14,4,,
54539,8700216236669,,Fairy,"Detergente Máquina Loiça Pastilhas Platinum Plus Tudo em 1 Limão, 19D",,5.99,5.99,0,,€/Unidade,,,https://driveimg1.intermarche.com/pt/Content/images/boitmal/produit/zoom/8EF65916B83E06C892876A46E53055E1.jpg,,,,,2025-10-22T23:59:59+01:00,PROSPECTUS,14,4,,
54540,5000204331660,,Pato,"Discos Sanitários Ativos Gel Dispensador + Recargas Água Azul, 1un.",,2.49,2.49,0,,€/Unidade,,,https://driveimg1.intermarche.com/pt/Content/images/boitmal/produit/zoom/DABD1FAE99B4D7B5B01E813F05047FA7.jpg,,,,,2025-10-22T23:59:59+01:00,PROSPECTUS,14,4,,
54555,5604260331864,300.0,Labell,Champo Liso e Sedoo,,1.29,4.3,300,L,€/L,,,https://driveimg1.intermarche.com/pt/Content/images/boitmal/produit/zoom/B80907F252E6F7E8E7B8AE7CB3859FB6.jpg,,,,,2025-10-22T23:59:59+01:00,PROSPECTUS,14,4,,
54556,5604260331871,300.0,Labell,Condicionador Liso e Sedoso,,1.49,4.97,300,L,€/L,,,https://driveimg1.intermarche.com/pt/Content/images/boitmal/produit/zoom/1D2E3F8FEF13AEDEAA5987D97E99DF80.jpg,,,,,2025-10-22T23:59:59+01:00,PROSPECTUS,14,4,,
54563,5604260331949,300.0,Labell,Champo Caracois Perfeitos,,1.29,4.3,300,L,€/L,,,https://driveimg1.intermarche.com/pt/Content/images/boitmal/produit/zoom/33AC5C8DBB9F2070EA3B767D7344229C.jpg,,,,,2025-10-22T23:59:59+01:00,PROSPECTUS,14,4,,
54564,5604260331956,300.0,Labell,Condicionador Caracois Perfeitos,,1.49,4.97,300,L,€/L,,,https://driveimg1.intermarche.com/pt/Content/images/boitmal/produit/zoom/406750B5CB3FE866DDCE14463DA33DFE.jpg,,,,,2025-10-22T23:59:59+01:00,PROSPECTUS,14,4,,
54565,5604260331963,300.0,Labell,Mascara Caracois Perfeitos,,1.99,6.63,300,L,€/L,,,https://driveimg1.intermarche.com/pt/Content/images/boitmal/produit/zoom/716E13D944F5C781F846155755E7D4F1.jpg,,,,,2025-10-22T23:59:59+01:00,PROSPECTUS,14,4,,
54570,5604260331895,300.0,Labell,Champo Brilho e Proteçao,,1.29,4.3,300,L,€/L,,,https://driveimg1.intermarche.com/pt/Content/images/boitmal/produit/zoom/0A8BB4622FDD3AB474CB9DA4A7DAA147.jpg,,,,,2025-10-22T23:59:59+01:00,PROSPECTUS,14,4,,
54572,5604260331918,300.0,Labell,Champo Reparaçao e Nutriçao,,1.29,4.3,300,L,€/L,,,https://driveimg1.intermarche.com/pt/Content/images/boitmal/produit/zoom/48D276750F280161990A1A4C3480F37D.jpg,,,,,2025-10-22T23:59:59+01:00,PROSPECTUS,14,4,,
