identifier,produitEan13,capacite,marque,libelle,conditionnement,prix,unitPrice,volume,typeProduit_uniteByCode,unit_value,pictogrammes_0,pictogrammes_libelleCategorie,images_0,images_1,images_2,images_3,avantages_dateFin,avantages_categorie,nro_paginas,page,images_4,images_5
1427,5601255322128,1000.0,Caçarola,Arroz agulha,Embalagem de 1 kg,1.19,1.19,0,kg,€/Kg,,,https://driveimg1.intermarche.com/pt/Content/images/boitmal/produit/zoom/A52540C62DF57685F2A437535D54EC25.jpg,,,,2024-10-23T23:59:59.999999999+01:00,PROSPECTUS,9,1,,
8383,5601049132995,1000.0,Mimosa,Leite uht meio gordo,Embalagem de 1 litro,0.89,0.89,1000,L,€/L,,,https://driveimg1.intermarche.com/pt/Content/images/boitmal/produit/zoom/30AE72C16512D7F6E9C8B5E7CBD4B0A2.jpg,https://driveimg1.intermarche.com/pt/Content/images/boitmal/produit/zoom/AE810093A08CEBD60415DCC626CF5804.jpg,https://driveimg1.intermarche.com/pt/Content/images/boitmal/produit/zoom/A0562293538F541B1B99592AA046327B.jpg,,2024-10-23T23:59:59.999999999+01:00,PROSPECTUS,9,1,,
1322,5601163011114,5400.0,Luso,Água s/ gás,"Garrafa de 5,4 l",1.77,0.33,5400,L,€/L,,,https://driveimg1.intermarche.com/pt/Content/images/boitmal/produit/zoom/4B414C742356ECF49B4C0D49D2F721F7.jpg,,,,2024-10-23T23:59:59.999999999+01:00,PROSPECTUS,9,1,,
13914,2891225000000,350.0,Frango,Perna com Costa,1 un. = 300 g (aprox.),0.8,2.29,0,,€/Kg,,,https://driveimg1.intermarche.com/pt/Content/images/boitmal/produit/zoom/89930EDC34D301922B922A95CF09456D.jpg,,,,2024-10-23T23:59:59.999999999+01:00,PROSPECTUS,9,1,,
26047,8412600070994,650.0,Bimbo,Pão de forma s/ côdea,Embalagem de 650 g,2.09,3.22,0,kg,€/Kg,,,https://driveimg1.intermarche.com/pt/Content/images/boitmal/produit/zoom/998967574B383CCF8D49F03316F06108.jpg,,,,2024-10-23T23:59:59.999999999+01:00,PROSPECTUS,9,1,,
9184,5602348062754,70.0,Damatta,Presunto sabor português fatiado,Embalagem de 70 g,2.29,32.71,0,kg,€/Kg,,,https://driveimg1.intermarche.com/pt/Content/images/boitmal/produit/zoom/0A14ED361A0023E1AFBFC3FC3C5833B1.jpg,,,,2024-10-23T23:59:59.999999999+01:00,PROSPECTUS,9,1,,
10095,8435257040899,640.0,Nestlé,"Iogurte líquido yoggi morango,  4 x 160 g",,1.99,3.11,0,kg,€/Kg,,,https://driveimg1.intermarche.com/pt/Content/images/boitmal/produit/zoom/F1F347BA34EB28F1148C3C442A42CC17.jpg,,,,2024-10-23T23:59:59.999999999+01:00,PROSPECTUS,9,1,,
11967,5601049612336,250.0,Mimosa,Manteiga c/ sal,Embalagem de 250g,1.99,7.96,0,kg,€/Kg,,,https://driveimg1.intermarche.com/pt/Content/images/boitmal/produit/zoom/C41D77380AC10A8E184B8D4C3C381772.jpg,https://driveimg1.intermarche.com/pt/Content/images/boitmal/produit/zoom/B59AE74FD0DBE6C3112F001AFF69E867.jpg,https://driveimg1.intermarche.com/pt/Content/images/boitmal/produit/zoom/BB9196C3025886DBB6F20EDD70A1CA7A.jpg,,2024-10-23T23:59:59.999999999+01:00,PROSPECTUS,9,1,,
16066,7509546064864,75.0,Colgate,Pasta de dentes max white expert white,Embalagem de 75 ml,3.84,51.2,75,L,€/L,,,https://driveimg1.intermarche.com/pt/Content/images/boitmal/produit/zoom/0EA2A285777A75857921065AAC674A4A.jpg,,,,2024-10-23T23:59:59.999999999+01:00,PROSPECTUS,9,1,,
4987,5601012115505,750.0,Planalto,Vinho doc douro branco,Garrafa de 0.75 l,3.79,5.05,750,L,€/L,,,https://driveimg1.intermarche.com/pt/Content/images/boitmal/produit/zoom/6C726FDABB211E05C4F7D5DBE4A94D76.jpg,,,,2024-10-23T23:59:59.999999999+01:00,PROSPECTUS,9,1,,
2445,5998749109113,270.0,Pedigree,Snack dentastix grande,Embalagem de 270 g,3.45,12.78,0,kg,€/Kg,,,https://driveimg1.intermarche.com/pt/Content/images/boitmal/produit/zoom/35241472DE7F17B0C520CB43E029E0A7.jpg,,,,2024-10-23T23:59:59.999999999+01:00,PROSPECTUS,9,1,,
929,5601001187803,630.0,Nestlé,Cereais chocapic,Embalagem de 630g,3.49,5.54,0,kg,€/Kg,,,https://driveimg1.intermarche.com/pt/Content/images/boitmal/produit/zoom/24F5DB132F7E18A7786689AD5CB8DB19.jpg,,,,2024-10-23T23:59:59.999999999+01:00,PROSPECTUS,9,1,,
13048,2893561000000,250.0,Marisco,Ameijoa Branca Vietnamita Congelada,Vendido a partir de 250 gr  (aprox.),0.5,1.99,0,,€/Kg,,Avantages !,https://driveimg1.intermarche.com/pt/Content/images/boitmal/produit/zoom/87AAE93BFC6F911123DE0600840801E2.jpg,,,,2024-10-23T23:59:59.999999999+01:00,PROSPECTUS,9,1,,
2466,7613032142599,500.0,Cerelac,Farinha láctea cerelac,Embalagem de 500g,3.74,7.48,0,kg,€/Kg,,,https://driveimg1.intermarche.com/pt/Content/images/boitmal/produit/zoom/FAE48F9FC8C51C77AD6C82F23613A30C.jpg,,,,2024-10-23T23:59:59.999999999+01:00,PROSPECTUS,9,1,,
1292,5601151354452,1000.0,Compal,"Néctar vital equilibrio manga e laranja, 1 l",,1.49,1.49,1000,L,€/L,,,https://driveimg1.intermarche.com/pt/Content/images/boitmal/produit/zoom/30D2BA582C7246DE27BB90D053759BF5.jpg,,,,2024-10-23T23:59:59.999999999+01:00,PROSPECTUS,9,1,,
13865,2891042000000,1000.0,Porco,Costeletas do Cachaço,Vendido ao peso a partir de 1 kg,4.98,4.98,0,,€/Kg,,,https://driveimg1.intermarche.com/pt/Content/images/boitmal/produit/zoom/9CC30521C194F3CF0E71F32C6E004880.jpg,,,,2024-10-23T23:59:59.999999999+01:00,PROSPECTUS,9,1,,
251,2696001000000,400.0,Padaria,Baguete,400 g,0.79,1.98,0,kg,€/Kg,,,https://driveimg1.intermarche.com/pt/Content/images/boitmal/produit/zoom/872B1FA740AE707B5EB206709F5F94A0.jpg,,,,2024-10-23T23:59:59.999999999+01:00,PROSPECTUS,9,1,,
19046,5000116110414,480.0,Capitão Iglo,8 hamburguers s/ glúten frango,Embalagem de 480g,7.49,15.6,0,kg,€/Kg,,Tipo de stockagem,https://driveimg1.intermarche.com/pt/Content/images/boitmal/produit/zoom/1C35A366EB207E26898D1AC0CE188CE6.jpg,,,,2024-10-23T23:59:59.999999999+01:00,PROSPECTUS,9,1,,
12978,2892462000000,400.0,Legumes,Alface Frisada,1 un= 400 g (aprox.),0.6,1.49,0,,€/Kg,,,https://driveimg1.intermarche.com/pt/Content/images/boitmal/produit/zoom/14C8DBD7827DB992F77D5C5056950123.jpg,,,,2024-10-23T23:59:59.999999999+01:00,PROSPECTUS,9,1,,
31516,8435257039107,1440.0,Nestlé,"Yoggi liquido morango,  8x160g",,3.89,2.7,0,kg,€/Kg,,,https://driveimg1.intermarche.com/pt/Content/images/boitmal/produit/zoom/C1FDD60617CEBA746EBEE60AECF62B13.jpg,,,,2024-10-23T23:59:59.999999999+01:00,PROSPECTUS,9,1,,
18540,5029053038650,,Scottex,"Papel higiénico acolchoado, folha tripla, 9 rolos",,3.89,3.89,0,,€/Unidade,,,https://driveimg1.intermarche.com/pt/Content/images/boitmal/produit/zoom/E8F831F974A77ADD80A6B042E039BBBF.jpg,,,,2024-10-23T23:59:59.999999999+01:00,PROSPECTUS,9,1,,
17873,8718951037885,500.0,Ajax,"Limpa vidros recarga tripla ação, 500 ml",,1.79,3.58,500,L,€/L,,,https://driveimg1.intermarche.com/pt/Content/images/boitmal/produit/zoom/42625D659AA36AA56C9B694404679879.jpg,,,,2024-10-23T23:59:59.999999999+01:00,PROSPECTUS,9,1,,
21349,3011932000805,1000.0,Martini,Vermute rosso,Garrafa de 1 l,11.38,11.38,1000,L,€/L,,,https://driveimg1.intermarche.com/pt/Content/images/boitmal/produit/zoom/FC8A59FA07229CD8C8A2D995DE31196C.jpg,,,,2024-10-23T23:59:59.999999999+01:00,PROSPECTUS,9,1,,
861,5010394996587,500.0,Pedigree,Guloseima para cão markies,Embalagem de 500g,3.59,7.18,0,kg,€/Kg,,,https://driveimg1.intermarche.com/pt/Content/images/boitmal/produit/zoom/2E51376683F2E119D24E279A86CC3F4B.jpg,,,,2024-10-23T23:59:59.999999999+01:00,PROSPECTUS,9,1,,
13821,2892597000000,200.0,Legumes,Tomate Cacho,1 un = 200 gr (aprox.),0.34,1.69,0,,€/Kg,,,https://driveimg1.intermarche.com/pt/Content/images/boitmal/produit/zoom/3B66EF6541266EDFA27BC4541501843F.jpg,,,,2024-10-23T23:59:59.999999999+01:00,PROSPECTUS,9,1,,
13893,2891043000000,1000.0,Porco,Entrecosto,Vendido ao peso a partir de 1 kg,6.28,6.28,0,,€/Kg,,,https://driveimg1.intermarche.com/pt/Content/images/boitmal/produit/zoom/AA05EE99D302D59771FCC108473E0700.jpg,,,,2024-10-23T23:59:59.999999999+01:00,PROSPECTUS,9,1,,
13954,2891192000000,500.0,Porco,Tiras da Costela/Piano,1 un = 500 gr (aprox.),2.95,5.89,0,,€/Kg,,,https://driveimg1.intermarche.com/pt/Content/images/boitmal/produit/zoom/7D0B09E93398DFB0B31D06D5AFBD6B99.jpg,,,,2024-10-23T23:59:59.999999999+01:00,PROSPECTUS,9,1,,
13897,2891053000000,1000.0,Porco,Lombo sem Osso,Vendido ao peso a partir de 1 kg,5.28,5.28,0,,€/Kg,,,https://driveimg1.intermarche.com/pt/Content/images/boitmal/produit/zoom/415564DA70574ED3C1D7475F1F28BDB6.jpg,,,,2024-10-23T23:59:59.999999999+01:00,PROSPECTUS,9,1,,
14921,2892534000000,400.0,Legumes,Couve Bróculo,Vendido ao peso,1.0,2.49,0,,€/Kg,,,https://driveimg1.intermarche.com/pt/Content/images/boitmal/produit/zoom/4F48873F332B6ECE759CD88793270811.jpg,,,,2024-10-23T23:59:59.999999999+01:00,PROSPECTUS,9,1,,
29280,5601897500014,,Matinados,Ovos de Galinha ao Ar Livre Classe M/L,6 unidades,1.49,1.49,0,,€/Unidade,,,https://driveimg1.intermarche.com/pt/Content/images/boitmal/produit/zoom/3048326652357C5FCFB75D3FB01965D7.jpg,,,,2024-10-23T23:59:59.999999999+01:00,PROSPECTUS,9,1,,
13866,2891048000000,1000.0,Porco,Bifanas,Vendido ao peso a partir de 1 kg,3.99,3.99,0,,€/Kg,,,https://driveimg1.intermarche.com/pt/Content/images/boitmal/produit/zoom/C9E276B082B119EFEDC2A2B0E1BC737E.jpg,,,,2024-10-23T23:59:59.999999999+01:00,PROSPECTUS,9,1,,
11464,5601018003400,1000.0,Matinal,Leite Seleccionado Meio Gordo,Embalagem de 1L,1.09,1.09,1000,L,€/L,,,https://driveimg1.intermarche.com/pt/Content/images/boitmal/produit/zoom/2D40D4EB6EAF6BEF7329493925CCD97C.jpg,,,,2024-10-23T23:59:59.999999999+01:00,PROSPECTUS,9,1,,
51896,8719200253377,400.0,Planta,"Creme Vegetal para Barrar Original, 400g",,1.79,4.48,0,kg,€/Kg,,,https://driveimg1.intermarche.com/pt/Content/images/boitmal/produit/zoom/7E3E893F11A83F74C9C78D45FF4B6FD0.jpg,,,,2024-10-23T23:59:59.999999999+01:00,PROSPECTUS,9,1,,
989,5601029004014,120.0,Bom Petisco,Atum posta em óleo,Embalagem de 120 g,1.59,13.25,0,kg,€/Kg,,,https://driveimg1.intermarche.com/pt/Content/images/boitmal/produit/zoom/824E43DBA120CAA5D21A19E116ABF32B.jpg,,,,2024-10-23T23:59:59.999999999+01:00,PROSPECTUS,9,1,,
13892,2891041000000,1000.0,Porco,Costeletas do Lombo,Vendido ao peso a partir de 1 kg,3.99,3.99,0,,€/Kg,,,https://driveimg1.intermarche.com/pt/Content/images/boitmal/produit/zoom/0CEDBCB04142A68CDED3690FB39820D0.jpg,,,,2024-10-23T23:59:59.999999999+01:00,PROSPECTUS,9,1,,
13894,2891044000000,1000.0,Porco,Entremeada sem Entrecosto,Vendido ao peso a partir de 1 kg,4.88,4.88,0,,€/Kg,,,https://driveimg1.intermarche.com/pt/Content/images/boitmal/produit/zoom/C03EF63C56AFB4E4EA78E134436BF30C.jpg,,,,2024-10-23T23:59:59.999999999+01:00,PROSPECTUS,9,1,,
13947,2891125000000,150.0,Peru,Espetadas de Peru,1 un = 150 gr (aprox.),0.9,5.99,0,,€/Kg,,,https://driveimg1.intermarche.com/pt/Content/images/boitmal/produit/zoom/F64981E370592175339C16298CEA7C3B.jpg,,,,2024-10-23T23:59:59.999999999+01:00,PROSPECTUS,9,1,,
16593,2696081000000,60.0,Padaria,Carcaça Forno de Pedra,1 un = 60 gr (aprox.),0.25,4.17,0,kg,€/Kg,,,https://driveimg1.intermarche.com/pt/Content/images/boitmal/produit/zoom/B1CD30CEA45F091D5F9093675329BA5E.jpg,,,,2024-10-23T23:59:59.999999999+01:00,PROSPECTUS,9,1,,
35138,5603722517655,960.0,Mimosa,"Iogurte sólido aroma morango, ananás e banana,  8 x 120 g",,1.89,1.97,0,kg,€/Kg,,,https://driveimg1.intermarche.com/pt/Content/images/boitmal/produit/zoom/0001D46CAD021E71E3E28F8FD4948E5F.jpg,,,,2024-10-23T23:59:59.999999999+01:00,PROSPECTUS,9,1,,
41822,7613039868300,270.0,Nestlé,Cereais estrelitas,Embalagem de 270 g,2.09,7.74,0,kg,€/Kg,,,https://driveimg1.intermarche.com/pt/Content/images/boitmal/produit/zoom/2E51167172A600A3809D38F2B4DFA98C.jpg,,,,2024-10-23T23:59:59.999999999+01:00,PROSPECTUS,9,1,,
44702,5053990155354,175.0,Pringles,Pringles sour cream & onion,Embalagem de 175g,2.39,13.66,0,kg,€/Kg,,,https://driveimg1.intermarche.com/pt/Content/images/boitmal/produit/zoom/CAC75B605C8B7B46C574BB916C039D54.jpg,https://driveimg1.intermarche.com/pt/Content/images/boitmal/produit/zoom/3743B152C095FACA5BB155343DC8A7EE.jpg,https://driveimg1.intermarche.com/pt/Content/images/boitmal/produit/zoom/3743B152C095FACA5BB155343DC8A7EE.jpg,https://driveimg1.intermarche.com/pt/Content/images/boitmal/produit/zoom/3743B152C095FACA5BB155343DC8A7EE.jpg,2024-10-23T23:59:59.999999999+01:00,PROSPECTUS,9,1,,
7105,2894508000000,100.0,Primor,Bacon Extra,"Vendido ao peso, fatiado a partir de 100 gr",1.2,11.99,0,,€/Kg,,,https://driveimg1.intermarche.com/pt/Content/images/boitmal/produit/zoom/11A9EC567F982E26800D8DF9E4043FCC.jpg,,,,2024-10-23T23:59:59.999999999+01:00,PROSPECTUS,9,1,,
8434,5601050033731,620.0,Danone,"Iogurte activia líquido 0% lima/limão,  4 x 155 g",,1.99,3.21,0,kg,€/Kg,,,https://driveimg1.intermarche.com/pt/Content/images/boitmal/produit/zoom/E8DD28A0F1244F3320993F3917832E4F.jpg,,,,2024-10-23T23:59:59.999999999+01:00,PROSPECTUS,9,1,,
8996,5601511000357,200.0,Limiano,"Queijo em fatias -50% gordura, 200g",,2.29,11.45,0,kg,€/Kg,,,https://driveimg1.intermarche.com/pt/Content/images/boitmal/produit/zoom/A6B93C0CB6D9BBBEB1609EFDC3F10F68.jpg,,,,2024-10-23T23:59:59.999999999+01:00,PROSPECTUS,9,1,,
13242,2893227000000,200.0,Peixaria,Robalo de Viveiro,de 200 a 600 g (aprox.),1.16,5.79,0,,€/Kg,,,https://driveimg1.intermarche.com/pt/Content/images/boitmal/produit/zoom/48561D1FC8B0542874DDBC21F2E9ADCA.jpg,,,,2024-10-23T23:59:59.999999999+01:00,PROSPECTUS,9,1,,
1433,5601260036102,1000.0,Cigala,Arroz Carolino,Embalagem de 1 kg,1.39,1.39,0,kg,€/Kg,,,https://driveimg1.intermarche.com/pt/Content/images/boitmal/produit/zoom/2DDC2B3398B25BC364B40D12E11074B2.jpg,,,,2024-10-23T23:59:59.999999999+01:00,PROSPECTUS,9,1,,
18619,5014328054756,32.0,Tetley,Chá de frutos vermelhos,Embalagem de 30g,1.84,57.5,0,kg,€/Kg,,,https://driveimg1.intermarche.com/pt/Content/images/boitmal/produit/zoom/C5BC5DEA999699289F39F909DAD82BA7.jpg,,,,2024-10-23T23:59:59.999999999+01:00,PROSPECTUS,9,1,,
22338,8715700422084,400.0,Heinz,Maionese top down,Garrafa de 400 ml,2.46,6.15,400,L,€/L,,,https://driveimg1.intermarche.com/pt/Content/images/boitmal/produit/zoom/C7D9780039707961F74CCE9BB4A3738B.jpg,,,,2024-10-23T23:59:59.999999999+01:00,PROSPECTUS,9,1,,
23353,5000116112197,375.0,Capitão Iglo,18 nuggets de frango,Embalagem de 380g,4.99,13.31,0,kg,€/Kg,,Tipo de stockagem,https://driveimg1.intermarche.com/pt/Content/images/boitmal/produit/zoom/9D484954D4D236D651A8F338A7717B74.jpg,,,,2024-10-23T23:59:59.999999999+01:00,PROSPECTUS,9,1,,
25861,5603722509759,800.0,Mimosa,Leite C/ Chocolate,Embalagem de 4 x 200 ml,1.49,1.86,800,L,€/L,,,https://driveimg1.intermarche.com/pt/Content/images/boitmal/produit/zoom/754E59DFB7314FD42DB15B9A65008D5F.jpg,,,,2024-10-23T23:59:59.999999999+01:00,PROSPECTUS,9,1,,
29126,8001090134257,,Dodot,Toalhitas,4 x 64 un.,3.49,3.49,0,,€/Unidade,,,https://driveimg1.intermarche.com/pt/Content/images/boitmal/produit/zoom/44B6C590F496632C5F8CCC122D95EF42.jpg,,,,2024-10-23T23:59:59.999999999+01:00,PROSPECTUS,9,1,,
34010,5601027000896,500.0,Panrico,Pão de forma com côdea,Embalagem de 500 g,1.59,3.18,0,kg,€/Kg,,,https://driveimg1.intermarche.com/pt/Content/images/boitmal/produit/zoom/CD1566A3EDFC0812ACDE8F793D7DC67A.jpg,,,,2024-10-23T23:59:59.999999999+01:00,PROSPECTUS,9,1,,
35103,5601029000115,120.0,Bom Petisco,Sardinhas em azeite,Lata com 120 g,1.46,12.17,0,kg,€/Kg,,,https://driveimg1.intermarche.com/pt/Content/images/boitmal/produit/zoom/C04E3695F77420B1311611DC74837D3E.jpg,,,,2024-10-23T23:59:59.999999999+01:00,PROSPECTUS,9,1,,
36186,8715700017006,570.0,Heinz,Ketchup top down,570 g,3.24,5.68,0,kg,€/Kg,,,https://driveimg1.intermarche.com/pt/Content/images/boitmal/produit/zoom/2F0051DF72DD89785E2C6DCA29709EEB.jpg,,,,2024-10-23T23:59:59.999999999+01:00,PROSPECTUS,9,1,,
37045,5601217132659,500.0,Cillitbang,"Spray bolor e sujidade, garrafa de 500 ml",,2.49,4.98,500,L,€/L,,,https://driveimg1.intermarche.com/pt/Content/images/boitmal/produit/zoom/2A51671BCEA4544BF377B06769DE1169.jpg,,,,2024-10-23T23:59:59.999999999+01:00,PROSPECTUS,9,1,,
40769,5604260301942,300.0,PorSi,Comida húmida para cão,Embalagem de 300 g,0.75,2.5,0,kg,€/Kg,,,https://driveimg1.intermarche.com/pt/Content/images/boitmal/produit/zoom/D90B7AD78A8FE4F93D83927A0C609BE3.jpg,,,,2024-10-23T23:59:59.999999999+01:00,PROSPECTUS,9,1,,
42154,5604260304707,340.0,PorSi,Fiambre da perna extra,Pack Poupança de 2 x 170 g,3.29,9.68,0,kg,€/Kg,,,https://driveimg1.intermarche.com/pt/Content/images/boitmal/produit/zoom/522CF7C8AF248AB65F1CD031BC66A250.jpg,,,,2024-10-23T23:59:59.999999999+01:00,PROSPECTUS,9,1,,
46824,5603722518270,720.0,Mimosa,"Iogurte magro aroma multi sabores de morango/coco, 6x120g",,1.99,2.76,0,kg,€/Kg,,,https://driveimg1.intermarche.com/pt/Content/images/boitmal/produit/zoom/B6D55B8D31496E7C4F00981928B2B6FF.jpg,,,,2024-10-23T23:59:59.999999999+01:00,PROSPECTUS,9,1,,
5246,5601151540886,600.0,Compal,Néctar pera,pack 3 x 200 ml,1.27,2.12,600,L,€/L,,,https://driveimg1.intermarche.com/pt/Content/images/boitmal/produit/zoom/FE872862C33D3E4FE94573CE8DDC4957.jpg,,,,2024-10-23T23:59:59.999999999+01:00,PROSPECTUS,9,1,,
52598,5601217137975,1710.0,Quanto,"Amaciador Roupa Concentrado Frutos Silvestres, 95 doses",,3.99,2.33,1710,L,€/L,,,https://driveimg1.intermarche.com/pt/Content/images/boitmal/produit/zoom/425B618E435B239C500E88642C038EB6.jpg,,,,2024-10-23T23:59:59.999999999+01:00,PROSPECTUS,9,1,,
7043,2894074000000,150.0,Campofrio,Peito de peru forno lenha,1 un = 150 gr (aprox.),2.25,14.99,0,,€/Kg,,,https://driveimg1.intermarche.com/pt/Content/images/boitmal/produit/zoom/EF3CEFEECAD2391EED6F65839052F87D.jpg,,,,2024-10-23T23:59:59.999999999+01:00,PROSPECTUS,9,1,,
8384,5601049133992,1000.0,Mimosa,Leite uht magro,Embalagem de 1 litro,0.89,0.89,1000,L,€/L,,,https://driveimg1.intermarche.com/pt/Content/images/boitmal/produit/zoom/F5320FAD88ED459A5E33FEB47EAEF410.jpg,https://driveimg1.intermarche.com/pt/Content/images/boitmal/produit/zoom/8C350978140C257D0AAD7365CD133F0C.jpg,https://driveimg1.intermarche.com/pt/Content/images/boitmal/produit/zoom/B9BED9F397071733FB4D36CBE39ECDBA.jpg,,2024-10-23T23:59:59.999999999+01:00,PROSPECTUS,9,1,,
8534,5601119957183,120.0,Campofrio,Peito peru forno lenha  fatias clássicas,Embalagem de 120g,2.39,19.92,0,kg,€/Kg,,,https://driveimg1.intermarche.com/pt/Content/images/boitmal/produit/zoom/963799DA88555602C0BE8ACB0150C34E.jpg,,,,2024-10-23T23:59:59.999999999+01:00,PROSPECTUS,9,1,,
8808,5601252107094,250.0,Gallo,Vinagre vinho branco,Garrafa 250ML,1.19,4.76,250,L,€/L,,,https://driveimg1.intermarche.com/pt/Content/images/boitmal/produit/zoom/86233C156105BC4DB5DB2B825F1FC1C0.jpg,,,,2024-10-23T23:59:59.999999999+01:00,PROSPECTUS,9,1,,
9079,5601883000719,200.0,Nova Açores,"Queijo flamengo, fatias",Embalagem de 200g,2.19,10.95,0,kg,€/Kg,,,https://driveimg1.intermarche.com/pt/Content/images/boitmal/produit/zoom/7F26FAA8053D654E46EFF18238D0A9DA.jpg,,,,2024-10-23T23:59:59.999999999+01:00,PROSPECTUS,9,1,,
9311,5603722502064,250.0,Mimosa,Manteiga fácil de barrar,Embalagem de 250g,2.09,8.36,0,kg,€/Kg,,,https://driveimg1.intermarche.com/pt/Content/images/boitmal/produit/zoom/4BF7FA2397A9EAF9E6403C8BF847293A.jpg,https://driveimg1.intermarche.com/pt/Content/images/boitmal/produit/zoom/A8C47E9F1F12DFE2439D3530C38E2D87.jpg,https://driveimg1.intermarche.com/pt/Content/images/boitmal/produit/zoom/2EE410FD3A0147BBB442FA96902FFF46.jpg,,2024-10-23T23:59:59.999999999+01:00,PROSPECTUS,9,1,,
974,5601024105051,3000.0,Fula,Óleo alimentar,Embalagem 3L,4.49,1.5,3000,L,€/L,,,https://driveimg1.intermarche.com/pt/Content/images/boitmal/produit/zoom/E8988831656F5EAF04A94786E82867B7.jpg,,,,2024-10-23T23:59:59.999999999+01:00,PROSPECTUS,9,1,,
10000,8001480020559,2000.0,Neoblanc,Lixivia perfume fresco,Embalagem de 2 l,2.24,1.12,2000,L,€/L,,,https://driveimg1.intermarche.com/pt/Content/images/boitmal/produit/zoom/AB043965B840954BA1E2B970EB3CF7B9.jpg,,,,2024-10-23T23:59:59.999999999+01:00,PROSPECTUS,9,1,,
10509,8435250297955,256.0,Nestlé,"Iogurte mix-in smarties baunilha,  2 x 128 g",,1.99,7.77,0,kg,€/Kg,,,https://driveimg1.intermarche.com/pt/Content/images/boitmal/produit/zoom/4FC6F733C531A7A948940F213F0E604D.jpg,,,,2024-10-23T23:59:59.999999999+01:00,PROSPECTUS,9,1,,
10827,2895084000000,250.0,Alavão,Queijo Curado Trad.Pimentão,Vendido ao peso a partir de 250 gr,2.0,7.99,0,,€/Kg,,,https://driveimg1.intermarche.com/pt/Content/images/boitmal/produit/zoom/4E6BAB74AB5F3DC05744A385414FF98D.jpg,,,,2024-10-23T23:59:59.999999999+01:00,PROSPECTUS,9,1,,
10842,2895207000000,250.0,Santiago,Queijo 3 Igrejas Cura 2m Pimentão,Vendido ao peso a partir de 250 gr,3.0,11.99,0,,€/Kg,,,https://driveimg1.intermarche.com/pt/Content/images/boitmal/produit/zoom/2F11F4EC63EB49EF2522FB61028743A0.jpg,,,,2024-10-23T23:59:59.999999999+01:00,PROSPECTUS,9,1,,
10849,2895261000000,250.0,Dom Pedro,Queijo meio gordo,Vendido ao peso a partir de 250 gr,2.5,9.99,0,,€/Kg,,,https://driveimg1.intermarche.com/pt/Content/images/boitmal/produit/zoom/2E32C351CB5E4755DE882B4BFEA56EE3.jpg,,,,2024-10-23T23:59:59.999999999+01:00,PROSPECTUS,9,1,,
11671,5601217126382,1650.0,Woolite,Detergente líquido p/ máquina lavar roupa cores,"Garrafa de 1,65 l",6.99,4.24,1650,L,€/L,,,https://driveimg1.intermarche.com/pt/Content/images/boitmal/produit/zoom/50465693868DD35972833B1D4D848AC2.jpg,,,,2024-10-23T23:59:59.999999999+01:00,PROSPECTUS,9,1,,
11678,5601241111101,1500.0,Vimeiro,Água com gás,pack 6 x 0.25 l,2.54,1.69,1500,L,€/L,,,https://driveimg1.intermarche.com/pt/Content/images/boitmal/produit/zoom/90508B8C757AA55ED6AEE764F3545FFC.jpg,https://driveimg1.intermarche.com/pt/Content/images/boitmal/produit/zoom/EC75CB9E6EC1DB17A2DC9CE489CBA459.jpg,,,2024-10-23T23:59:59.999999999+01:00,PROSPECTUS,9,1,,
1189,5601119007987,250.0,Nobre,Salsichas de porco,Lata de 250g,1.67,6.68,0,kg,€/Kg,,,https://driveimg1.intermarche.com/pt/Content/images/boitmal/produit/zoom/098AB25EB23B66D623E253A97FD15BDF.jpg,,,,2024-10-23T23:59:59.999999999+01:00,PROSPECTUS,9,1,,
11923,5603089001354,200.0,Parmalat,Natas uht com cogumelos,Embalagem de 200 ml,1.03,5.15,200,L,€/L,,,https://driveimg1.intermarche.com/pt/Content/images/boitmal/produit/zoom/F673DA54DF0FB2354A320B1D6D903A2F.jpg,,,,2024-10-23T23:59:59.999999999+01:00,PROSPECTUS,9,1,,
11930,5603089003679,200.0,Parmalat,Nata uht carbonara,Embalagem de 200 ml,1.03,5.15,200,L,€/L,,,https://driveimg1.intermarche.com/pt/Content/images/boitmal/produit/zoom/7103608D2E44D48C929116E950C3FF6B.jpg,,,,2024-10-23T23:59:59.999999999+01:00,PROSPECTUS,9,1,,
11963,5603722505775,250.0,Mimosa,Manteiga sem sal,Embalagem de 250g,1.99,7.96,0,kg,€/Kg,,,https://driveimg1.intermarche.com/pt/Content/images/boitmal/produit/zoom/328B59C6E2944F7ED81679344E5E6191.jpg,https://driveimg1.intermarche.com/pt/Content/images/boitmal/produit/zoom/1EA90F949357E7F98D48732996035C6E.jpg,https://driveimg1.intermarche.com/pt/Content/images/boitmal/produit/zoom/1F0AD169BB42B947BB5B96F6E89FDECD.jpg,,2024-10-23T23:59:59.999999999+01:00,PROSPECTUS,9,1,,
1285,5601151160060,410.0,Compal,Ervilhas,Lata com 410 ml,1.09,2.66,410,L,€/L,,,https://driveimg1.intermarche.com/pt/Content/images/boitmal/produit/zoom/DF6554E20C53A2A8ED5E7D70B3F45F64.jpg,,,,2024-10-23T23:59:59.999999999+01:00,PROSPECTUS,9,1,,
1301,5601151660751,410.0,Compal,Feijão encarnado,Lata de 410ml,1.09,2.66,410,L,€/L,,,https://driveimg1.intermarche.com/pt/Content/images/boitmal/produit/zoom/DCE7303C6541213F906341A870E69C47.jpg,,,,2024-10-23T23:59:59.999999999+01:00,PROSPECTUS,9,1,,
13126,2893105000000,600.0,Peixaria,Dourada de Viveiro,de 600 a 800g,4.19,6.99,0,,€/Kg,,,https://driveimg1.intermarche.com/pt/Content/images/boitmal/produit/zoom/029F52875DBC51F21511F40D4DB7EF92.jpg,,,,2024-10-23T23:59:59.999999999+01:00,PROSPECTUS,9,1,,
1347,5601170167743,180.0,Vatel,Flôr de sal,Embalagem de 180g,1.59,8.83,0,kg,€/Kg,,,https://driveimg1.intermarche.com/pt/Content/images/boitmal/produit/zoom/AF7623683F1368091D8FED517B6D218E.jpg,,,,2024-10-23T23:59:59.999999999+01:00,PROSPECTUS,9,1,,
13529,2893521000000,1000.0,Peixaria,Pescada do Chile Congelada Nº3,1 un= 1 kg (aprox.),7.99,7.99,0,,€/Kg,,Avantages !,https://driveimg1.intermarche.com/pt/Content/images/boitmal/produit/zoom/40D57D35BBDBDF72027C959F41A6E90C.jpg,,,,2024-10-23T23:59:59.999999999+01:00,PROSPECTUS,9,1,,
13582,2893577000000,800.0,Peixaria,Solha Congelada (200/400),Pescado no mar,3.99,4.99,0,,€/Kg,,Avantages !,https://driveimg1.intermarche.com/pt/Content/images/boitmal/produit/zoom/09CD29C77ECA15BC59D0A288B72C20B4.jpg,,,,2024-10-23T23:59:59.999999999+01:00,PROSPECTUS,9,1,,
13630,2893625000000,2000.0,Nossa Seleção,Maruca,Congelada,13.98,6.99,0,,€/Kg,,,https://driveimg1.intermarche.com/pt/Content/images/boitmal/produit/zoom/695B6905D99FA9EA5644E4AEF4E924ED.jpg,,,,2024-10-23T23:59:59.999999999+01:00,PROSPECTUS,9,1,,
13813,2892489000000,250.0,Legumes,Batata Doce,1 un = 250 gr  (aprox.),0.32,1.29,0,,€/Kg,,,https://driveimg1.intermarche.com/pt/Content/images/boitmal/produit/zoom/B0785A3D8A1A6773EB1FB43B119AC4D9.jpg,,,,2024-10-23T23:59:59.999999999+01:00,PROSPECTUS,9,1,,
1413,5601252106615,750.0,Gallo,Azeite Subtil,Garrafa de 750 ml,6.99,9.32,750,L,€/L,,,https://driveimg1.intermarche.com/pt/Content/images/boitmal/produit/zoom/AE7B71F484D168C6B66987F1FFF6801B.jpg,,,,2024-10-23T23:59:59.999999999+01:00,PROSPECTUS,9,1,,
1415,5601252106653,750.0,Gallo,Azeite virgem extra clássico,Garrafa de 750 ml,9.19,12.25,750,L,€/L,,,https://driveimg1.intermarche.com/pt/Content/images/boitmal/produit/zoom/F2C4BC4634F83729E0730377FAB3AF0A.jpg,,,,2024-10-23T23:59:59.999999999+01:00,PROSPECTUS,9,1,,
14308,5000116124138,204.0,Iglo,2 crocantes frango  recheio alho&ervas 204g,Embalagem de 200g,3.99,19.56,0,kg,€/Kg,,Tipo de stockagem,https://driveimg1.intermarche.com/pt/Content/images/boitmal/produit/zoom/327E2C86DAFAD6DB9B0C7D64096CB3A0.jpg,,,,2024-10-23T23:59:59.999999999+01:00,PROSPECTUS,9,1,,
1457,5601286218575,500.0,Milaneza,Massa spaghetti tricolore,Embalagem de 500 g,1.26,2.52,0,kg,€/Kg,,,https://driveimg1.intermarche.com/pt/Content/images/boitmal/produit/zoom/283AE101F1B6673BD5B31AF661477173.jpg,,,,2024-10-23T23:59:59.999999999+01:00,PROSPECTUS,9,1,,
1475,5601286273789,500.0,Milaneza,Massa fusilli tricolor,Embalagem de 500g,1.26,2.52,0,kg,€/Kg,,,https://driveimg1.intermarche.com/pt/Content/images/boitmal/produit/zoom/A32BE3BEA03451FFDDD551AFD3876300.jpg,,,,2024-10-23T23:59:59.999999999+01:00,PROSPECTUS,9,1,,
15060,2892453000000,1000.0,Programa Origens,Abóbora Butternut,1 un = 1 kg (aprox.),1.29,1.29,0,,€/Kg,,,https://driveimg1.intermarche.com/pt/Content/images/boitmal/produit/zoom/EAB55C948223F5C0DA9E5CFE8535733D.jpg,,,,2024-10-23T23:59:59.999999999+01:00,PROSPECTUS,9,1,,
15962,5601252107056,250.0,Gallo,Azeite virgem extra clássico,Garrafa de 250 ml,3.39,13.56,250,L,€/L,,,https://driveimg1.intermarche.com/pt/Content/images/boitmal/produit/zoom/CAFA94A66BB654B7BFA9F27383C3910F.jpg,,,,2024-10-23T23:59:59.999999999+01:00,PROSPECTUS,9,1,,
16492,8718951037847,500.0,Ajax,"Limpa vidros pistola, tripla acção, embalagem de 500 ml",,1.97,3.94,500,L,€/L,,,https://driveimg1.intermarche.com/pt/Content/images/boitmal/produit/zoom/B2E06550937917C2E4B1E74DDD7CCA54.jpg,,,,2024-10-23T23:59:59.999999999+01:00,PROSPECTUS,9,1,,
16672,3073780971751,240.0,Babybel,Queijinhos mini,Embalagem de 240g,3.79,15.79,0,kg,€/Kg,,,https://driveimg1.intermarche.com/pt/Content/images/boitmal/produit/zoom/36A7A75E4C6D39C6D9D9BD91D6CD7958.jpg,,,,2024-10-23T23:59:59.999999999+01:00,PROSPECTUS,9,1,,
16983,8712100735455,540.0,Olá,Gelado cornetto morango,Embalagem de 6 x 90 ml,3.56,6.59,540,L,€/L,,Tipo de stockagem,https://driveimg1.intermarche.com/pt/Content/images/boitmal/produit/zoom/B4DE454FD5CA5C67863F06FFF45366E8.jpg,https://driveimg1.intermarche.com/pt/Content/images/boitmal/produit/zoom/FF03523E6B925BE3441B0A34A996CA2B.jpg,https://driveimg1.intermarche.com/pt/Content/images/boitmal/produit/zoom/FF03523E6B925BE3441B0A34A996CA2B.jpg,,2024-10-23T23:59:59.999999999+01:00,PROSPECTUS,9,1,,
17892,5601082039800,220.0,Delta Q,Café xl qalidus cápsulas,Embalagem de 220g,10.99,49.95,0,kg,€/Kg,,,https://driveimg1.intermarche.com/pt/Content/images/boitmal/produit/zoom/366FA5D4E032D6F1950F570ABB5EB801.jpg,,,,2024-10-23T23:59:59.999999999+01:00,PROSPECTUS,9,1,,
18083,5601008200017,258.0,Vieira,Bolacha digestive aveia 258g,Embalagem de 258 g,1.79,6.94,0,kg,€/Kg,,,https://driveimg1.intermarche.com/pt/Content/images/boitmal/produit/zoom/F83AF875AA7966708505018927C302C1.jpg,,,,2024-10-23T23:59:59.999999999+01:00,PROSPECTUS,9,1,,
18769,5601008101901,180.0,Vieira,Bolachas cream cracker doses individuais,Embalagem de 180g,1.14,6.33,0,kg,€/Kg,,,https://driveimg1.intermarche.com/pt/Content/images/boitmal/produit/zoom/06C4F528D5E40FF6174E82D80AEA09C4.jpg,,,,2024-10-23T23:59:59.999999999+01:00,PROSPECTUS,9,1,,
19094,4084500330955,1500.0,Fairy,"Detergente líquido, manual loiça, original, 1,5 l",,6.19,4.13,1500,L,€/L,,,https://driveimg1.intermarche.com/pt/Content/images/boitmal/produit/zoom/239DD1C8A0266CF207624C4D2BE653E1.jpg,,,,2024-10-23T23:59:59.999999999+01:00,PROSPECTUS,9,1,,
20263,5000116110889,180.0,Iglo,Crocantes de frango original,Embalagem de 180g,3.74,20.78,0,kg,€/Kg,,Tipo de stockagem,https://driveimg1.intermarche.com/pt/Content/images/boitmal/produit/zoom/4233EA8D8C7E2BCB4DD87490668F64B2.jpg,,,,2024-10-23T23:59:59.999999999+01:00,PROSPECTUS,9,2,,
20477,8714789876801,650.0,Palmolive,Gel Banho Coco,Embalagem de 650 ml,3.29,5.06,650,L,€/L,,,https://driveimg1.intermarche.com/pt/Content/images/boitmal/produit/zoom/C841EAB15BFBC711E7703D2FB84F7757.jpg,,,,2024-10-23T23:59:59.999999999+01:00,PROSPECTUS,9,2,,
22307,5601019012647,390.0,Guloso,Tomate em pedaços,Embalagem de 390g,1.46,3.74,0,kg,€/Kg,,,https://driveimg1.intermarche.com/pt/Content/images/boitmal/produit/zoom/4A21D86DB7B874B78F3C53E43852C123.jpg,,,,2024-10-23T23:59:59.999999999+01:00,PROSPECTUS,9,2,,
22886,5601082040905,219.0,Delta Q,Café em Cápsulas Várias Intensidades,40 Cápsulas,10.99,50.18,0,kg,€/Kg,,,https://driveimg1.intermarche.com/pt/Content/images/boitmal/produit/zoom/2A0B747997ADACA3A0413EC232C6ECEB.jpg,,,,2024-10-23T23:59:59.999999999+01:00,PROSPECTUS,9,2,,
2403,5608543000072,20.0,Tetley,"Chá de mel, limão e ginseng",Embalagem de 20g,0.95,47.5,0,kg,€/Kg,,,https://driveimg1.intermarche.com/pt/Content/images/boitmal/produit/zoom/DB68353C4D0E30C880FEA97D075943EF.jpg,,,,2024-10-23T23:59:59.999999999+01:00,PROSPECTUS,9,2,,
2405,5608543000096,15.0,Tetley,Chá preto,Embalagem de 20g,0.74,49.33,0,kg,€/Kg,,,https://driveimg1.intermarche.com/pt/Content/images/boitmal/produit/zoom/B40D664132094CEE9391DB8865EC11A2.jpg,,,,2024-10-23T23:59:59.999999999+01:00,PROSPECTUS,9,2,,
2412,5608543000188,10.0,Tetley,Infusão de lúcia lima,Embalagem de 10g,0.89,89.0,0,kg,€/Kg,,,https://driveimg1.intermarche.com/pt/Content/images/boitmal/produit/zoom/97861FD053982D10D1A19EBF7D3A0A0F.jpg,,,,2024-10-23T23:59:59.999999999+01:00,PROSPECTUS,9,2,,
2459,7613031497096,400.0,Nestlé,Fruta para bebé maçã pera +4 meses,Embalagem de 4 x 100 g,2.44,6.1,0,kg,€/Kg,,,https://driveimg1.intermarche.com/pt/Content/images/boitmal/produit/zoom/3650148F0B7099306F07D0EF8CBAB903.jpg,,,,2024-10-23T23:59:59.999999999+01:00,PROSPECTUS,9,2,,
2460,7613031501649,400.0,Nestlé,Fruta para bebé maçã banana +4 meses,Embalagem de 4 x 100 g,2.44,6.1,0,kg,€/Kg,,,https://driveimg1.intermarche.com/pt/Content/images/boitmal/produit/zoom/2ED31B0C460E18911C0B603016079F2F.jpg,,,,2024-10-23T23:59:59.999999999+01:00,PROSPECTUS,9,2,,
2500,7613033129025,250.0,Cerelac,Papa infantil não láctea bolacha maria +6 meses,Embalagem de 250g,2.39,9.56,0,kg,€/Kg,,,https://driveimg1.intermarche.com/pt/Content/images/boitmal/produit/zoom/1A288A774960D901AD4DC15008F92E64.jpg,,,,2024-10-23T23:59:59.999999999+01:00,PROSPECTUS,9,2,,
2518,7613033814693,400.0,Nestlé,Fruta para bebé 7 frutos +6 meses,Embalagem de 4 x 100 g,2.44,6.1,0,kg,€/Kg,,,https://driveimg1.intermarche.com/pt/Content/images/boitmal/produit/zoom/5C71B6B9B51E8496D30C8FC7F83397E6.jpg,,,,2024-10-23T23:59:59.999999999+01:00,PROSPECTUS,9,2,,
2549,7613034717931,200.0,Nestlé,Chocolate culinário,Embalagem de 200g,1.59,7.95,0,kg,€/Kg,,,https://driveimg1.intermarche.com/pt/Content/images/boitmal/produit/zoom/BE5FC31D1F752D030E9BC48A4072345E.jpg,,,,2024-10-23T23:59:59.999999999+01:00,PROSPECTUS,9,2,,
2587,7622300165628,160.0,Oreo,Bolachas mini,Embalagem de 160g,1.84,11.5,0,kg,€/Kg,,,https://driveimg1.intermarche.com/pt/Content/images/boitmal/produit/zoom/379964D6691C2653C7F14552CE094A62.jpg,,,,2024-10-23T23:59:59.999999999+01:00,PROSPECTUS,9,2,,
26091,7613036115575,550.0,Nestlé,Cereais estrelitas,Embalagem de 550g,3.49,6.35,0,kg,€/Kg,,,https://driveimg1.intermarche.com/pt/Content/images/boitmal/produit/zoom/C94C2BEBB47FF1CA98FCF1DC9BAD855D.jpg,,,,2024-10-23T23:59:59.999999999+01:00,PROSPECTUS,9,2,,
26153,8001090229083,,Ausonia,Pensos Higiênicos com Abas Super,embalagem com 12 un.,1.94,1.94,0,,€/Unidade,,,https://driveimg1.intermarche.com/pt/Content/images/boitmal/produit/zoom/219E0B3EF05D6DA4905EC8A4376099AF.jpg,,,,2024-10-23T23:59:59.999999999+01:00,PROSPECTUS,9,2,,
26605,5601286260413,500.0,Milaneza,Lirios tricolores,Embalagem de 500g,1.26,2.52,0,kg,€/Kg,,,https://driveimg1.intermarche.com/pt/Content/images/boitmal/produit/zoom/032651E612CBDAF9EAB421897FD7F2D8.jpg,,,,2024-10-23T23:59:59.999999999+01:00,PROSPECTUS,9,2,,
2671,8410000001013,300.0,Chips Ahoy!,Bolachas chips ahoy,Embalagem de 300g,2.99,9.97,0,kg,€/Kg,,,https://driveimg1.intermarche.com/pt/Content/images/boitmal/produit/zoom/5DFB4AEB0DE1B93FA331E4FE3B3A02DC.jpg,,,,2024-10-23T23:59:59.999999999+01:00,PROSPECTUS,9,2,,
2753,8410066113484,400.0,Heinz,Maionese de cebola e alho,Garrafa de 400 ml,2.89,7.23,400,L,€/L,,,https://driveimg1.intermarche.com/pt/Content/images/boitmal/produit/zoom/68C65A058BDDFE62B63D709DD1CEF540.jpg,,,,2024-10-23T23:59:59.999999999+01:00,PROSPECTUS,9,2,,
27547,7613036101417,240.0,Cerelac,Seleção da natureza papa infantil láctea aveia manga banana +6 meses,Embalagem de 240g,3.19,13.29,0,kg,€/Kg,,,https://driveimg1.intermarche.com/pt/Content/images/boitmal/produit/zoom/B4BF463DF8546C060EF3BFEFEEB3E2A2.jpg,,,,2024-10-23T23:59:59.999999999+01:00,PROSPECTUS,9,2,,
28583,8006540876213,385.0,Pantene,Champô Caracóis Perfeitos,385 ml,3.19,8.29,385,L,€/L,,,https://driveimg1.intermarche.com/pt/Content/images/boitmal/produit/zoom/0B37A3422C290D74458F14C6AA3B3486.jpg,,,,2024-10-23T23:59:59.999999999+01:00,PROSPECTUS,9,2,,
29236,4005900388971,50.0,Nivea Men,Deo Roll On Protect & Care,50 ml,2.69,53.8,50,L,€/L,,,https://driveimg1.intermarche.com/pt/Content/images/boitmal/produit/zoom/A0C85FD25DC4C5D50BDE13EA61505AE5.jpg,,,,2024-10-23T23:59:59.999999999+01:00,PROSPECTUS,9,2,,
29664,8006540876923,325.0,Pantene,Condicionador Caracóis Perfeitos,325 ml,3.19,9.82,325,L,€/L,,,https://driveimg1.intermarche.com/pt/Content/images/boitmal/produit/zoom/186F045E23312F1B7C9CF70017FEA422.jpg,,,,2024-10-23T23:59:59.999999999+01:00,PROSPECTUS,9,2,,
33884,2893837000000,1500.0,Peixaria,Peixe espada preto inteiro,Vendido ao peso,11.99,7.99,0,,€/Kg,,,https://driveimg1.intermarche.com/pt/Content/images/boitmal/produit/zoom/C67775DEF7965BD4AF6F93F01FE1AC28.jpg,,,,2024-10-23T23:59:59.999999999+01:00,PROSPECTUS,9,2,,
3419,8410435011076,,Vileda,Recarga de Esfregona Suave,,2.79,2.79,0,,€/Unidade,,,https://driveimg1.intermarche.com/pt/Content/images/boitmal/produit/zoom/3086AB29DAC3693AC8A22785CF3D72E1.jpg,,,,2024-10-23T23:59:59.999999999+01:00,PROSPECTUS,9,2,,
35873,8434165506411,150.0,Cuétara,Bolachas waffers com recheio de limão,Embalagem de 150 gr,0.99,6.6,0,kg,€/Kg,,,https://driveimg1.intermarche.com/pt/Content/images/boitmal/produit/zoom/C1A6DD3ED37BFF546B5EAEDF5E929842.jpg,,,,2024-10-23T23:59:59.999999999+01:00,PROSPECTUS,9,2,,
36188,0000087157635,342.0,Heinz,Ketchup squeeze,342 g,2.43,7.11,0,kg,€/Kg,,,https://driveimg1.intermarche.com/pt/Content/images/boitmal/produit/zoom/EE52B25D49D994FEB41D538040399913.jpg,,,,2024-10-23T23:59:59.999999999+01:00,PROSPECTUS,9,2,,
3642,3059943009080,250.0,Air Wick,Ambientador recarga lavanda,Garrafa de 250 ml,3.59,14.36,250,L,€/L,,,https://driveimg1.intermarche.com/pt/Content/images/boitmal/produit/zoom/756F620C8BCD41CE49D260CCD66BCDF2.jpg,,,,2024-10-23T23:59:59.999999999+01:00,PROSPECTUS,9,2,,
36552,3073780897358,240.0,Babybel,Queijo mini light,Embalagem de 12 x 20 g,3.89,16.21,0,kg,€/Kg,,,https://driveimg1.intermarche.com/pt/Content/images/boitmal/produit/zoom/F3A7D257D75E911FE904FE5213D4AF12.jpg,,,,2024-10-23T23:59:59.999999999+01:00,PROSPECTUS,9,2,,
36658,5601217132680,500.0,Cillitbang,"Spray tira gorduras, garrafa de 500 ml",,2.49,4.98,500,L,€/L,,,https://driveimg1.intermarche.com/pt/Content/images/boitmal/produit/zoom/7660AADAF7761EC831B6178C67240B97.jpg,,,,2024-10-23T23:59:59.999999999+01:00,PROSPECTUS,9,2,,
38330,7613036886994,400.0,Yogolino,Yogolino pêssego banana 0% açúcares adicionados 4x100g,Embalagem de 400g,2.24,5.6,0,kg,€/Kg,,,https://driveimg1.intermarche.com/pt/Content/images/boitmal/produit/zoom/49B9954C83771AA9EBC8A7C302D392D9.jpg,,,,2024-10-23T23:59:59.999999999+01:00,PROSPECTUS,9,2,,
38555,5601019012807,500.0,Guloso,Polpa de Tomate com Manjericão e Oregãos,Embalagem de 500g,1.49,2.98,0,kg,€/Kg,,,https://driveimg1.intermarche.com/pt/Content/images/boitmal/produit/zoom/91BED76549C4236F11A5CB6F37BF70E1.jpg,,,,2024-10-23T23:59:59.999999999+01:00,PROSPECTUS,9,2,,
40673,5609060095695,80.0,Delta,Café solúvel creme,Embalagem de 80 g,2.99,37.38,0,kg,€/Kg,,,https://driveimg1.intermarche.com/pt/Content/images/boitmal/produit/zoom/E86B51132FFE0A62D8E5E423B75B1EF3.jpg,,,,2024-10-23T23:59:59.999999999+01:00,PROSPECTUS,9,2,,
40825,7613038901954,7.0,Nescafé,Café Dolce Gusto Marrakech,Embalagem com 16 cápsulas,4.89,698.57,0,kg,€/Kg,,,https://driveimg1.intermarche.com/pt/Content/images/boitmal/produit/zoom/9084DC6531DE00DFA958339359EFC3B3.jpg,,,,2024-10-23T23:59:59.999999999+01:00,PROSPECTUS,9,2,,
41447,5601082047812,,Delta Q,Café mythiq,Embalagem com 40 cápsulas,10.99,10.99,0,,€/Unidade,,,https://driveimg1.intermarche.com/pt/Content/images/boitmal/produit/zoom/8B9EC0DC169048AF93D5FDC86ECCEBB0.jpg,,,,2024-10-23T23:59:59.999999999+01:00,PROSPECTUS,9,2,,
41895,5000116125784,220.0,Capitão Iglo,12 nuggets frango polme americano,Embalagem de 220g,2.99,13.59,0,kg,€/Kg,,Tipo de stockagem,https://driveimg1.intermarche.com/pt/Content/images/boitmal/produit/zoom/4A36D918CE859C1F06A618542B06F111.jpg,,,,2024-10-23T23:59:59.999999999+01:00,PROSPECTUS,9,2,,
44240,8410500010539,1200.0,Actimel Danone,"Actimel Kids, 12 x 100 g",,4.89,4.08,0,kg,€/Kg,,,https://driveimg1.intermarche.com/pt/Content/images/boitmal/produit/zoom/30A5D0ACB9ED08A0E0975059507175B8.jpg,,,,2024-10-23T23:59:59.999999999+01:00,PROSPECTUS,9,2,,
44252,5601019012890,210.0,Guloso,Tomate frito,Embalagem de 210g,0.86,4.1,0,kg,€/Kg,,,https://driveimg1.intermarche.com/pt/Content/images/boitmal/produit/zoom/E41584C9A847A707E247659FC6AA37C2.jpg,,,,2024-10-23T23:59:59.999999999+01:00,PROSPECTUS,9,2,,
44795,5601151971437,1000.0,Pepsi,Pepsi max,Garrafa de 1 l,0.99,0.99,1000,L,€/L,,,https://driveimg1.intermarche.com/pt/Content/images/boitmal/produit/zoom/2D41E70783394B937C5E8504D6A01EA4.jpg,,,,2024-10-23T23:59:59.999999999+01:00,PROSPECTUS,9,2,,
44797,5601151971444,1000.0,Pepsi,Pepsi max lima,Garrafa de 1 l,0.99,0.99,1000,L,€/L,,,https://driveimg1.intermarche.com/pt/Content/images/boitmal/produit/zoom/657B12F1DF1E65D0997328121D02B203.jpg,,,,2024-10-23T23:59:59.999999999+01:00,PROSPECTUS,9,2,,
44936,8711327318373,540.0,Olá,Cornetto clássico,Embalagem de 6 x 90 ml,3.56,6.59,540,L,€/L,,Tipo de stockagem,https://driveimg1.intermarche.com/pt/Content/images/boitmal/produit/zoom/8D9DC9138E665052BD487BD925ECAB26.jpg,,,,2024-10-23T23:59:59.999999999+01:00,PROSPECTUS,9,2,,
46183,8434165564619,150.0,Cuétara,Waffer de morango,Embalagem de 150g,0.99,6.6,0,kg,€/Kg,,,https://driveimg1.intermarche.com/pt/Content/images/boitmal/produit/zoom/F92F48CCC0C2D680ECF2F24064EABA3F.jpg,,,,2024-10-23T23:59:59.999999999+01:00,PROSPECTUS,9,2,,
46670,5601050037227,620.0,Danone,"Iogurte Líquido Activia Aveia & Linhaça, 4x155g",,1.99,3.21,0,kg,€/Kg,,,https://driveimg1.intermarche.com/pt/Content/images/boitmal/produit/zoom/7E7C727863D557E926C1A28A0D20E72E.jpg,,,,2024-10-23T23:59:59.999999999+01:00,PROSPECTUS,9,2,,
46931,8006540026588,1015.0,Fairy,Detergente Liquido P/ Lavar Loiça Ultra Poder Limão,Embalagem de 1015 ml,4.99,4.92,1015,L,€/L,,,https://driveimg1.intermarche.com/pt/Content/images/boitmal/produit/zoom/F643615D2522C79BBB74E49417EB20CC.jpg,,,,2024-10-23T23:59:59.999999999+01:00,PROSPECTUS,9,2,,
47102,5603722520198,250.0,Mimosa,Manteiga com sal e sem lactose,Embalagem de 250g,2.29,9.16,0,kg,€/Kg,,,https://driveimg1.intermarche.com/pt/Content/images/boitmal/produit/zoom/B591AEA7549E84BED541D0651A14575A.jpg,https://driveimg1.intermarche.com/pt/Content/images/boitmal/produit/zoom/03F85375587D6FDFB4925819A11BDAE0.jpg,https://driveimg1.intermarche.com/pt/Content/images/boitmal/produit/zoom/851EE75BBBA7A9986AE9578DEC17E3F9.jpg,,2024-10-23T23:59:59.999999999+01:00,PROSPECTUS,9,2,,
47635,8412600018316,300.0,Bimbo,Bimbo® bagels clássico 4 un.,Embalagem de 300g,2.29,7.63,0,kg,€/Kg,,,https://driveimg1.intermarche.com/pt/Content/images/boitmal/produit/zoom/E755B43AF6FC6D3F5BD557A4226DF511.jpg,,,,2024-10-23T23:59:59.999999999+01:00,PROSPECTUS,9,2,,
47636,8412600018323,300.0,Bimbo,Bimbo® bagels sementes 4 un.,Embalagem de 300g,2.29,7.63,0,kg,€/Kg,,,https://driveimg1.intermarche.com/pt/Content/images/boitmal/produit/zoom/64C691C53069BB7F8DA412B00033DFA3.jpg,,,,2024-10-23T23:59:59.999999999+01:00,PROSPECTUS,9,2,,
483,3033710046645,400.0,Nestlé,Fruta para bebé maçã manga +6 meses,Embalagem de 4 x 100 g,2.44,6.1,0,kg,€/Kg,,,https://driveimg1.intermarche.com/pt/Content/images/boitmal/produit/zoom/8AD438F18F11DF979185478037DDFD24.jpg,,,,2024-10-23T23:59:59.999999999+01:00,PROSPECTUS,9,2,,
48682,3017760363396,75.0,Mikado,Biscoito chocolate de leite,Embalagem de 75g,1.69,22.53,0,kg,€/Kg,,,https://driveimg1.intermarche.com/pt/Content/images/boitmal/produit/zoom/E5AECC4B056C3B93F707028B6876AB43.jpg,,,,2024-10-23T23:59:59.999999999+01:00,PROSPECTUS,9,2,,
48782,8410199023070,150.0,Lay's,Lay's camponesas,Embalagem de 150g,1.59,10.6,0,kg,€/Kg,,,https://driveimg1.intermarche.com/pt/Content/images/boitmal/produit/zoom/3D2C8E9AA8AB458BC8BE1C5915BD61CF.jpg,,,,2024-10-23T23:59:59.999999999+01:00,PROSPECTUS,9,2,,
48922,8006540417072,300.0,Pantene,Máscara Caracóis Perfeitos,300 ml,4.94,16.47,300,L,€/L,,,https://driveimg1.intermarche.com/pt/Content/images/boitmal/produit/zoom/EB7E52D162BFDEBC6AEA41630D49AB71.jpg,,,,2024-10-23T23:59:59.999999999+01:00,PROSPECTUS,9,2,,
49346,5601008102786,174.0,Vieira,"Bolacha digestive maçã, canela e corintos thin - vieira de castro",Embalagem de 174g,1.99,11.44,0,kg,€/Kg,,,https://driveimg1.intermarche.com/pt/Content/images/boitmal/produit/zoom/B5D20795831B71DEC94AD574C202A337.jpg,,,,2024-10-23T23:59:59.999999999+01:00,PROSPECTUS,9,2,,
49411,5601151969571,600.0,Compal,Sumo 100% Laranja Espremida,Pack 3 x 200 ml,1.43,2.38,600,L,€/L,,,https://driveimg1.intermarche.com/pt/Content/images/boitmal/produit/zoom/BE6107A246758DDB948F9247FE27347E.jpg,,,,2024-10-23T23:59:59.999999999+01:00,PROSPECTUS,9,2,,
49414,5601151969564,600.0,Compal,Sumo 100% Maçã,pack 3 x 200 ml,1.43,2.38,600,L,€/L,,,https://driveimg1.intermarche.com/pt/Content/images/boitmal/produit/zoom/CD31AD4E2832462B8D930F1F9879C4D7.jpg,,,,2024-10-23T23:59:59.999999999+01:00,PROSPECTUS,9,2,,
49460,7613287300362,99.0,Nescafé,Café Buondi Intensidade 8,16 cápsulas,4.89,49.39,0,kg,€/Kg,,,https://driveimg1.intermarche.com/pt/Content/images/boitmal/produit/zoom/80D095BD8937186A634C0603F93E6D9A.jpg,,,,2024-10-23T23:59:59.999999999+01:00,PROSPECTUS,9,2,,
49475,5601146570027,3750.0,Sagres,Cerveja Mini,pack 15 x 25 cl,7.49,2.0,3750,L,€/L,,,https://driveimg1.intermarche.com/pt/Content/images/boitmal/produit/zoom/2A9CDD69C05CD0571DDBA8FAB1D27E24.jpg,,,,2024-10-23T23:59:59.999999999+01:00,PROSPECTUS,9,2,,
49554,5604260323661,,PorSi,Toalhitas Bebé Recarga,Embalagem de 4 x 72 unidades,3.99,3.99,0,,€/Unidade,,,https://driveimg1.intermarche.com/pt/Content/images/boitmal/produit/zoom/16432E31C56080AB416227F0FEB4EF8D.jpg,,,,2024-10-23T23:59:59.999999999+01:00,PROSPECTUS,9,2,,
49819,5603722517327,600.0,Matinal,"Leite Seleccionado Leve, pack 3 x 200 ml",,1.59,2.65,600,L,€/L,,,https://driveimg1.intermarche.com/pt/Content/images/boitmal/produit/zoom/71B7A978B09743409E9A95EE1E5CB157.jpg,,,,2024-10-23T23:59:59.999999999+01:00,PROSPECTUS,9,2,,
50377,8445290351357,,Nescafé,Dolce gusto sical espresso cafés,Embalagem de 16 unidades,4.89,4.89,0,,€/Unidade,,,https://driveimg1.intermarche.com/pt/Content/images/boitmal/produit/zoom/59ABD0BE756D706CBAA91B3DBDD3A34A.jpg,,,,2024-10-23T23:59:59.999999999+01:00,PROSPECTUS,9,2,,
50630,5603722521461,1208.0,Mimosa,"Iogurte magro liquido de ananas e manga, 8x151ml",,2.89,2.39,1208,L,€/L,,,https://driveimg1.intermarche.com/pt/Content/images/boitmal/produit/zoom/57AA4F959AC0E156C9A5EE1FBB6645F0.jpg,,,,2024-10-23T23:59:59.999999999+01:00,PROSPECTUS,9,2,,
51575,5604260326044,,PorSi,Fraldas para bebé agilidade T4 9-15kg,50 unidades,6.69,6.69,0,,€/Unidade,,,https://driveimg1.intermarche.com/pt/Content/images/boitmal/produit/zoom/4A25E4A3651A040A2058DC5D78463847.jpg,,,,2024-10-23T23:59:59.999999999+01:00,PROSPECTUS,9,2,,
52325,8720181384868,,Skip,Detergente Máquina Roupa Líquido Sensitive,56 Doses,8.99,8.99,0,,€/Unidade,,,https://driveimg1.intermarche.com/pt/Content/images/boitmal/produit/zoom/4DF32BF1564A4CFF4F3F63F53192D53C.jpg,,,,2024-10-23T23:59:59.999999999+01:00,PROSPECTUS,9,2,,
52335,8720181392979,,Comfort,Amaciador Roupa Concentrado Creations Angélicas e Flor de Baunilha,76 Doses,3.99,3.99,0,,€/Unidade,,,https://driveimg1.intermarche.com/pt/Content/images/boitmal/produit/zoom/88E220DCA59FCA8026855622E667F899.jpg,,,,2024-10-23T23:59:59.999999999+01:00,PROSPECTUS,9,2,,
52337,8720181392955,,Comfort,Amaciador Roupa Concentrado Creations Flor de Lótus e Lima,76 Doses,3.99,3.99,0,,€/Unidade,,,https://driveimg1.intermarche.com/pt/Content/images/boitmal/produit/zoom/18DD584DA1A39A596C301D171EB7721A.jpg,,,,2024-10-23T23:59:59.999999999+01:00,PROSPECTUS,9,2,,
52578,8445290836342,,Nescafé,"Café Meia de Leite Sical, 16 Cápsulas",,4.89,4.89,0,,€/Unidade,,,https://driveimg1.intermarche.com/pt/Content/images/boitmal/produit/zoom/BB46D17F919823471F78EF9E1A5943F2.jpg,,,,2024-10-23T23:59:59.999999999+01:00,PROSPECTUS,9,2,,
52599,5601217137968,1710.0,Quanto,"Amaciador Roupa Concentrado Violetas do Bosque, 95 doses",,3.99,2.33,1710,L,€/L,,,https://driveimg1.intermarche.com/pt/Content/images/boitmal/produit/zoom/158716B89DDA66C93B622A001C4C974A.jpg,,,,2024-10-23T23:59:59.999999999+01:00,PROSPECTUS,9,2,,
52602,5601217137937,1710.0,Quanto,"Amaciador Roupa Concentrado Lirios e Frutos Vermelhos, 95 doses",,3.99,2.33,1710,L,€/L,,,https://driveimg1.intermarche.com/pt/Content/images/boitmal/produit/zoom/563FAA46B02CF60B1C429C7EDCFFBB40.jpg,,,,2024-10-23T23:59:59.999999999+01:00,PROSPECTUS,9,2,,
53065,5601050037869,620.0,Danone,"Bifidus Líquido Activia Cereais 000%, 4 x 155g",,1.99,3.21,0,kg,€/Kg,,,https://driveimg1.intermarche.com/pt/Content/images/boitmal/produit/zoom/B131D80C948546BCBA16D94F59138000.jpg,,,,2024-10-23T23:59:59.999999999+01:00,PROSPECTUS,9,2,,
53066,5601050037845,620.0,Danone,"Bifidus Líquido Activia Aveia e Noz 000%, 4 x 155g",,1.99,3.21,0,kg,€/Kg,,,https://driveimg1.intermarche.com/pt/Content/images/boitmal/produit/zoom/C3E5261F5C2ADA6A9243957038878389.jpg,,,,2024-10-23T23:59:59.999999999+01:00,PROSPECTUS,9,2,,
53734,8006540849811,300.0,Pantene,Máscara Cabelo Longo Infinito,Embalagem de 300ml,5.99,19.97,300,L,€/L,,,https://driveimg1.intermarche.com/pt/Content/images/boitmal/produit/zoom/F1CB0A2A60DD17F498F26DCBACDE308D.jpg,,,,2024-10-23T23:59:59.999999999+01:00,PROSPECTUS,9,2,,
53919,2696282000000,250.0,Pastelaria,"Baguete Constance, 250 g",,0.79,3.16,0,kg,€/Kg,,,https://driveimg1.intermarche.com/pt/Content/images/boitmal/produit/zoom/0BA49B9462EB8B9EAD281953127E99E8.jpg,,,,2024-10-23T23:59:59.999999999+01:00,PROSPECTUS,9,2,,
54361,8410104915186,,Finish,"Detergente Loiça Máquina Quantum Limão, 28 Pastilhas",,5.99,5.99,0,,€/Unidade,,,https://driveimg1.intermarche.com/pt/Content/images/boitmal/produit/zoom/1475A3F2DD398EC394FA4FC5F2649CB1.jpg,,,,2024-10-23T23:59:59.999999999+01:00,PROSPECTUS,9,2,,
54365,8410104915209,,Finish,"Detergente Loiça Máquina Quantum Limão, 64 Pastilhas",,8.99,8.99,0,,€/Unidade,,,https://driveimg1.intermarche.com/pt/Content/images/boitmal/produit/zoom/F6DF7BFCDD347E21DA57485E1E5A20C4.jpg,,,,2024-10-23T23:59:59.999999999+01:00,PROSPECTUS,9,2,,
54535,8410436468244,,Persil,"Detergente Máquina Roupa Liquído Universal Ge, 60D",,9.99,9.99,0,,€/Unidade,,,https://driveimg1.intermarche.com/pt/Content/images/boitmal/produit/zoom/BC6EB44530D98773DF0B49E66EFD20DE.jpg,,,,2024-10-23T23:59:59.999999999+01:00,PROSPECTUS,9,2,,
5584,5602107003127,50.0,SAN ZE,Aperitivos couratos,Embalagem de 50 g,1.0,20.0,0,kg,€/Kg,,,https://driveimg1.intermarche.com/pt/Content/images/boitmal/produit/zoom/04AEBBA050EB9CA81396FB9D636BF636.jpg,,,,2024-10-23T23:59:59.999999999+01:00,PROSPECTUS,9,2,,
6404,8410376017113,500.0,Gullón,Bolacha recheada mega duo chocolate,Embalagem de 500g,2.49,4.98,0,kg,€/Kg,,,https://driveimg1.intermarche.com/pt/Content/images/boitmal/produit/zoom/8EB5AE64DF1A4B711D2A877A1A47FC57.jpg,,,,2024-10-23T23:59:59.999999999+01:00,PROSPECTUS,9,2,,
6988,0000056090017,100.0,Eru,Queijo creme real,Embalagem de 100 g,1.29,12.9,0,kg,€/Kg,,,https://driveimg1.intermarche.com/pt/Content/images/boitmal/produit/zoom/903838029622B2F4259D8E514B009979.jpg,,,,2024-10-23T23:59:59.999999999+01:00,PROSPECTUS,9,2,,
7140,2895062000000,250.0,Santiago,Queijo tres igrejas cura 2 meses,Vendido ao peso a partir de 250 gr,3.0,11.99,0,,€/Kg,,,https://driveimg1.intermarche.com/pt/Content/images/boitmal/produit/zoom/23C77AA648CADC2DCC87B3557E21073E.jpg,,,,2024-10-23T23:59:59.999999999+01:00,PROSPECTUS,9,2,,
7827,8006540876039,385.0,Pantene,Champô Classic,Embalagem de 385 ml,3.19,8.29,385,L,€/L,,,https://driveimg1.intermarche.com/pt/Content/images/boitmal/produit/zoom/098EB270BD10DFDDE6327DD100D78985.jpg,,,,2024-10-23T23:59:59.999999999+01:00,PROSPECTUS,9,2,,
8399,5601050033809,620.0,Danone,"Iogurte activia líquido morango,  4 x 155 g",,1.99,3.21,0,kg,€/Kg,,,https://driveimg1.intermarche.com/pt/Content/images/boitmal/produit/zoom/D308B1FB4C89B3E5388CD017CB0E1529.jpg,,,,2024-10-23T23:59:59.999999999+01:00,PROSPECTUS,9,2,,
8413,8410500008932,600.0,Actimel Danone,"Actimel morango, 6 x 100g",,2.79,4.65,0,kg,€/Kg,,,https://driveimg1.intermarche.com/pt/Content/images/boitmal/produit/zoom/F6EB1A175778A171D463316E7A3FAC27.jpg,,,,2024-10-23T23:59:59.999999999+01:00,PROSPECTUS,9,2,,
8415,8410500007836,600.0,Actimel Danone,"Actimel tutti-frutti,  6 x 100g",,2.79,4.65,0,kg,€/Kg,,,https://driveimg1.intermarche.com/pt/Content/images/boitmal/produit/zoom/DB1D3FA2CAFD2F870E694DAF87E93AD5.jpg,,,,2024-10-23T23:59:59.999999999+01:00,PROSPECTUS,9,2,,
848,5000189974579,200.0,Kit Kat,Chocolate mini,Embalagem de 200g,3.38,16.9,0,kg,€/Kg,,,https://driveimg1.intermarche.com/pt/Content/images/boitmal/produit/zoom/33F684DC544CDCED4E93A337A33052D5.jpg,,,,2024-10-23T23:59:59.999999999+01:00,PROSPECTUS,9,2,,
8538,5601119957213,120.0,Campofrio,Peito frango forno lenha fatias finas,Embalagem de 120g,2.39,19.92,0,kg,€/Kg,,,https://driveimg1.intermarche.com/pt/Content/images/boitmal/produit/zoom/A07912C7AB7FD404926F35358863642D.jpg,,,,2024-10-23T23:59:59.999999999+01:00,PROSPECTUS,9,2,,
854,5010394133852,500.0,Pedigree,Guloseima para cão biscrok,Embalagem de 500 g,3.49,6.98,0,kg,€/Kg,,,https://driveimg1.intermarche.com/pt/Content/images/boitmal/produit/zoom/C3696C3844F67065BEA83C1D5D8C7EB1.jpg,,,,2024-10-23T23:59:59.999999999+01:00,PROSPECTUS,9,2,,
8641,5601151983171,600.0,Compal,Néctar vital de frutos vermelhos,Pack 3 x 200 ml,1.27,2.12,600,L,€/L,,,https://driveimg1.intermarche.com/pt/Content/images/boitmal/produit/zoom/612A85B8691CFCC5F767477F18BDCEE0.jpg,,,,2024-10-23T23:59:59.999999999+01:00,PROSPECTUS,9,2,,
9078,5601883000351,250.0,Nova Açores,Manteiga com sal,Embalagem de 250g,1.99,7.96,0,kg,€/Kg,,,https://driveimg1.intermarche.com/pt/Content/images/boitmal/produit/zoom/B374003B4D850F2B18FB43590E1FCCC4.jpg,,,,2024-10-23T23:59:59.999999999+01:00,PROSPECTUS,9,2,,
9286,5603722492068,1000.0,Mimosa,Leite especial crescimento +3 anos,Garrafa de 1 l,1.49,1.49,1000,L,€/L,,,https://driveimg1.intermarche.com/pt/Content/images/boitmal/produit/zoom/26A3BE41175D4F1900210BFF62BF081B.jpg,https://driveimg1.intermarche.com/pt/Content/images/boitmal/produit/zoom/C1DA16AEB6305B1844421608D84E82EB.jpg,https://driveimg1.intermarche.com/pt/Content/images/boitmal/produit/zoom/5674CBEBA359C0E43414CBEAA69D8774.jpg,,2024-10-23T23:59:59.999999999+01:00,PROSPECTUS,9,2,,
9292,5603722493812,250.0,Matinal,Manteiga Magra,Embalagem de 250g,2.29,9.16,0,kg,€/Kg,,,https://driveimg1.intermarche.com/pt/Content/images/boitmal/produit/zoom/B0EFE8F0BAC9D546B0137E2AAE6CB19F.jpg,,,,2024-10-23T23:59:59.999999999+01:00,PROSPECTUS,9,2,,
16365,5604055112005,1000.0,Fastio,"Água sem gás, garrafa de 1 l",,0.47,0.47,1000,L,€/L,,,https://driveimg1.intermarche.com/pt/Content/images/boitmal/produit/zoom/4C770528107ABCD7FCD46700399F62BE.jpg,,,,2024-10-23T23:59:59.999999999+01:00,PROSPECTUS,9,2,,
978,5601024134136,750.0,Oliveira da Serra,Azeite,Embalagem de 750 ml,5.69,7.59,750,L,€/L,,,https://driveimg1.intermarche.com/pt/Content/images/boitmal/produit/zoom/4618FCD27F27BDBAA8CF1CDC30F2EFF5.jpg,,,,2024-10-23T23:59:59.999999999+01:00,PROSPECTUS,9,2,,
49463,8445290250322,600.0,Nestum,Flocos Cereais Mel,Embalagem de 600g,3.39,5.65,0,kg,€/Kg,,,https://driveimg1.intermarche.com/pt/Content/images/boitmal/produit/zoom/9F028579C623CFF4FC3FA9CCEB955938.jpg,,,,2024-10-23T23:59:59.999999999+01:00,PROSPECTUS,9,2,,
13884,2891106000000,2000.0,PorSi Select,Frango do Campo Inteiro c/ Miúdos Programa Origens,Vendido ao peso,6.9,3.45,0,,€/Kg,,,https://driveimg1.intermarche.com/pt/Content/images/boitmal/produit/zoom/6B6825838652E244237081C091CB1D51.jpg,,,,2024-10-23T23:59:59.999999999+01:00,PROSPECTUS,9,2,,
277,0000080135463,200.0,Nutella,Creme para barrar de avelãs e cacau,Embalagem de 200 g,1.99,9.95,0,kg,€/Kg,,,https://driveimg1.intermarche.com/pt/Content/images/boitmal/produit/zoom/E17E01634F3FC9940074AC6CDA0458EC.jpg,,,,2024-10-23T23:59:59.999999999+01:00,PROSPECTUS,9,2,,
1414,5601252106639,750.0,Gallo,Azeite virgem delicado,Garrafa de 750 ml,7.49,9.99,750,L,€/L,,,https://driveimg1.intermarche.com/pt/Content/images/boitmal/produit/zoom/14892E13E5F7C3707D2EB967992642D1.jpg,,,,2024-10-23T23:59:59.999999999+01:00,PROSPECTUS,9,2,,
36657,5601217132673,500.0,Cillitbang,"Spray lixívia e higiene, de 500 ml",,2.49,4.98,500,L,€/L,,,https://driveimg1.intermarche.com/pt/Content/images/boitmal/produit/zoom/B883369E3F8FD2106485DC8F041B61F8.jpg,,,,2024-10-23T23:59:59.999999999+01:00,PROSPECTUS,9,2,,
11585,5601151540817,600.0,Compal,Néctar tutti-fruti,Pack 3 x 200 ml,1.27,2.12,600,L,€/L,,,https://driveimg1.intermarche.com/pt/Content/images/boitmal/produit/zoom/46259AFD5876FC6CE2BE2E09C2B96495.jpg,,,,2024-10-23T23:59:59.999999999+01:00,PROSPECTUS,9,2,,
13095,2893071000000,100.0,Peixaria,Carapau Pequeno,1 un = 100 g (aprox.),0.3,2.99,0,,€/Kg,,,https://driveimg1.intermarche.com/pt/Content/images/boitmal/produit/zoom/A6FA4A5C89011F3F27A60AD959FD9913.jpg,,,,2024-10-23T23:59:59.999999999+01:00,PROSPECTUS,9,2,,
44701,5053990156009,175.0,Pringles,Pringles original,Embalagem de 175g,2.39,13.66,0,kg,€/Kg,,,https://driveimg1.intermarche.com/pt/Content/images/boitmal/produit/zoom/A4350F1969E3C38471802CC20C7A43A5.jpg,https://driveimg1.intermarche.com/pt/Content/images/boitmal/produit/zoom/843E1395B62C4B40E91467CF90852642.jpg,https://driveimg1.intermarche.com/pt/Content/images/boitmal/produit/zoom/843E1395B62C4B40E91467CF90852642.jpg,https://driveimg1.intermarche.com/pt/Content/images/boitmal/produit/zoom/843E1395B62C4B40E91467CF90852642.jpg,2024-10-23T23:59:59.999999999+01:00,PROSPECTUS,9,2,,
14879,2696313000000,,Pastelaria,Croissant Brioche 85 g,,0.59,0.59,0,,€/Unidade,,,https://driveimg1.intermarche.com/pt/Content/images/boitmal/produit/zoom/23DD54250137E29550E3BC89EAA5A69F.jpg,,,,2024-10-23T23:59:59.999999999+01:00,PROSPECTUS,9,2,,
1709,5604055111060,6000.0,Fastio,"Água mineral sem gás, garrafão de 6L",,1.69,0.28,6000,L,€/L,,,https://driveimg1.intermarche.com/pt/Content/images/boitmal/produit/zoom/6DC4524795A66E05CC84F206F41E7F8C.jpg,,,,2024-10-23T23:59:59.999999999+01:00,PROSPECTUS,9,2,,
12356,8410108122535,,Dodot,Toalhitas Sensitive |Recarga,Pack: 4 x54 unidades,5.99,5.99,0,,€/Unidade,,,https://driveimg1.intermarche.com/pt/Content/images/boitmal/produit/zoom/25B89D0E4CFA95A39B00208C4F12F5D5.jpg,https://driveimg1.intermarche.com/pt/Content/images/boitmal/produit/zoom/47D40D02C955E98DB96B03E04432FF85.jpg,https://driveimg1.intermarche.com/pt/Content/images/boitmal/produit/zoom/47D40D02C955E98DB96B03E04432FF85.jpg,,2024-10-23T23:59:59.999999999+01:00,PROSPECTUS,9,3,,
1281,5601151136140,1000.0,Compal,Nectar vital equilibrio ananás/coco,Embalagem de 1 l,1.49,1.49,1000,L,€/L,,,https://driveimg1.intermarche.com/pt/Content/images/boitmal/produit/zoom/2353850FA900673F4C3B08C535F9375F.jpg,,,,2024-10-23T23:59:59.999999999+01:00,PROSPECTUS,9,3,,
13577,2893572000000,200.0,Peixaria,Pota Inteira Congelada,1 un= 200 gr (aprox.),1.18,5.89,0,,€/Kg,,Avantages !,https://driveimg1.intermarche.com/pt/Content/images/boitmal/produit/zoom/B2D6321EA80C5271A6C9DE3162C36D95.jpg,,,,2024-10-23T23:59:59.999999999+01:00,PROSPECTUS,9,3,,
13585,2893580000000,250.0,Marisco,Gambão Congelado 20/30,Vendido a partir de 250 (aprox.),2.0,7.99,0,,€/Kg,,Avantages !,https://driveimg1.intermarche.com/pt/Content/images/boitmal/produit/zoom/4D0BD52A2A6DCE6EE965D391A979212D.jpg,,,,2024-10-23T23:59:59.999999999+01:00,PROSPECTUS,9,3,,
13599,2893594000000,550.0,Peixaria,Red Fish Grande Congelado,1 un = 500 gr (aprox.),2.91,5.29,0,,€/Kg,,Avantages !,https://driveimg1.intermarche.com/pt/Content/images/boitmal/produit/zoom/A3E98972B338DCF46BAA412A17BB9B0C.jpg,,,,2024-10-23T23:59:59.999999999+01:00,PROSPECTUS,9,3,,
36909,5604260326051,,PorSi,Fraldas agility T5 de 13 a 18 kg,44 unidades,6.69,6.69,0,,€/Unidade,,,https://driveimg1.intermarche.com/pt/Content/images/boitmal/produit/zoom/35F5347888749D5FF884CE0B00621B68.jpg,,,,2024-10-23T23:59:59.999999999+01:00,PROSPECTUS,9,3,,
50405,8445290489173,900.0,Cerelac,Papa Infantil + 6 meses,Embalagem de 900g,5.69,6.32,0,kg,€/Kg,,,https://driveimg1.intermarche.com/pt/Content/images/boitmal/produit/zoom/AC49BEE482A5844CB7C28462BEA4C70C.jpg,,,,2024-10-23T23:59:59.999999999+01:00,PROSPECTUS,9,3,,
11501,5601049612084,130.0,Mimosa,Manteiga com sal,Embalagem de 130g,1.29,9.92,0,kg,€/Kg,,,https://driveimg1.intermarche.com/pt/Content/images/boitmal/produit/zoom/DC7A16E0542B828D039563A6AD9E73FE.jpg,https://driveimg1.intermarche.com/pt/Content/images/boitmal/produit/zoom/1207D37BB442FDD5C918BE023189F00C.jpg,,,2024-10-23T23:59:59.999999999+01:00,PROSPECTUS,9,3,,
43768,7613287121783,187.0,Smarties,"Smarties mini chocolate, 187g",,3.38,18.07,0,kg,€/Kg,,,https://driveimg1.intermarche.com/pt/Content/images/boitmal/produit/zoom/7A552A060795A355D30AAAB4BC193B70.jpg,https://driveimg1.intermarche.com/pt/Content/images/boitmal/produit/zoom/E8FEE980732B87942B93ED2D1ABFFA78.jpg,https://driveimg1.intermarche.com/pt/Content/images/boitmal/produit/zoom/E8FEE980732B87942B93ED2D1ABFFA78.jpg,,2024-10-23T23:59:59.999999999+01:00,PROSPECTUS,9,3,,
35544,7622210420244,640.0,Prince,Bolachas Mini Recheadas com Chocolate,Embalagem de 160 g,1.84,2.88,0,kg,€/Kg,,,https://driveimg1.intermarche.com/pt/Content/images/boitmal/produit/zoom/43A6802DCC194BEFB4FBD952A4F3716A.jpg,,,,2024-10-23T23:59:59.999999999+01:00,PROSPECTUS,9,3,,
12230,7613034192264,250.0,Cerelac,Papa infantil para preparar com leite +6 meses,Embalagem de 250g,1.86,7.44,0,kg,€/Kg,,,https://driveimg1.intermarche.com/pt/Content/images/boitmal/produit/zoom/9FAA017CC3BC08A98F0EF54D61B67C5D.jpg,,,,2024-10-23T23:59:59.999999999+01:00,PROSPECTUS,9,3,,
1287,5601151260753,410.0,Compal,Grão de bico,Lata de 410 ml,1.09,2.66,410,L,€/L,,,https://driveimg1.intermarche.com/pt/Content/images/boitmal/produit/zoom/64A11988E77915EAC2B803C89620197A.jpg,,,,2024-10-23T23:59:59.999999999+01:00,PROSPECTUS,9,3,,
17667,2894441000000,100.0,Salsicharia Limiana,Chourição,1 un = 100 gr (aprox.),0.8,7.99,0,,€/Kg,,,https://driveimg1.intermarche.com/pt/Content/images/boitmal/produit/zoom/5CBAE8286CA636C8895C6C56B7142118.jpg,,,,2024-10-23T23:59:59.999999999+01:00,PROSPECTUS,9,3,,
37992,5601027943551,650.0,Bimbo,"Pão de forma sem côdea 10 cereais, embalagem 650 g",,2.29,3.52,0,kg,€/Kg,,,https://driveimg1.intermarche.com/pt/Content/images/boitmal/produit/zoom/E65A0CCDAE1A5FCAC2C1D9A9BA0AFBC6.jpg,,,,2024-10-23T23:59:59.999999999+01:00,PROSPECTUS,9,3,,
5093,5601050033755,620.0,Danone,"Iogurte activia líquido 0% morango/kiwi,  4 x 155 g",,1.99,3.21,0,kg,€/Kg,,,https://driveimg1.intermarche.com/pt/Content/images/boitmal/produit/zoom/29B41AE598716D0550D815AA0FE86025.jpg,,,,2024-10-23T23:59:59.999999999+01:00,PROSPECTUS,9,3,,
14227,5601043119015,500.0,Espiga,Farinha de milho 500g,Embalagem de 500g,0.94,1.88,0,kg,€/Kg,,,https://driveimg1.intermarche.com/pt/Content/images/boitmal/produit/zoom/2CECFEB697CA3E5E6800E3DF8CBF754C.jpg,,,,2024-10-23T23:59:59.999999999+01:00,PROSPECTUS,9,3,,
25735,5000116112173,208.0,Capitão Iglo,10 nuggets peito de frango e queijo,Embalagem de 210g,2.99,14.38,0,kg,€/Kg,,Tipo de stockagem,https://driveimg1.intermarche.com/pt/Content/images/boitmal/produit/zoom/E9A162F74796CC7150848F5AAF7336C9.jpg,,,,2024-10-23T23:59:59.999999999+01:00,PROSPECTUS,9,3,,
36910,5604260326068,,PorSi,Fraldas agility T6 para + de 17 kg,30 unidades,5.69,5.69,0,,€/Unidade,,,https://driveimg1.intermarche.com/pt/Content/images/boitmal/produit/zoom/C8AE5AF97E01CC5E961749F64F41AB9A.jpg,,,,2024-10-23T23:59:59.999999999+01:00,PROSPECTUS,9,3,,
8400,5601050033779,620.0,Danone,"Iogurte activia líquido cereais,  4 x 155 g",,1.99,3.21,0,kg,€/Kg,,,https://driveimg1.intermarche.com/pt/Content/images/boitmal/produit/zoom/3AC3707CF655B8CC61D2C80E4828D7C8.jpg,,,,2024-10-23T23:59:59.999999999+01:00,PROSPECTUS,9,3,,
1274,5601151070758,410.0,Compal,Feijão manteiga,Lata de 410 ml,1.09,2.66,410,L,€/L,,,https://driveimg1.intermarche.com/pt/Content/images/boitmal/produit/zoom/F0994D6790474BD2BB5E91E2063CEE44.jpg,,,,2024-10-23T23:59:59.999999999+01:00,PROSPECTUS,9,3,,
485,3036810201280,220.0,Maille,Mostarda dijon,Embalagem de 220g,3.19,14.5,0,kg,€/Kg,,,https://driveimg1.intermarche.com/pt/Content/images/boitmal/produit/zoom/54F468F339DF4ED703D2259DA36B459B.jpg,https://driveimg1.intermarche.com/pt/Content/images/boitmal/produit/zoom/1ABADBA923A5257BF5D8A92B53110481.jpg,https://driveimg1.intermarche.com/pt/Content/images/boitmal/produit/zoom/1ABADBA923A5257BF5D8A92B53110481.jpg,,2024-10-23T23:59:59.999999999+01:00,PROSPECTUS,9,3,,
5243,5601151170755,410.0,Compal,Feijão preto,Lata de 410 ml,1.09,2.66,410,L,€/L,,,https://driveimg1.intermarche.com/pt/Content/images/boitmal/produit/zoom/148292276E212E85BD820FA0193628A4.jpg,,,,2024-10-23T23:59:59.999999999+01:00,PROSPECTUS,9,3,,
959,5601019012418,1000.0,Guloso,Polpa de Tomate,Embalagem de 1 kg,1.79,1.79,0,kg,€/Kg,,,https://driveimg1.intermarche.com/pt/Content/images/boitmal/produit/zoom/3B354CF768C18B28FB1B1316955F339F.jpg,,,,2024-10-23T23:59:59.999999999+01:00,PROSPECTUS,9,3,,
11650,5601192201104,200.0,Agros,Nata Uht,Garrafa de 200 ml,0.82,4.1,200,L,€/L,,,https://driveimg1.intermarche.com/pt/Content/images/boitmal/produit/zoom/4B340CBB8695D3B73B1AFCD0D35CD883.jpg,,,,2024-10-23T23:59:59.999999999+01:00,PROSPECTUS,9,3,,
1456,5601286217639,500.0,Milaneza,Massa farfalle tricolor,Embalagem de 500g,1.26,2.52,0,kg,€/Kg,,,https://driveimg1.intermarche.com/pt/Content/images/boitmal/produit/zoom/2CB58ADA26EF1E83B0978C82005EFCEE.jpg,,,,2024-10-23T23:59:59.999999999+01:00,PROSPECTUS,9,3,,
29834,8712100516467,480.0,Olá,Gelado cornetto mini clássico,Embalagem de 8 x 60 ml,3.89,8.1,480,L,€/L,,Tipo de stockagem,https://driveimg1.intermarche.com/pt/Content/images/boitmal/produit/zoom/52C23093EFDFEFEAE4F1F6612BE1C6BE.jpg,,,,2024-10-23T23:59:59.999999999+01:00,PROSPECTUS,9,3,,
40672,5609060095992,100.0,Delta,Café solúvel intenso,Embalagem de 100g,2.99,29.9,0,kg,€/Kg,,,https://driveimg1.intermarche.com/pt/Content/images/boitmal/produit/zoom/7A1F952E00FD0E204E53DBCD3FAC4315.jpg,,,,2024-10-23T23:59:59.999999999+01:00,PROSPECTUS,9,3,,
48145,5604260310517,500.0,PorSi,Filete peixe-gato-riscado,Embalagem de 500 g,4.99,9.98,0,kg,€/Kg,,,https://driveimg1.intermarche.com/pt/Content/images/boitmal/produit/zoom/F100A73C00CA09CC939478B34A99A4B4.jpg,,,,2024-10-23T23:59:59.999999999+01:00,PROSPECTUS,9,3,,
8391,5601049159992,1000.0,Mimosa,Leite especial cálcio + vitamina d magro,Garrafa de 1 l,0.89,0.89,1000,L,€/L,,,https://driveimg1.intermarche.com/pt/Content/images/boitmal/produit/zoom/9A4AD44FB60B5A45579B826AAB547587.jpg,,,,2024-10-23T23:59:59.999999999+01:00,PROSPECTUS,9,3,,
16493,8718951037939,500.0,Ajax,"Limpa vidros pistola, cristal, embalagem de 500 ml",,1.95,3.9,500,L,€/L,,,https://driveimg1.intermarche.com/pt/Content/images/boitmal/produit/zoom/E563EF990460546D67BF949773E0A516.jpg,,,,2024-10-23T23:59:59.999999999+01:00,PROSPECTUS,9,3,,
25906,8412600071144,650.0,Bimbo,"Pão de forma especial torradas s/ côdea, 650g",,2.09,3.22,0,kg,€/Kg,,,https://driveimg1.intermarche.com/pt/Content/images/boitmal/produit/zoom/FE072CBAE2B254D11818DC4B4A08F173.jpg,,,,2024-10-23T23:59:59.999999999+01:00,PROSPECTUS,9,3,,
37948,5601217132697,500.0,Cillitbang,Spray limpeza casa de banho,Embalagem de 500 ml,2.49,4.98,500,L,€/L,,,https://driveimg1.intermarche.com/pt/Content/images/boitmal/produit/zoom/62E5A8E0A6D5CF81B7A29AA6D1070117.jpg,,,,2024-10-23T23:59:59.999999999+01:00,PROSPECTUS,9,3,,
51608,8006540830918,820.0,Fairy,Detergente Líquido p/ Lavar Loiça Limão,Embalagem de 820 ml,3.99,4.87,820,L,€/L,,,https://driveimg1.intermarche.com/pt/Content/images/boitmal/produit/zoom/EDD75E1F920483183B5B596FDD6DA991.jpg,,,,2024-10-23T23:59:59.999999999+01:00,PROSPECTUS,9,3,,
52338,8720181392931,,Comfort,Amaciador Roupa Concentrado Creations Jasmim e Mirtilo,76 Doses,3.99,3.99,0,,€/Unidade,,,https://driveimg1.intermarche.com/pt/Content/images/boitmal/produit/zoom/DED7323146382FF9F9D6D0F2196F9D63.jpg,,,,2024-10-23T23:59:59.999999999+01:00,PROSPECTUS,9,3,,
11588,5601151540909,600.0,Compal,Néctar pêssego,Pack 3 x 200 ml,1.27,2.12,600,L,€/L,,,https://driveimg1.intermarche.com/pt/Content/images/boitmal/produit/zoom/8E9F7F7C9C6F6F0F209D5A59713C2C1B.jpg,,,,2024-10-23T23:59:59.999999999+01:00,PROSPECTUS,9,3,,
20264,5000116110872,180.0,Iglo,Crocantes frango parmesão e ervas,Embalagem de 180g,3.74,20.78,0,kg,€/Kg,,Tipo de stockagem,https://driveimg1.intermarche.com/pt/Content/images/boitmal/produit/zoom/D8CF2D65B55930225EB9E80FCB37828C.jpg,,,,2024-10-23T23:59:59.999999999+01:00,PROSPECTUS,9,3,,
43012,5604260307197,300.0,PorSi,Comida húmida para cão de frango,Embalagem de 300 g,0.75,2.5,0,kg,€/Kg,,,https://driveimg1.intermarche.com/pt/Content/images/boitmal/produit/zoom/E18D56D7EBECE5FA4FFC211D3EDBE796.jpg,https://driveimg1.intermarche.com/pt/Content/images/boitmal/produit/zoom/3FD0F0D9955E6135023C13E6B1D173A7.jpg,https://driveimg1.intermarche.com/pt/Content/images/boitmal/produit/zoom/3FD0F0D9955E6135023C13E6B1D173A7.jpg,https://driveimg1.intermarche.com/pt/Content/images/boitmal/produit/zoom/3FD0F0D9955E6135023C13E6B1D173A7.jpg,2024-10-23T23:59:59.999999999+01:00,PROSPECTUS,9,3,https://driveimg1.intermarche.com/pt/Content/images/boitmal/produit/zoom/3FD0F0D9955E6135023C13E6B1D173A7.jpg,https://driveimg1.intermarche.com/pt/Content/images/boitmal/produit/zoom/3FD0F0D9955E6135023C13E6B1D173A7.jpg
52324,8720181384899,,Skip,Detergente Máquina Roupa Líquido Active Fresh,56 Doses,8.99,8.99,0,,€/Unidade,,,https://driveimg1.intermarche.com/pt/Content/images/boitmal/produit/zoom/04DF579D55CD2D6A01A784ECE774108E.jpg,,,,2024-10-23T23:59:59.999999999+01:00,PROSPECTUS,9,3,,
52339,8720181392924,,Comfort,Amaciador Roupa Concentrado Creations Lírios e Morango,76 Doses,3.99,3.99,0,,€/Unidade,,,https://driveimg1.intermarche.com/pt/Content/images/boitmal/produit/zoom/8F3E1CB8E1F41E507DB7FBA8EF126461.jpg,,,,2024-10-23T23:59:59.999999999+01:00,PROSPECTUS,9,3,,
6993,0000056091151,100.0,Eru,"Queijo creme, presunto",Embalagem de 100 g,1.29,12.9,0,kg,€/Kg,,,https://driveimg1.intermarche.com/pt/Content/images/boitmal/produit/zoom/18F3A18A3116B3716EC2E65028430488.jpg,,,,2024-10-23T23:59:59.999999999+01:00,PROSPECTUS,9,3,,
8643,5601151983218,600.0,Compal,Néctar light de manga/laranja,Pack 3 x 200 ml,1.27,2.12,600,L,€/L,,,https://driveimg1.intermarche.com/pt/Content/images/boitmal/produit/zoom/B08CFC781E806936068ED3A79ED224D1.jpg,,,,2024-10-23T23:59:59.999999999+01:00,PROSPECTUS,9,3,,
26177,5603722514470,1000.0,Matinal,Leite Seleccionado Leve,Embalagem de 1L,1.04,1.04,1000,L,€/L,,,https://driveimg1.intermarche.com/pt/Content/images/boitmal/produit/zoom/3414EC19C8611CE7E0D99781254117D1.jpg,,,,2024-10-23T23:59:59.999999999+01:00,PROSPECTUS,9,3,,
8537,5601119957206,120.0,Campofrio,Peito frango forno lenha  fatias clássicas,Embalagem de 120g,2.39,19.92,0,kg,€/Kg,,,https://driveimg1.intermarche.com/pt/Content/images/boitmal/produit/zoom/316713CBE56425C1457B9A3672568B05.jpg,,,,2024-10-23T23:59:59.999999999+01:00,PROSPECTUS,9,3,,
10091,8410100059839,360.0,Nestlé,"Queijinho petit nesquik,  6 x 60 g",,2.79,7.75,0,kg,€/Kg,,,https://driveimg1.intermarche.com/pt/Content/images/boitmal/produit/zoom/DBBACE0B574A9C35FF94ECEF6B014E4C.jpg,,,,2024-10-23T23:59:59.999999999+01:00,PROSPECTUS,9,3,,
11672,5601217126399,1650.0,Woolite,Detergente líquido p/ máquina lavar roupa cores escuras,"Garrafa de 1,65 l",6.99,4.24,1650,L,€/L,,,https://driveimg1.intermarche.com/pt/Content/images/boitmal/produit/zoom/F70AD128C36B39364F81379E51C417C0.jpg,,,,2024-10-23T23:59:59.999999999+01:00,PROSPECTUS,9,3,,
12468,8435250439584,256.0,Nestlé,"Iogurte mix-in smarties morango,  2 x 128 g",,1.99,7.77,0,kg,€/Kg,,,https://driveimg1.intermarche.com/pt/Content/images/boitmal/produit/zoom/A56FAF9000F1827F93D14D3DAF96AF68.jpg,,,,2024-10-23T23:59:59.999999999+01:00,PROSPECTUS,9,3,,
2406,5608543000102,30.0,Tetley,Chá preto,Embalagem de 30g,1.29,43.0,0,kg,€/Kg,,,https://driveimg1.intermarche.com/pt/Content/images/boitmal/produit/zoom/B2CA31FF335EAFD397F63994E5AF9EBC.jpg,,,,2024-10-23T23:59:59.999999999+01:00,PROSPECTUS,9,3,,
25375,5601050033441,620.0,Danone,"Iogurte activia líquido manga e papaia,  4 x 155 g",,1.99,3.21,0,kg,€/Kg,,,https://driveimg1.intermarche.com/pt/Content/images/boitmal/produit/zoom/A96AE19E74579E9FA5D5277C47DE6D86.jpg,,,,2024-10-23T23:59:59.999999999+01:00,PROSPECTUS,9,3,,
27459,8410435051003,,Vileda,"Saco lixo super+ 30 litros, 15 unidades",,1.2,1.2,0,,€/Unidade,,,https://driveimg1.intermarche.com/pt/Content/images/boitmal/produit/zoom/B3FABFB74852738C1421BD88DF2D81E2.jpg,,,,2024-10-23T23:59:59.999999999+01:00,PROSPECTUS,9,3,,
35874,8434165442870,150.0,Cuétara,Bolachas waffers com recheio de cacau e avelã,Embalagem de 150 gr,0.99,6.6,0,kg,€/Kg,,,https://driveimg1.intermarche.com/pt/Content/images/boitmal/produit/zoom/368BE7E735B968F4E93C7D83EDAAE121.jpg,,,,2024-10-23T23:59:59.999999999+01:00,PROSPECTUS,9,3,,
43011,5604260307210,300.0,PorSi,Comida húmida para cão de peru,Embalagem de 300 g,0.75,2.5,0,kg,€/Kg,,,https://driveimg1.intermarche.com/pt/Content/images/boitmal/produit/zoom/0A4DC002663775585CA403A7A4E290B2.jpg,https://driveimg1.intermarche.com/pt/Content/images/boitmal/produit/zoom/A5C82BE522F15BBA14EEE2D9C8DA8265.jpg,https://driveimg1.intermarche.com/pt/Content/images/boitmal/produit/zoom/A5C82BE522F15BBA14EEE2D9C8DA8265.jpg,https://driveimg1.intermarche.com/pt/Content/images/boitmal/produit/zoom/A5C82BE522F15BBA14EEE2D9C8DA8265.jpg,2024-10-23T23:59:59.999999999+01:00,PROSPECTUS,9,3,https://driveimg1.intermarche.com/pt/Content/images/boitmal/produit/zoom/A5C82BE522F15BBA14EEE2D9C8DA8265.jpg,https://driveimg1.intermarche.com/pt/Content/images/boitmal/produit/zoom/A5C82BE522F15BBA14EEE2D9C8DA8265.jpg
47653,8414100306559,330.0,Schweppes,Ginger Ale,lata 33 cl,0.71,2.15,330,L,€/L,,,https://driveimg1.intermarche.com/pt/Content/images/boitmal/produit/zoom/7266BD34E9D43F1FF4AC9272334226E1.jpg,,,,2024-10-23T23:59:59.999999999+01:00,PROSPECTUS,9,3,,
48030,7613287495259,1200.0,Felix,Fantastic Seleção de Peixes em Gelatina,Embalagem de 12x100g,5.59,4.66,0,kg,€/Kg,,,https://driveimg1.intermarche.com/pt/Content/images/boitmal/produit/zoom/6D8479CC6C659A75FA2F079AE890F80C.jpg,,,,2024-10-23T23:59:59.999999999+01:00,PROSPECTUS,9,3,,
50378,7613031300655,375.0,Nestlé,"Cereais Nestlé Multicheerios, 375g",,3.74,9.97,0,kg,€/Kg,,,https://driveimg1.intermarche.com/pt/Content/images/boitmal/produit/zoom/87E2BA7ABED7C61C576BDF94326B21C9.jpg,,,,2024-10-23T23:59:59.999999999+01:00,PROSPECTUS,9,3,,
52600,5601217137951,1710.0,Quanto,"Amaciador Roupa Concentrado Ouro e Orquídea Branca, 95 doses",,3.99,2.33,1710,L,€/L,,,https://driveimg1.intermarche.com/pt/Content/images/boitmal/produit/zoom/A89E9019D654EFABC7388FF37B1BF310.jpg,,,,2024-10-23T23:59:59.999999999+01:00,PROSPECTUS,9,3,,
6475,8410436242264,1100.0,Sonasol,"Lava Tudo Brilhante Madeira, embalagem 1,1l",,2.59,2.35,1100,L,€/L,,,https://driveimg1.intermarche.com/pt/Content/images/boitmal/produit/zoom/4804207F489281D6AC8C3987D7C802CA.jpg,,,,2024-10-23T23:59:59.999999999+01:00,PROSPECTUS,9,3,,
10111,8410104402501,200.0,Vanish,"Pré-lavagem power gel, garrafa de 200 ml",,3.89,19.45,200,L,€/L,,,https://driveimg1.intermarche.com/pt/Content/images/boitmal/produit/zoom/43BF12F00EF01640414435278CB9BD77.jpg,,,,2024-10-23T23:59:59.999999999+01:00,PROSPECTUS,9,3,,
10274,8410436242172,1100.0,Sonasol,"Lava Tudo Brilhante Floral, embalagem 1,1l",,2.59,2.35,1100,L,€/L,,,https://driveimg1.intermarche.com/pt/Content/images/boitmal/produit/zoom/45AE65B29796E27661779732657737AC.jpg,,,,2024-10-23T23:59:59.999999999+01:00,PROSPECTUS,9,3,,
10513,8435250439591,236.0,Nestlé,"Iogurte mix-in chocapic,  2 x 118 g",,1.99,8.43,0,kg,€/Kg,,,https://driveimg1.intermarche.com/pt/Content/images/boitmal/produit/zoom/0789BA3D2E6EA8E7B9EBDD728E77A7C3.jpg,,,,2024-10-23T23:59:59.999999999+01:00,PROSPECTUS,9,3,,
11679,5601241304008,1500.0,Vimeiro,Água com gás,"Garrafa de 1,5 l",0.95,0.63,1500,L,€/L,,,https://driveimg1.intermarche.com/pt/Content/images/boitmal/produit/zoom/D5394B669005244ED06B2D560AC8ECE7.jpg,https://driveimg1.intermarche.com/pt/Content/images/boitmal/produit/zoom/A1ED6D2563FED7230A961EB3C507B877.jpg,https://driveimg1.intermarche.com/pt/Content/images/boitmal/produit/zoom/A1ED6D2563FED7230A961EB3C507B877.jpg,,2024-10-23T23:59:59.999999999+01:00,PROSPECTUS,9,3,,
12286,8001480020696,2000.0,Neoblanc,Lixívia para roupa delicada,Embalagem de 2 l,5.24,2.62,2000,L,€/L,,,https://driveimg1.intermarche.com/pt/Content/images/boitmal/produit/zoom/1EEF05A0D9CFE46475A118F5FF12889D.jpg,,,,2024-10-23T23:59:59.999999999+01:00,PROSPECTUS,9,3,,
2407,5608543000133,18.0,Tetley,Chá verde,Embalagem de 20g,0.95,52.78,0,kg,€/Kg,,,https://driveimg1.intermarche.com/pt/Content/images/boitmal/produit/zoom/8E02DD9BA1324B098CBEC62350029218.jpg,,,,2024-10-23T23:59:59.999999999+01:00,PROSPECTUS,9,3,,
2409,5608543000157,10.0,Tetley,Infusão de camomila,Embalagem de 10g,0.89,89.0,0,kg,€/Kg,,,https://driveimg1.intermarche.com/pt/Content/images/boitmal/produit/zoom/C995769A7E3ACBF1E8869F2AEDA95DF9.jpg,,,,2024-10-23T23:59:59.999999999+01:00,PROSPECTUS,9,3,,
34404,7613034675842,198.0,Lion,Chocolate lion mini,Embalagem de 198 g,3.38,17.07,0,kg,€/Kg,,,https://driveimg1.intermarche.com/pt/Content/images/boitmal/produit/zoom/E01713645BBE2905958004B9A9FB13F5.jpg,,,,2024-10-23T23:59:59.999999999+01:00,PROSPECTUS,9,3,,
38569,5601043111385,500.0,Espiga,Farinha de arroz,Embalagem de 500g,0.96,1.92,0,kg,€/Kg,,,https://driveimg1.intermarche.com/pt/Content/images/boitmal/produit/zoom/75BD610997C68B6F54D809273CB78786.jpg,,,,2024-10-23T23:59:59.999999999+01:00,PROSPECTUS,9,3,,
43009,5604260307180,300.0,PorSi,Comida húmida para cão de borrego,Embalagem de 300 g,0.75,2.5,0,kg,€/Kg,,,https://driveimg1.intermarche.com/pt/Content/images/boitmal/produit/zoom/8873D77963E4D34906CA2FC5E881C248.jpg,https://driveimg1.intermarche.com/pt/Content/images/boitmal/produit/zoom/2B27BF4714216FFB4E9E5882412593BE.jpg,https://driveimg1.intermarche.com/pt/Content/images/boitmal/produit/zoom/2B27BF4714216FFB4E9E5882412593BE.jpg,https://driveimg1.intermarche.com/pt/Content/images/boitmal/produit/zoom/2B27BF4714216FFB4E9E5882412593BE.jpg,2024-10-23T23:59:59.999999999+01:00,PROSPECTUS,9,3,https://driveimg1.intermarche.com/pt/Content/images/boitmal/produit/zoom/2B27BF4714216FFB4E9E5882412593BE.jpg,https://driveimg1.intermarche.com/pt/Content/images/boitmal/produit/zoom/2B27BF4714216FFB4E9E5882412593BE.jpg
44788,5603722514777,480.0,Mimosa,"Iogurte sólido sem lactose morango, 4 x 125 g",,1.89,3.94,0,kg,€/Kg,,,https://driveimg1.intermarche.com/pt/Content/images/boitmal/produit/zoom/938890D6C27A260EF0A55564EDA92A84.jpg,,,,2024-10-23T23:59:59.999999999+01:00,PROSPECTUS,9,3,,
924,5601001120503,370.0,Nestlé,Leite condensado,Embalagem de 370g,2.24,6.05,0,kg,€/Kg,,,https://driveimg1.intermarche.com/pt/Content/images/boitmal/produit/zoom/0EE7923C8616BBD98A14510DEC4DF765.jpg,,,,2024-10-23T23:59:59.999999999+01:00,PROSPECTUS,9,3,,
11929,5603089003518,200.0,Parmalat,Natas uht 3 queijos,Embalagem de 200 ml,1.03,5.15,200,L,€/L,,,https://driveimg1.intermarche.com/pt/Content/images/boitmal/produit/zoom/6F8185F292BC05B9C919EB0A61212A41.jpg,,,,2024-10-23T23:59:59.999999999+01:00,PROSPECTUS,9,3,,
1304,5601151860755,410.0,Compal,Feijão frade,Lata de 410 ml,1.09,2.66,410,L,€/L,,,https://driveimg1.intermarche.com/pt/Content/images/boitmal/produit/zoom/066688CD8BF0590497712193ADD4FE5F.jpg,,,,2024-10-23T23:59:59.999999999+01:00,PROSPECTUS,9,3,,
15741,7613034945808,1500.0,Friskies,Ração para gato bolas de pelo com frango,"Embalagem de 1,5kg",5.84,3.89,0,kg,€/Kg,,,https://driveimg1.intermarche.com/pt/Content/images/boitmal/produit/zoom/07080EB115E04D4F8CE83D62B5121029.jpg,,,,2024-10-23T23:59:59.999999999+01:00,PROSPECTUS,9,3,,
16567,5000116110070,750.0,Iglo,Esparregado de espinafres,Embalagem de 750g,3.49,4.65,0,kg,€/Kg,,Tipo de stockagem,https://driveimg1.intermarche.com/pt/Content/images/boitmal/produit/zoom/86D3F3D2313F56668D62EB7FF71C326B.jpg,,,,2024-10-23T23:59:59.999999999+01:00,PROSPECTUS,9,3,,
18080,5601008100560,168.0,Vieira,Bolachas água e sal doces,Embalagem de 170g,2.09,12.44,0,kg,€/Kg,,,https://driveimg1.intermarche.com/pt/Content/images/boitmal/produit/zoom/8B7FFF96649C214D2C1F59409B1A23A6.jpg,,,,2024-10-23T23:59:59.999999999+01:00,PROSPECTUS,9,3,,
19927,5601883000405,250.0,Nova Açores,Manteiga c/ sal gourmet,Embalagem de 250g,2.19,8.76,0,kg,€/Kg,,,https://driveimg1.intermarche.com/pt/Content/images/boitmal/produit/zoom/65056049540390D09FDE870040E3173A.jpg,,,,2024-10-23T23:59:59.999999999+01:00,PROSPECTUS,9,3,,
30165,8410436320573,1100.0,Sonasol,Lava Tudo Brilhante Eucalipto,"embalagem 1,1L",2.59,2.35,1100,L,€/L,,,https://driveimg1.intermarche.com/pt/Content/images/boitmal/produit/zoom/1D59B5FEAE0C00D87C9E61FEE70A9A3D.jpg,,,,2024-10-23T23:59:59.999999999+01:00,PROSPECTUS,9,3,,
41311,5601019012876,390.0,Guloso,Tomate em Pedaços com Cebola e Alho,Embalagem de 390g,1.79,4.59,0,kg,€/Kg,,,https://driveimg1.intermarche.com/pt/Content/images/boitmal/produit/zoom/DA7DA36A1DB3F59161A395B0EC5223E9.jpg,,,,2024-10-23T23:59:59.999999999+01:00,PROSPECTUS,9,3,,
43780,5900020036988,300.0,Nestlé,Cereais de Aveia Cheerios,Embalagem de 300g,2.99,9.97,0,kg,€/Kg,,,https://driveimg1.intermarche.com/pt/Content/images/boitmal/produit/zoom/C01C42152BE7C461AE7CBFEB3DD79DA4.jpg,,,,2024-10-23T23:59:59.999999999+01:00,PROSPECTUS,9,3,,
44961,5054563098757,75.0,Sensodyne,Pasta dentífrica repair & protect branqueadora,Embalagem de 75 ml,3.7,49.33,75,L,€/L,,,https://driveimg1.intermarche.com/pt/Content/images/boitmal/produit/zoom/A635A3648DCB48F3466BC2FA7131A17D.jpg,,,,2024-10-23T23:59:59.999999999+01:00,PROSPECTUS,9,3,,
46333,5054563107510,75.0,Sensodyne,Dentífrico sensibilidade e gengivas,Embalagem de 75 ml,3.95,52.67,75,L,€/L,,,https://driveimg1.intermarche.com/pt/Content/images/boitmal/produit/zoom/2A004B499C48581E0F2ACB572ECC96FB.jpg,,,,2024-10-23T23:59:59.999999999+01:00,PROSPECTUS,9,3,,
5032,5601028009164,,Renova,Papel Higiénico Super Folha Dupla,Embalagem 48 Unidades,8.99,8.99,0,,€/Unidade,,,https://driveimg1.intermarche.com/pt/Content/images/boitmal/produit/zoom/34A331066A2512C91E6937C60FA71D1B.jpg,,,,2024-10-23T23:59:59.999999999+01:00,PROSPECTUS,9,3,,
50629,5603722521454,1208.0,Mimosa,"Iogurte magro liquido de morango e framboesa, 8 x 151ml",,2.89,2.39,1208,L,€/L,,,https://driveimg1.intermarche.com/pt/Content/images/boitmal/produit/zoom/D754EA086EB368BBBC0D9470F68EFC4B.jpg,,,,2024-10-23T23:59:59.999999999+01:00,PROSPECTUS,9,3,,
51947,8719200253087,200.0,Planta,"Planteiga com Sal Vegan, 200g",,1.49,7.45,0,kg,€/Kg,,,https://driveimg1.intermarche.com/pt/Content/images/boitmal/produit/zoom/1C8192B5C8DA466AD648BB6546E3F415.jpg,,,,2024-10-23T23:59:59.999999999+01:00,PROSPECTUS,9,3,,
52340,8720181392962,,Comfort,Amaciador Roupa Concentrado Creations Madressilva e Sândalo,76 Doses,3.99,3.99,0,,€/Unidade,,,https://driveimg1.intermarche.com/pt/Content/images/boitmal/produit/zoom/6B8F8DA9C5DF28DF49A227B125CD9AD5.jpg,,,,2024-10-23T23:59:59.999999999+01:00,PROSPECTUS,9,3,,
7293,3141360050001,750.0,Calgon,"Anti-calcário para máquina de roupa, em gel",Garrafa de 750 ml,6.99,9.32,750,L,€/L,,,https://driveimg1.intermarche.com/pt/Content/images/boitmal/produit/zoom/CBAA20E2D0B47492F063F2C7CE6B7F2D.jpg,,,,2024-10-23T23:59:59.999999999+01:00,PROSPECTUS,9,3,,
767,4005500030287,400.0,Yogolino,Nestle iogolino prep iog banana 100g,Embalagem de 400g,2.24,5.6,0,kg,€/Kg,,,https://driveimg1.intermarche.com/pt/Content/images/boitmal/produit/zoom/3D8E32B0B25B565E3618BD3D531AD8AC.jpg,,,,2024-10-23T23:59:59.999999999+01:00,PROSPECTUS,9,3,,
8435,5601050033953,620.0,Danone,"Iogurte activia líquido 0% de pêssego/maracujá,  4 x 155 g",,1.99,3.21,0,kg,€/Kg,,,https://driveimg1.intermarche.com/pt/Content/images/boitmal/produit/zoom/748ECF51AF6234B1BD1ECDB41529BE95.jpg,,,,2024-10-23T23:59:59.999999999+01:00,PROSPECTUS,9,3,,
12445,8414100302742,1250.0,Sunny Delight,Refrigerante s/ gás califórnia,"Garrafa de 1,25 l",1.87,1.5,1250,L,€/L,,,https://driveimg1.intermarche.com/pt/Content/images/boitmal/produit/zoom/3A53BFE5938DDF8D0C5815BDDDB8B87B.jpg,,,,2024-10-23T23:59:59.999999999+01:00,PROSPECTUS,9,3,,
1273,5601151060759,410.0,Compal,Feijão branco,Lata de 410 ml,1.09,2.66,410,L,€/L,,,https://driveimg1.intermarche.com/pt/Content/images/boitmal/produit/zoom/3E2AA120F60445DEF4C4302D800E6B17.jpg,,,,2024-10-23T23:59:59.999999999+01:00,PROSPECTUS,9,3,,
1420,5601252107131,250.0,Gallo,Vinagre balsâmico modena,Garrafa de 250 ml,1.59,6.36,250,L,€/L,,,https://driveimg1.intermarche.com/pt/Content/images/boitmal/produit/zoom/CFFAABA356A1FEBBDE1686B6D03B7362.jpg,,,,2024-10-23T23:59:59.999999999+01:00,PROSPECTUS,9,3,,
14653,5601119225442,110.0,Nobre,Fiambre da perna extra fatias finas cuida-t+,Embalagem de 110g,1.99,18.09,0,kg,€/Kg,,,https://driveimg1.intermarche.com/pt/Content/images/boitmal/produit/zoom/D5E0C522AAF17703A5791C561676C67A.jpg,,,,2024-10-23T23:59:59.999999999+01:00,PROSPECTUS,9,3,,
15889,5000116112180,208.0,Capitão Iglo,10 nuggets de frango com cereais integrais,Embalagem de 208 g,1.79,8.61,0,kg,€/Kg,,Tipo de stockagem,https://driveimg1.intermarche.com/pt/Content/images/boitmal/produit/zoom/33E37BD94FEA9CE794B6269CFF0B46F4.jpg,,,,2024-10-23T23:59:59.999999999+01:00,PROSPECTUS,9,3,,
17114,5000116110148,320.0,Capitão Iglo,4 hamburguers vaca s/ glúten,Embalagem de 320g,3.99,12.47,0,kg,€/Kg,,Tipo de stockagem,https://driveimg1.intermarche.com/pt/Content/images/boitmal/produit/zoom/8E7F8CBEF475C7DF0459EA1D70B35576.jpg,,,,2024-10-23T23:59:59.999999999+01:00,PROSPECTUS,9,3,,
23525,5000204711936,500.0,Pronto,"Limpa móveis pistola, aloé vera, 500 ml",,2.99,5.98,500,L,€/L,,,https://driveimg1.intermarche.com/pt/Content/images/boitmal/produit/zoom/D6AA1F29F4B8F2FB31BDEADB98BEB295.jpg,,,,2024-10-23T23:59:59.999999999+01:00,PROSPECTUS,9,3,,
26414,5000116110919,1042.0,Capitão Iglo,50 nuggets de frango,Embalagem de 1042g,12.99,12.47,0,kg,€/Kg,,Tipo de stockagem,https://driveimg1.intermarche.com/pt/Content/images/boitmal/produit/zoom/EFDC76A0E2DA568466B2DD97096F0B41.jpg,,,,2024-10-23T23:59:59.999999999+01:00,PROSPECTUS,9,3,,
29243,8001090479617,1015.0,Fairy,Detergente Liquido P/ Lavar Loiça Aloé Vera,Embalagem de 1015 ml,3.49,3.44,1015,L,€/L,,,https://driveimg1.intermarche.com/pt/Content/images/boitmal/produit/zoom/8CEBE605326AA7B1E200AEE9853F6C8E.jpg,,,,2024-10-23T23:59:59.999999999+01:00,PROSPECTUS,9,3,,
32279,8001090229168,,Ausonia,Pensos com Abas de Noite,embalagem com 9 un.,1.94,1.94,0,,€/Unidade,,,https://driveimg1.intermarche.com/pt/Content/images/boitmal/produit/zoom/C3F28E71F3D959B26F216E0A65A6AD71.jpg,,,,2024-10-23T23:59:59.999999999+01:00,PROSPECTUS,9,3,,
32400,8006540876947,385.0,Pantene,Champô Anticaspa,385 ml,3.19,8.29,385,L,€/L,,,https://driveimg1.intermarche.com/pt/Content/images/boitmal/produit/zoom/C394656D5A326E8E294168046065036F.jpg,,,,2024-10-23T23:59:59.999999999+01:00,PROSPECTUS,9,3,,
35753,8001841240640,270.0,Pantene,Creme para pentear caracóis,270 ml,5.99,22.19,270,L,€/L,,,https://driveimg1.intermarche.com/pt/Content/images/boitmal/produit/zoom/574B3E314AF635DCDB9A6448E3C017C1.jpg,,,,2024-10-23T23:59:59.999999999+01:00,PROSPECTUS,9,3,,
36282,5602016061096,750.0,Cacho Fresco,Vinho branco frisante,Garrafa de 0.75 l,1.99,2.65,750,L,€/L,,,https://driveimg1.intermarche.com/pt/Content/images/boitmal/produit/zoom/5A84D9FCFD5D8797917DBD1BC3DA5748.jpg,,,,2024-10-23T23:59:59.999999999+01:00,PROSPECTUS,9,3,,
40670,5000116125449,1440.0,Capitão Iglo,18 hamburguers s/ glúten vaca,Pack familiar com 1.4 kg,14.99,10.41,0,kg,€/Kg,,Tipo de stockagem,https://driveimg1.intermarche.com/pt/Content/images/boitmal/produit/zoom/1205D6FFB1292702E12CA65D9CB59DB1.jpg,,,,2024-10-23T23:59:59.999999999+01:00,PROSPECTUS,9,3,,
41341,8711327391475,270.0,Olá,Gelado magnum salted caramel & glazed almonds,Embalagem de 3 x 90 ml,2.99,11.07,270,L,€/L,,Tipo de stockagem,https://driveimg1.intermarche.com/pt/Content/images/boitmal/produit/zoom/584EE4A4EE1BDD1E470C1DA40C6359E1.jpg,,,,2024-10-23T23:59:59.999999999+01:00,PROSPECTUS,9,4,,
43010,5604260307203,300.0,PorSi,Comida húmida para cão de pato,Embalagem de 300 g,0.75,2.5,0,kg,€/Kg,,,https://driveimg1.intermarche.com/pt/Content/images/boitmal/produit/zoom/5E1C3741C6F1C995755C2383F4502A9B.jpg,https://driveimg1.intermarche.com/pt/Content/images/boitmal/produit/zoom/4C76F71764FDB9631AA346622B304BFC.jpg,https://driveimg1.intermarche.com/pt/Content/images/boitmal/produit/zoom/4C76F71764FDB9631AA346622B304BFC.jpg,https://driveimg1.intermarche.com/pt/Content/images/boitmal/produit/zoom/4C76F71764FDB9631AA346622B304BFC.jpg,2024-10-23T23:59:59.999999999+01:00,PROSPECTUS,9,4,https://driveimg1.intermarche.com/pt/Content/images/boitmal/produit/zoom/4C76F71764FDB9631AA346622B304BFC.jpg,https://driveimg1.intermarche.com/pt/Content/images/boitmal/produit/zoom/4C76F71764FDB9631AA346622B304BFC.jpg
44796,5601151989531,1000.0,Pepsi,Refrigerante com gás,Garrafa de 1 l,0.99,0.99,1000,L,€/L,,,https://driveimg1.intermarche.com/pt/Content/images/boitmal/produit/zoom/4256D8DEF1202551EDC9626264D69E43.jpg,,,,2024-10-23T23:59:59.999999999+01:00,PROSPECTUS,9,4,,
46729,5054563109743,75.0,Sensodyne,Pasta Dentífrica Branqueadora Sensibilidade e Gengivas,Embalagem de 75 ml,3.95,52.67,75,L,€/L,,,https://driveimg1.intermarche.com/pt/Content/images/boitmal/produit/zoom/BF37E4C9030B80291EBCB54013CB3494.jpg,,,,2024-10-23T23:59:59.999999999+01:00,PROSPECTUS,9,4,,
46771,7613035027022,800.0,Purina One,"Ração para Cão Mini Júnior, 800 g",,4.79,5.99,0,kg,€/Kg,,,https://driveimg1.intermarche.com/pt/Content/images/boitmal/produit/zoom/03D1B33C25D214E2BEDD75DD743BA96E.jpg,,,,2024-10-23T23:59:59.999999999+01:00,PROSPECTUS,9,4,,
49412,5601151969557,600.0,Compal,Sumo 100% Multifrutos,pack 3 x 200 ml,1.43,2.38,600,L,€/L,,,https://driveimg1.intermarche.com/pt/Content/images/boitmal/produit/zoom/06CD2EB788C5BE5243BAD71B7ED2962F.jpg,,,,2024-10-23T23:59:59.999999999+01:00,PROSPECTUS,9,4,,
51625,8445290109613,800.0,Purina One,Ração seca para gato indoor peru,Embalagem de 800g,5.59,6.99,0,kg,€/Kg,,,https://driveimg1.intermarche.com/pt/Content/images/boitmal/produit/zoom/3E44930D3A8B0E84609878732EA65E2F.jpg,,,,2024-10-23T23:59:59.999999999+01:00,PROSPECTUS,9,4,,
540,3222270158428,1500.0,Friskies,Ração para gato adulto de interior,"Embalagem de 1,5 kg",5.84,3.89,0,kg,€/Kg,,,https://driveimg1.intermarche.com/pt/Content/images/boitmal/produit/zoom/BCDF727E4D46513EC6ED2A079BED67ED.jpg,,,,2024-10-23T23:59:59.999999999+01:00,PROSPECTUS,9,4,,
865,5014328028740,16.0,Tetley,Infusão de frutos vermelhos,Embalagem de 20g,1.19,74.38,0,kg,€/Kg,,,https://driveimg1.intermarche.com/pt/Content/images/boitmal/produit/zoom/781EBB6A7EF96D7BE9937F977C0554CF.jpg,,,,2024-10-23T23:59:59.999999999+01:00,PROSPECTUS,9,4,,
10512,8435250439577,232.0,Nestlé,"Iogurte mix-in nesquik,  2 x 115 g",,1.99,8.58,0,kg,€/Kg,,,https://driveimg1.intermarche.com/pt/Content/images/boitmal/produit/zoom/B4A9B3F7F589CA090A23F817C058A787.jpg,,,,2024-10-23T23:59:59.999999999+01:00,PROSPECTUS,9,4,,
1300,5601151653456,1000.0,Compal,Néctar vital equilibrio laranja/maracujá,Embalagem de 1 l,1.49,1.49,1000,L,€/L,,,https://driveimg1.intermarche.com/pt/Content/images/boitmal/produit/zoom/B72DA0E00E4401E56F758040EA223821.jpg,,,,2024-10-23T23:59:59.999999999+01:00,PROSPECTUS,9,4,,
16642,5000116109982,700.0,Iglo,Favas,Embalagem de 700g,2.99,4.27,0,kg,€/Kg,,Tipo de stockagem,https://driveimg1.intermarche.com/pt/Content/images/boitmal/produit/zoom/76340C40D2F5FD6D0A355D8C739DF8C8.jpg,,,,2024-10-23T23:59:59.999999999+01:00,PROSPECTUS,9,4,,
16728,7613034903204,400.0,Cerelac,Leite e cereais pijama +6 meses,Garrafa de 400 ml,2.24,5.6,400,L,€/L,,,https://driveimg1.intermarche.com/pt/Content/images/boitmal/produit/zoom/239F9048DEABC81D470EA8ABD492AED8.jpg,,,,2024-10-23T23:59:59.999999999+01:00,PROSPECTUS,9,4,,
16919,8718951037878,500.0,Ajax,"Limpa vidros cristal recarga, 500 ml",,1.79,3.58,500,L,€/L,,,https://driveimg1.intermarche.com/pt/Content/images/boitmal/produit/zoom/1E01F43019F10371A21CF05D1BC242D7.jpg,,,,2024-10-23T23:59:59.999999999+01:00,PROSPECTUS,9,4,,
17115,5000116110155,640.0,Capitão Iglo,8 hamburguers s/ glúten vaca,Embalagem de 640g,7.49,11.7,0,kg,€/Kg,,Tipo de stockagem,https://driveimg1.intermarche.com/pt/Content/images/boitmal/produit/zoom/51D71CE1CBF4D0AAF556325F4A9852DC.jpg,,,,2024-10-23T23:59:59.999999999+01:00,PROSPECTUS,9,4,,
18084,5601008100539,300.0,Vieira,Bolacha maria doces,Embalagem de 300g,2.09,6.97,0,kg,€/Kg,,,https://driveimg1.intermarche.com/pt/Content/images/boitmal/produit/zoom/06A00706FCB824FD1D60E7F2EE96CD14.jpg,,,,2024-10-23T23:59:59.999999999+01:00,PROSPECTUS,9,4,,
19203,5000116110407,240.0,Capitão Iglo,"Hambúrguer de Frango sem Glúten, 240g",,3.99,16.63,0,kg,€/Kg,,Tipo de stockagem,https://driveimg1.intermarche.com/pt/Content/images/boitmal/produit/zoom/8E9C71461D9DE94DD8515EEFAF78594E.jpg,,,,2024-10-23T23:59:59.999999999+01:00,PROSPECTUS,9,4,,
2369,5606669091783,450.0,Brasmar,Preparado para arroz de marisco,Embalagem de 450 g,4.99,11.09,0,kg,€/Kg,,Tipo de stockagem,https://driveimg1.intermarche.com/pt/Content/images/boitmal/produit/zoom/AAD551CB768CFE2C47B96DF1E367E9F5.jpg,https://driveimg1.intermarche.com/pt/Content/images/boitmal/produit/zoom/3DD300B3850A8A7396BC6133488A6CBF.jpg,,,2024-10-23T23:59:59.999999999+01:00,PROSPECTUS,9,4,,
2415,5609060006608,100.0,Delta,Café solúvel c/ cafeína,Embalagem de 100g,2.99,29.9,0,kg,€/Kg,,,https://driveimg1.intermarche.com/pt/Content/images/boitmal/produit/zoom/4E36A2E9AF2A6A6888AB89D7619B5CC5.jpg,,,,2024-10-23T23:59:59.999999999+01:00,PROSPECTUS,9,4,,
25186,8001090370587,,Evax,Pensos higiénicos liberty super abas,Embalagem com 10 un.,2.79,2.79,0,,€/Unidade,,,https://driveimg1.intermarche.com/pt/Content/images/boitmal/produit/zoom/D9DE4C4FB9CB6944929FDDF1020E333E.jpg,,,,2024-10-23T23:59:59.999999999+01:00,PROSPECTUS,9,4,,
2524,7613033865435,400.0,Cerelac,Leite e cereais bolacha maria +6 meses,Garrafa de 400 ml,2.24,5.6,400,L,€/L,,,https://driveimg1.intermarche.com/pt/Content/images/boitmal/produit/zoom/A1CDEF26262E9F0F53B9CDB400E24B7E.jpg,,,,2024-10-23T23:59:59.999999999+01:00,PROSPECTUS,9,4,,
2525,7613033865848,400.0,Cerelac,Leite e cereais 8 cereais e mel +6 meses,Garrafa de 400 ml,2.24,5.6,400,L,€/L,,,https://driveimg1.intermarche.com/pt/Content/images/boitmal/produit/zoom/C36608AAE7AECA75942A9DED1741C1CD.jpg,,,,2024-10-23T23:59:59.999999999+01:00,PROSPECTUS,9,4,,
2534,7613034155160,400.0,Nestlé,Leite condensado cozido,Embalagem de 400g,2.64,6.6,0,kg,€/Kg,,,https://driveimg1.intermarche.com/pt/Content/images/boitmal/produit/zoom/3AE58658640B39F72817166453F971D6.jpg,,,,2024-10-23T23:59:59.999999999+01:00,PROSPECTUS,9,4,,
26476,5601252115105,250.0,Gallo,Vinagre balsâmico de modena gourmet,Garrafa de 250 ml,2.31,9.24,250,L,€/L,,,https://driveimg1.intermarche.com/pt/Content/images/boitmal/produit/zoom/13194F8798F147A6A089D1E0D94D03CC.jpg,,,,2024-10-23T23:59:59.999999999+01:00,PROSPECTUS,9,4,,
30721,5601883270013,150.0,Nova Açores,Queijo da ilha fatiado,Embalagem de 150g,1.79,11.93,0,kg,€/Kg,,,https://driveimg1.intermarche.com/pt/Content/images/boitmal/produit/zoom/10D73E639C6863D311DF928EA5B5A457.jpg,,,,2024-10-23T23:59:59.999999999+01:00,PROSPECTUS,9,4,,
32391,5601217131317,,Woolite,Detergente Máquina Roupa Liquido Lãs e Sedas,Embalagem de 25 Doses,3.99,3.99,0,,€/Unidade,,,https://driveimg1.intermarche.com/pt/Content/images/boitmal/produit/zoom/FE0D1CB71481296016D84D5B5038EC43.jpg,,,,2024-10-23T23:59:59.999999999+01:00,PROSPECTUS,9,4,,
34373,7622210495716,187.0,Prince,Bolacha mini stars chocolate leite,Embalagem de 187 g,2.09,11.18,0,kg,€/Kg,,,https://driveimg1.intermarche.com/pt/Content/images/boitmal/produit/zoom/85550DCEDB34E4ED87C56697D2F29020.jpg,,,,2024-10-23T23:59:59.999999999+01:00,PROSPECTUS,9,4,,
44048,5054563101846,75.0,Sensodyne,Dentífrico branqueador,Embalagem de 75 ml,2.99,39.87,75,L,€/L,,,https://driveimg1.intermarche.com/pt/Content/images/boitmal/produit/zoom/7B21500470D8763BB41FDC49C18F3355.jpg,,,,2024-10-23T23:59:59.999999999+01:00,PROSPECTUS,9,4,,
44704,5053990155941,175.0,Pringles,Pringles hot & spicy,Embalagem de 175g,2.39,13.66,0,kg,€/Kg,,,https://driveimg1.intermarche.com/pt/Content/images/boitmal/produit/zoom/4E274A9B899E3F171EF5DBCC6BAFC4CB.jpg,https://driveimg1.intermarche.com/pt/Content/images/boitmal/produit/zoom/6928ADB37A9D879D8A1130CADC9B4CD3.jpg,https://driveimg1.intermarche.com/pt/Content/images/boitmal/produit/zoom/6928ADB37A9D879D8A1130CADC9B4CD3.jpg,,2024-10-23T23:59:59.999999999+01:00,PROSPECTUS,9,4,,
44789,5603722514791,480.0,Mimosa,"Iogurte sólido sem lactose multifrutos, 4 x 125 g",,1.89,3.94,0,kg,€/Kg,,,https://driveimg1.intermarche.com/pt/Content/images/boitmal/produit/zoom/AFD577199B3478174C373E88A7AC02B1.jpg,,,,2024-10-23T23:59:59.999999999+01:00,PROSPECTUS,9,4,,
44832,7613287235497,7.0,Cerelac,Nutripuffs de banana 8 meses s/ açúcar,Embalagem de 7g,0.66,94.29,0,kg,€/Kg,,,https://driveimg1.intermarche.com/pt/Content/images/boitmal/produit/zoom/F7F288CA0CC82A4884ED2DCB1285182C.jpg,,,,2024-10-23T23:59:59.999999999+01:00,PROSPECTUS,9,4,,
45032,5054563098795,75.0,Sensodyne,Pasta dentífrica repair&protect,Embalagem de 75 ml,3.49,46.53,75,L,€/L,,,https://driveimg1.intermarche.com/pt/Content/images/boitmal/produit/zoom/1971DE24C5C4B21970E17F4B9857FD14.jpg,,,,2024-10-23T23:59:59.999999999+01:00,PROSPECTUS,9,4,,
46364,8006540213933,1500.0,Fairy,Detergente Líquido p/ Lavar Loiça Jasmim Rosa,"1 Embalagem 1,5L",5.39,3.59,1500,L,€/L,,,https://driveimg1.intermarche.com/pt/Content/images/boitmal/produit/zoom/0847767D3C9A53BBA32C87BDBA59889A.jpg,,,,2024-10-23T23:59:59.999999999+01:00,PROSPECTUS,9,4,,
46632,4005900868619,625.0,Nivea,Loção Corporal Body Milk,Embalagem de 625 ml,7.49,11.98,625,L,€/L,,,https://driveimg1.intermarche.com/pt/Content/images/boitmal/produit/zoom/94C388532E0FB9D1AC93FF442D670E62.jpg,,,,2024-10-23T23:59:59.999999999+01:00,PROSPECTUS,9,4,,
46737,4005900388957,150.0,Nivea Men,Desodorizante spray protect & care,150 ml,2.79,18.6,150,L,€/L,,,https://driveimg1.intermarche.com/pt/Content/images/boitmal/produit/zoom/8EA5F22727C42ED9AFDAD1E445389534.jpg,,,,2024-10-23T23:59:59.999999999+01:00,PROSPECTUS,9,4,,
48018,7613287492111,340.0,Felix,Comida Húmida Gato Seleção do Campo Gelatina,Embalagem de 4 x 85 g,2.09,6.15,0,kg,€/Kg,,,https://driveimg1.intermarche.com/pt/Content/images/boitmal/produit/zoom/673B4AFBE23B5A0B5D56BC331B8F5451.jpg,,,,2024-10-23T23:59:59.999999999+01:00,PROSPECTUS,9,4,,
50537,2693168000000,150.0,Bacalhau,Porção de bacalhau,150 g,2.29,15.27,0,kg,€/Kg,,,https://driveimg1.intermarche.com/pt/Content/images/boitmal/produit/zoom/148D3D67754BE560C44BCFC8C4042B63.jpg,,,,2024-10-23T23:59:59.999999999+01:00,PROSPECTUS,9,4,,
6205,8001480020450,2000.0,Neoblanc,Lixívia Denso-Activa Harmonias Florais p/ Casa e Roupa,Embalagem de 2 l,2.99,1.5,2000,L,€/L,,,https://driveimg1.intermarche.com/pt/Content/images/boitmal/produit/zoom/F41ADE6A8A2E172433A5157F3ABCA9F6.jpg,,,,2024-10-23T23:59:59.999999999+01:00,PROSPECTUS,9,4,,
6208,8001480020580,2000.0,Neoblanc,Lixívia Denso-Activa Tradicional p/ Casa e Roupa,Embalagem de 2 l,2.99,1.5,2000,L,€/L,,,https://driveimg1.intermarche.com/pt/Content/images/boitmal/produit/zoom/E446BACA3D4561303E1F410048645F37.jpg,,,,2024-10-23T23:59:59.999999999+01:00,PROSPECTUS,9,4,,
8414,0000084105554,600.0,Actimel Danone,"Actimel natural, 600g",,2.79,4.65,0,kg,€/Kg,,,https://driveimg1.intermarche.com/pt/Content/images/boitmal/produit/zoom/7A186DC804919831E9938DE43EC05D70.jpg,,,,2024-10-23T23:59:59.999999999+01:00,PROSPECTUS,9,4,,
8438,5601050033816,620.0,Danone,"Iogurte activia líquido frutos silvestres,  4 x 155 g",,1.99,3.21,0,kg,€/Kg,,,https://driveimg1.intermarche.com/pt/Content/images/boitmal/produit/zoom/47CDBF026E044A06DA4E05DE9D7A01E4.jpg,,,,2024-10-23T23:59:59.999999999+01:00,PROSPECTUS,9,4,,
8535,5601119957190,120.0,Campofrio,Peito peru forno lenha fatias finas,Embalagem de 120g,2.39,19.92,0,kg,€/Kg,,,https://driveimg1.intermarche.com/pt/Content/images/boitmal/produit/zoom/3F7CA3E554D26446A53C31E60BAEBF76.jpg,,,,2024-10-23T23:59:59.999999999+01:00,PROSPECTUS,9,4,,
962,5601019012517,210.0,Guloso,Passata de Manjericão e Oregãos,Embalagem de 210g,0.74,3.52,0,kg,€/Kg,,,https://driveimg1.intermarche.com/pt/Content/images/boitmal/produit/zoom/EE291078DA7B0DBA3843A375150D086A.jpg,,,,2024-10-23T23:59:59.999999999+01:00,PROSPECTUS,9,4,,
11505,5601050033793,620.0,Danone,"Iogurte activia líquido kiwi,  4 x 155 g",,1.99,3.21,0,kg,€/Kg,,,https://driveimg1.intermarche.com/pt/Content/images/boitmal/produit/zoom/757255A002BED1AF00FC2ECE09877B17.jpg,,,,2024-10-23T23:59:59.999999999+01:00,PROSPECTUS,9,4,,
14217,7613033174667,160.0,Nescafé,Café em cápsulas dolce gusto galão,Embalagem de 16 cápsulas,4.89,30.56,0,kg,€/Kg,,,https://driveimg1.intermarche.com/pt/Content/images/boitmal/produit/zoom/20D756527B9266C705A8FDA6B25B4816.jpg,,,,2024-10-23T23:59:59.999999999+01:00,PROSPECTUS,9,4,,
14386,5601383025342,235.0,Izidoro,"Salsichas hot dog, frasco",Embalagem de 240g,2.65,11.28,0,kg,€/Kg,,,https://driveimg1.intermarche.com/pt/Content/images/boitmal/produit/zoom/94DAD04980BE384F62A189F01B200F20.jpg,,,,2024-10-23T23:59:59.999999999+01:00,PROSPECTUS,9,4,,
16675,8431890051971,,Polident,Pastilhas de Limpeza Dentífrica Branqueadora,Embalagem com 30 unidades ,3.29,3.29,0,,€/Unidade,,,https://driveimg1.intermarche.com/pt/Content/images/boitmal/produit/zoom/753963B4E640D4EC281201432E756B6A.jpg,,,,2024-10-23T23:59:59.999999999+01:00,PROSPECTUS,9,4,,
17419,5601119243781,110.0,Nobre,Peito de frango fatias finas,Embalagem de 110g,2.39,21.73,0,kg,€/Kg,,,https://driveimg1.intermarche.com/pt/Content/images/boitmal/produit/zoom/4072E19884EA23783C2756624F40B76A.jpg,,,,2024-10-23T23:59:59.999999999+01:00,PROSPECTUS,9,4,,
17893,5601082039817,220.0,Delta Q,Café xl qharacter cápsulas,40 Cápsulas,10.99,49.95,0,kg,€/Kg,,,https://driveimg1.intermarche.com/pt/Content/images/boitmal/produit/zoom/AE88A9B98D43407F51BB06087F668DC5.jpg,,,,2024-10-23T23:59:59.999999999+01:00,PROSPECTUS,9,4,,
