identifier,produitEan13,capacite,marque,libelle,conditionnement,prix,unitPrice,volume,typeProduit_uniteByCode,unit_value,pictogrammes_0,pictogrammes_libelleCategorie,images_0,images_1,images_2,images_3,images_4,images_5,images_6,images_7,avantages_dateFin,avantages_categorie,nro_paginas,page
13866,2891048000000,1000.0,Porco,Bifanas,Vendido ao peso a partir de 1 kg,4.49,4.49,0,,€/Kg,,,https://driveimg1.intermarche.com/pt/Content/images/boitmal/produit/zoom/72DE0DA6B485199AC995C629E3E4D279.jpg,,,,,,,,2025-11-19T23:59:59Z,PROSPECTUS,18,1
929,5601001187803,625.0,Nestlé,"Cereais chocapic, 625 g",,3.49,5.58,0,kg,€/Kg,,,https://driveimg1.intermarche.com/pt/Content/images/boitmal/produit/zoom/8DB31C1F3066D48D593AE11B75516670.jpg,,,,,,,,2025-11-19T23:59:59Z,PROSPECTUS,18,1
1322,5601163011114,5400.0,Luso,"Água sem gás, garrafa de 5,4 l",,1.59,0.29,5400,L,€/L,,,https://driveimg1.intermarche.com/pt/Content/images/boitmal/produit/zoom/AA9320932FF184911C32006B7463EC74.jpg,,,,,,,,2025-11-19T23:59:59Z,PROSPECTUS,18,1
15125,2895006000000,150.0,Terra Nostra,Queijo Flamengo em Barra,1 un = 150 gr (aprox.),1.39,9.29,0,,€/Kg,,,https://driveimg1.intermarche.com/pt/Content/images/boitmal/produit/zoom/BF84618CA37316EE2612494B15F423CC.jpg,,,,,,,,2025-11-19T23:59:59Z,PROSPECTUS,18,1
2097,5604260227181,1000.0,PorSi,"Açúcar granulado, 1kg",,0.95,0.95,0,kg,€/Kg,,,https://driveimg1.intermarche.com/pt/Content/images/boitmal/produit/zoom/0D32002BFE1B22AC2CBBC467080CD257.jpg,,,,,,,,2025-11-19T23:59:59Z,PROSPECTUS,18,1
54321,8718951477957,100.0,Colgate,"Pasta De Dentes Tripla Ação, 100ml",,2.14,21.4,100,L,€/L,,,https://driveimg1.intermarche.com/pt/Content/images/boitmal/produit/zoom/314A8AD6D21192FE5E061EE56C598725.jpg,https://driveimg1.intermarche.com/pt/Content/images/boitmal/produit/zoom/9ADDEB220D16C8DAE54C517CBC09DC55.jpg,https://driveimg1.intermarche.com/pt/Content/images/boitmal/produit/zoom/9ADDEB220D16C8DAE54C517CBC09DC55.jpg,https://driveimg1.intermarche.com/pt/Content/images/boitmal/produit/zoom/9ADDEB220D16C8DAE54C517CBC09DC55.jpg,,,,,2025-11-19T23:59:59Z,PROSPECTUS,18,1
13048,2893561000000,250.0,Marisco,Ameijoa Branca Vietnamita Congelada,Vendido a partir de 250 gr  (aprox.),0.5,1.99,0,,€/Kg,,Avantages !,https://driveimg1.intermarche.com/pt/Content/images/boitmal/produit/zoom/EB1BC296FF41180E6F3E1626AD4F78AA.jpg,,,,,,,,2025-11-19T23:59:59Z,PROSPECTUS,18,1
14038,2696013000000,80.0,Padaria,Bola mistura,1 unidade= 80 g,0.18,2.25,0,kg,€/Kg,,,https://driveimg1.intermarche.com/pt/Content/images/boitmal/produit/zoom/509539D5119FE663643D444B9A3F9D6A.jpg,,,,,,,,2025-11-19T23:59:59Z,PROSPECTUS,18,1
19415,5601028019798,,Renova,"Rolo de cozinha design xxl, 3 rolos",,1.99,1.99,3,,€/Unidade,,,https://driveimg1.intermarche.com/pt/Content/images/boitmal/produit/zoom/9A25E60B9B6B556C2D19CB0AC3EE543B.jpg,,,,,,,,2025-11-19T23:59:59Z,PROSPECTUS,18,1
12906,2892001000000,100.0,Fruta,Clementinas,1 un = 100 gr (aprox.),0.2,1.99,0,,€/Kg,,,https://driveimg1.intermarche.com/pt/Content/images/boitmal/produit/zoom/91DC72E142D597026B000E92136FFB70.jpg,,,,,,,,2025-11-19T23:59:59Z,PROSPECTUS,18,1
18942,5601989950086,750.0,Monte Velho,"Vinho rosé, região do alentejo, garrafa de 0,75 l",,3.99,5.32,750,L,€/L,,,https://driveimg1.intermarche.com/pt/Content/images/boitmal/produit/zoom/492FA643C4A4901779ACEB329DDE602F.jpg,,,,,,,,2025-11-19T23:59:59Z,PROSPECTUS,18,1
2474,7613032408602,85.0,Purina Gourmet,"Comida húmida para gato vaca e frango, embalagem de 90g",,0.74,8.71,0,kg,€/Kg,,,https://driveimg1.intermarche.com/pt/Content/images/boitmal/produit/zoom/571C1A9D6D5EE4C101463565EC0CDDDE.jpg,,,,,,,,2025-11-19T23:59:59Z,PROSPECTUS,18,1
14698,7613034570512,90.0,Nestlé,"Fruta para bebé 4 frutas +4 meses, embalagem de 90g",,0.65,7.22,0,kg,€/Kg,,,https://driveimg1.intermarche.com/pt/Content/images/boitmal/produit/zoom/3717C2AF583A80AD83A765BB8032F767.jpg,,,,,,,,2025-11-19T23:59:59Z,PROSPECTUS,18,1
30414,4015400917304,480.0,Fairy,Detergente Liquido Loiça Original,480 ml,2.54,5.29,480,L,€/L,,,https://driveimg1.intermarche.com/pt/Content/images/boitmal/produit/zoom/BDA62A6B9333A70897E09AEAD0B62BBF.jpg,,,,,,,,2025-11-19T23:59:59Z,PROSPECTUS,18,1
15507,5601050031621,480.0,Danone,"Iogurte activia cremoso coco,  4 x 120 g",,1.99,4.15,0,kg,€/Kg,,,https://driveimg1.intermarche.com/pt/Content/images/boitmal/produit/zoom/C7C13400244FC9F141DCEBAD00E0F9D5.jpg,,,,,,,,2025-11-19T23:59:59Z,PROSPECTUS,18,1
53755,8718951634039,75.0,Colgate,Pasta de Dentes Proteção Total Frescura Activa,Embalagem de 75ml,2.99,39.87,75,L,€/L,,,https://driveimg1.intermarche.com/pt/Content/images/boitmal/produit/zoom/C18F07835F3D6438BB7B0A38CEE057EA.jpg,https://driveimg1.intermarche.com/pt/Content/images/boitmal/produit/zoom/5EFEACF1671EF57A55C08B97CD5A521C.jpg,https://driveimg1.intermarche.com/pt/Content/images/boitmal/produit/zoom/5EFEACF1671EF57A55C08B97CD5A521C.jpg,,,,,,2025-11-19T23:59:59Z,PROSPECTUS,18,1
21767,7613035487871,90.0,Nestlé,"Fruta para bebé multifrutas +4 meses, embalagem de 90g",,0.65,7.22,0,kg,€/Kg,,,https://driveimg1.intermarche.com/pt/Content/images/boitmal/produit/zoom/1B1A7DCEC52C23E2760C4FE3A24A75EE.jpg,,,,,,,,2025-11-19T23:59:59Z,PROSPECTUS,18,1
13523,2893515000000,250.0,Peixaria,Lula Congelada,1 un= 250 gr (aprox.),1.25,4.99,0,,€/Kg,,Avantages !,https://driveimg1.intermarche.com/pt/Content/images/boitmal/produit/zoom/B2B7BBDC4CDC3C912C9CD2FEC6D3B682.jpg,,,,,,,,2025-11-19T23:59:59Z,PROSPECTUS,18,1
10095,8435257040899,640.0,Nestlé,"Iogurte líquido yoggi morango, embalagem de 4 x 160g",,1.99,3.11,0,kg,€/Kg,,,https://driveimg1.intermarche.com/pt/Content/images/boitmal/produit/zoom/BCBB1C4518CDF8045B46EB41CD173E54.jpg,,,,,,,,2025-11-19T23:59:59Z,PROSPECTUS,18,1
282,0000080361497,85.0,Purina Gourmet,"Comida húmida para gato pedacinhos em molho com salmão, embalagem de 90g",,0.74,8.71,0,kg,€/Kg,,,https://driveimg1.intermarche.com/pt/Content/images/boitmal/produit/zoom/F3269BDBEA9617D986C45DC8EC354AB3.jpg,,,,,,,,2025-11-19T23:59:59Z,PROSPECTUS,18,1
44956,2696878000000,,Padaria,Bola de mistura centeio Baviera,90 g,0.2,0.2,0,,€/Unidade,,,https://driveimg1.intermarche.com/pt/Content/images/boitmal/produit/zoom/09DB4B39AC0AAE5D11E868A906EFB364.jpg,,,,,,,,2025-11-19T23:59:59Z,PROSPECTUS,18,1
12909,2892005000000,250.0,Fruta,Laranja Económica,1 un = 250 gr  (aprox.),0.35,1.39,0,,€/Kg,,,https://driveimg1.intermarche.com/pt/Content/images/boitmal/produit/zoom/67E13FD34B36BCD37E12339EB836171D.jpg,,,,,,,,2025-11-19T23:59:59Z,PROSPECTUS,18,1
34115,5010504100095,700.0,Cutty Sark,Whisky,Garrafa de 700 ml,12.69,18.13,700,L,€/L,,,https://driveimg1.intermarche.com/pt/Content/images/boitmal/produit/zoom/2BC314804C41B6E623B4ADD6D620E800.jpg,,,,,,,,2025-12-24T23:59:59Z,PROSPECTUS,18,1
13914,2891225000000,350.0,Frango,Perna com Costa,1 un. = 300 g (aprox.),0.87,2.49,0,,€/Kg,,,https://driveimg1.intermarche.com/pt/Content/images/boitmal/produit/zoom/D1297D1CD095629263E582A65B4C3857.jpg,,,,,,,,2025-11-19T23:59:59Z,PROSPECTUS,18,1
15161,5604260274246,1000.0,PorSi,Cenouras Programa Origens,Embalagem de 1 kg,0.89,0.89,0,kg,€/Kg,,,https://driveimg1.intermarche.com/pt/Content/images/boitmal/produit/zoom/558C3AC1450C10C8B2395D06441C5423.jpg,,,,,,,,2025-11-19T23:59:59Z,PROSPECTUS,18,1
8383,5601049132995,1000.0,Mimosa,"Leite uht meio gordo, embalagem de 1litro",,0.89,0.89,1000,L,€/L,,,https://driveimg1.intermarche.com/pt/Content/images/boitmal/produit/zoom/6FB52C843F677BD37D399D45BB10B38B.jpg,https://driveimg1.intermarche.com/pt/Content/images/boitmal/produit/zoom/AE810093A08CEBD60415DCC626CF5804.jpg,https://driveimg1.intermarche.com/pt/Content/images/boitmal/produit/zoom/A0562293538F541B1B99592AA046327B.jpg,,,,,,2025-11-19T23:59:59Z,PROSPECTUS,18,1
13934,2891062000000,250.0,Porco,Rojões,1 un = 250 gr  (aprox.),1.12,4.49,0,,€/Kg,,,https://driveimg1.intermarche.com/pt/Content/images/boitmal/produit/zoom/925F2FDC1F925A7FD71EE6165315B22E.jpg,,,,,,,,2025-11-19T23:59:59Z,PROSPECTUS,18,1
34877,5604260285464,1500.0,PorSi,Maçã royal gala categoria II Programa Origens,Embalagem de 1.5 kg,1.69,1.13,0,kg,€/Kg,,,https://driveimg1.intermarche.com/pt/Content/images/boitmal/produit/zoom/F091E3663EBAE6E7A8981702DFBCC609.jpg,,,,,,,,2025-11-19T23:59:59Z,PROSPECTUS,18,1
37515,5604260294367,1000.0,PorSi,Arroz Agulha Europa 1000g,,1.19,1.19,0,kg,€/Kg,,,https://driveimg1.intermarche.com/pt/Content/images/boitmal/produit/zoom/3AE7BF941A236F6D331254BF58EBAFEF.jpg,,,,,,,,2025-11-19T23:59:59Z,PROSPECTUS,18,1
46714,5604260318742,,PorSi,Papel Higiénico Branco 3 Folhas 12 Rolos,,3.39,3.39,0,,€/Unidade,,,https://driveimg1.intermarche.com/pt/Content/images/boitmal/produit/zoom/302F6B4FE48393BA7E5D666ED55E249B.jpg,,,,,,,,2025-11-19T23:59:59Z,PROSPECTUS,18,1
34239,5604260285495,1500.0,PorSi,Pera rocha categoria II Programa Origens,Embalagem de 1.5 kg,2.49,1.66,0,kg,€/Kg,,,https://driveimg1.intermarche.com/pt/Content/images/boitmal/produit/zoom/F6E3096BF97BB2633EACD15A32FEACF7.jpg,https://driveimg1.intermarche.com/pt/Content/images/boitmal/produit/zoom/11ABC193A8AF1413E11E1849F00D2775.jpg,,,,,,,2025-11-19T23:59:59Z,PROSPECTUS,18,1
9691,5604260270613,500.0,PorSi,Queijo Flamengo Fatiado 500g,,3.99,7.98,0,kg,€/Kg,,,https://driveimg1.intermarche.com/pt/Content/images/boitmal/produit/zoom/C8998B7CDC65CD8030539E0414C45C30.jpg,,,,,,,,2025-11-19T23:59:59Z,PROSPECTUS,18,1
24921,5604260281855,500.0,PorSi,Massa Espirais Tricolores 500g,,0.79,1.58,0,kg,€/Kg,,,https://driveimg1.intermarche.com/pt/Content/images/boitmal/produit/zoom/5CE58905BD4CA1FD470803CD9B488D04.jpg,,,,,,,,2025-11-19T23:59:59Z,PROSPECTUS,18,1
5926,5604260256907,2000.0,PorSi,Lava Tudo Perfumado Lavanda,,0.99,0.5,2000,L,€/L,,,https://driveimg1.intermarche.com/pt/Content/images/boitmal/produit/zoom/01DD4B6F1EC514CE87AE4FA32F6F195B.jpg,,,,,,,,2025-11-19T23:59:59Z,PROSPECTUS,18,1
13781,2892323000000,250.0,Fruta,Uva Red Globe,1 un = 250 gr  (aprox.),0.57,2.29,0,,€/Kg,,,https://driveimg1.intermarche.com/pt/Content/images/boitmal/produit/zoom/0CB9D5C0FE47F5D642EA2D42574AAC35.jpg,,,,,,,,2025-11-19T23:59:59Z,PROSPECTUS,18,1
18296,5604260278428,640.0,PorSi,Iogurte Líquido Piña Colada 4x160g,,1.29,2.02,0,kg,€/Kg,,,https://driveimg1.intermarche.com/pt/Content/images/boitmal/produit/zoom/5A721600651A4B2D8315117682047D7D.jpg,,,,,,,,2025-11-19T23:59:59Z,PROSPECTUS,18,1
36253,5604260290246,200.0,PorSi,Nata Uht Light para Culinária 200ml,,0.79,3.95,200,L,€/L,,,https://driveimg1.intermarche.com/pt/Content/images/boitmal/produit/zoom/74793DCDE44A2C870A0969856DFE2B90.jpg,,,,,,,,2025-11-19T23:59:59Z,PROSPECTUS,18,1
36774,5604260300686,640.0,PorSi,Iogurte Líquido Stracciatella 4x160g,,1.29,2.02,0,kg,€/Kg,,,https://driveimg1.intermarche.com/pt/Content/images/boitmal/produit/zoom/C2FFBE33474D478DB26278409ED4B240.jpg,,,,,,,,2025-11-19T23:59:59Z,PROSPECTUS,18,1
42776,5604260304714,200.0,PorSi,Fiambre da Pá Fatiado 200g,,1.59,7.95,0,kg,€/Kg,,,https://driveimg1.intermarche.com/pt/Content/images/boitmal/produit/zoom/96696B16BD79A06D0941D803193430BB.jpg,https://driveimg1.intermarche.com/pt/Content/images/boitmal/produit/zoom/4BF6C4B7F27D2FA729AB427C5AFC4D32.jpg,https://driveimg1.intermarche.com/pt/Content/images/boitmal/produit/zoom/4BF6C4B7F27D2FA729AB427C5AFC4D32.jpg,https://driveimg1.intermarche.com/pt/Content/images/boitmal/produit/zoom/4BF6C4B7F27D2FA729AB427C5AFC4D32.jpg,https://driveimg1.intermarche.com/pt/Content/images/boitmal/produit/zoom/4BF6C4B7F27D2FA729AB427C5AFC4D32.jpg,https://driveimg1.intermarche.com/pt/Content/images/boitmal/produit/zoom/4BF6C4B7F27D2FA729AB427C5AFC4D32.jpg,https://driveimg1.intermarche.com/pt/Content/images/boitmal/produit/zoom/4BF6C4B7F27D2FA729AB427C5AFC4D32.jpg,https://driveimg1.intermarche.com/pt/Content/images/boitmal/produit/zoom/4BF6C4B7F27D2FA729AB427C5AFC4D32.jpg,2025-11-19T23:59:59Z,PROSPECTUS,18,1
49539,5604260310494,200.0,PorSi,Miolo Camarão 40/60 200g,,3.49,17.45,0,kg,€/Kg,,Tipo de stockagem,https://driveimg1.intermarche.com/pt/Content/images/boitmal/produit/zoom/3A036B005A101B484065D523FC40EFC8.jpg,,,,,,,,2025-11-19T23:59:59Z,PROSPECTUS,18,1
9631,5604260265466,250.0,PorSi,Manteiga Dos Açores com Sal 250g,,2.09,8.36,0,kg,€/Kg,,,https://driveimg1.intermarche.com/pt/Content/images/boitmal/produit/zoom/908BF5FCA04D5A1AA86D3F2B5E9CD434.jpg,,,,,,,,2025-11-19T23:59:59Z,PROSPECTUS,18,1
13893,2891043000000,1000.0,Porco,Entrecosto,Vendido ao peso a partir de 1 kg,6.29,6.29,0,,€/Kg,,,https://driveimg1.intermarche.com/pt/Content/images/boitmal/produit/zoom/AA05EE99D302D59771FCC108473E0700.jpg,,,,,,,,2025-11-19T23:59:59Z,PROSPECTUS,18,1
35490,5604260285273,1000.0,Porsi Vivabem,Leite Uht Magro sem Lactose 1l,,1.0,1.0,1000,L,€/L,,,https://driveimg1.intermarche.com/pt/Content/images/boitmal/produit/zoom/C0D8FEA6733802713556DC723A8C1BA7.jpg,,,,,,,,2025-11-19T23:59:59Z,PROSPECTUS,18,1
9727,5604260273058,200.0,PorSi,Queijo Mozzarela Ralado 200g,,1.59,7.95,0,kg,€/Kg,,,https://driveimg1.intermarche.com/pt/Content/images/boitmal/produit/zoom/87A294803531F1557BAF63F77686243B.jpg,,,,,,,,2025-11-19T23:59:59Z,PROSPECTUS,18,1
12888,2892090000000,500.0,Fruta,Manga Avião,1 un=500 gr (aprox.),1.95,3.89,0,,€/Kg,,,https://driveimg1.intermarche.com/pt/Content/images/boitmal/produit/zoom/A3E5B8447376E0E91C2C4BB7B1444B76.jpg,https://driveimg1.intermarche.com/pt/Content/images/boitmal/produit/zoom/842EA0C904154D230A3A6F63A245D264.jpg,,,,,,,2025-11-19T23:59:59Z,PROSPECTUS,18,1
13818,2892584000000,250.0,Legumes,Pimento Vermelho,1 un=250 gr (aprox.),0.55,2.19,0,,€/Kg,,,https://driveimg1.intermarche.com/pt/Content/images/boitmal/produit/zoom/F76C07448A59E6639379639A64EE2C63.jpg,,,,,,,,2025-11-19T23:59:59Z,PROSPECTUS,18,1
28607,5604260278442,640.0,PorSi,Iogurte Líquido Morango e Banana 4x160g,,1.29,2.02,0,kg,€/Kg,,,https://driveimg1.intermarche.com/pt/Content/images/boitmal/produit/zoom/8E84CA7EC8158108F2EF2A62514FF897.jpg,,,,,,,,2025-11-19T23:59:59Z,PROSPECTUS,18,1
28608,5604260282821,640.0,PorSi,Iogurte Líquido Frutos Tropicais 4x160g,,1.29,2.02,0,kg,€/Kg,,,https://driveimg1.intermarche.com/pt/Content/images/boitmal/produit/zoom/B152BCFD6AE7E62A7FDFE1104F2B5961.jpg,,,,,,,,2025-11-19T23:59:59Z,PROSPECTUS,18,1
34876,5604260285488,1500.0,PorSi,Maçã starking categoria II Programa Origens,Embalagem de 1.5 kg,1.69,1.13,0,kg,€/Kg,,,https://driveimg1.intermarche.com/pt/Content/images/boitmal/produit/zoom/AA6B73374DD1E7B1436CB2F99D3B721B.jpg,,,,,,,,2025-11-19T23:59:59Z,PROSPECTUS,18,1
49554,5604260323661,,PorSi,Toalhitas Bebe Rec Agilidade 4x72,Embalagem de 4 x 72 unidades,3.19,3.19,0,,€/Unidade,,,https://driveimg1.intermarche.com/pt/Content/images/boitmal/produit/zoom/A55A5882013405A1E736BD7B20EAB60C.jpg,,,,,,,,2025-11-19T23:59:59Z,PROSPECTUS,18,1
52774,5604260329748,630.0,PorSi,Polpa Tomate Tetra 3x210g,,1.49,2.37,0,kg,€/Kg,,,https://driveimg1.intermarche.com/pt/Content/images/boitmal/produit/zoom/9D676468F00FF559F0BECC7FC3D16CCA.jpg,,,,,,,,2025-11-19T23:59:59Z,PROSPECTUS,18,1
9292,5603722493812,250.0,Matinal,"Manteiga magra, embalagem de 250g",,2.49,9.96,0,kg,€/Kg,,,https://driveimg1.intermarche.com/pt/Content/images/boitmal/produit/zoom/AA91DFCE88DA98DA1BB05E606B3C1FF9.jpg,,,,,,,,2025-11-19T23:59:59Z,PROSPECTUS,18,1
18298,5604260278459,640.0,PorSi,Iogurte Líquido Morango 4x160g,,1.29,2.02,0,kg,€/Kg,,,https://driveimg1.intermarche.com/pt/Content/images/boitmal/produit/zoom/BE51EE5E15324D84DD1CD633B09B61D4.jpg,,,,,,,,2025-11-19T23:59:59Z,PROSPECTUS,18,1
2265,5604260269853,175.0,PorSi,Batatas Fritas Lisas Receita Camponesa 175g,,1.18,6.74,0,kg,€/Kg,,,https://driveimg1.intermarche.com/pt/Content/images/boitmal/produit/zoom/447E18276F99BABAF787DD69D7608562.jpg,,,,,,,,2025-11-19T23:59:59Z,PROSPECTUS,18,1
35489,5604260285266,1000.0,Porsi Vivabem,Leite Uht Meio-gordo sem Lactose 1l,,1.0,1.0,1000,L,€/L,,,https://driveimg1.intermarche.com/pt/Content/images/boitmal/produit/zoom/C75C157CAE99A5A835DA383E6173404B.jpg,,,,,,,,2025-11-19T23:59:59Z,PROSPECTUS,18,1
37421,5604260290222,200.0,PorSi,Nata Uht para Bater 200ml,,0.83,4.15,200,L,€/L,,,https://driveimg1.intermarche.com/pt/Content/images/boitmal/produit/zoom/CA639A4F29FBE6D71D02CD3BC30863EF.jpg,,,,,,,,2025-11-19T23:59:59Z,PROSPECTUS,18,1
40514,5604260302321,2000.0,PorSi,Ice Tea Pêssego 2l,,1.19,0.6,2000,L,€/L,,,https://driveimg1.intermarche.com/pt/Content/images/boitmal/produit/zoom/119C3CB73CD40DA468E2E6CBB1420B8C.jpg,,,,,,,,2025-11-19T23:59:59Z,PROSPECTUS,18,1
40654,5604260295708,,PorSi,Porsi 10 Sacos de Lixo com Fecho 50l,,1.04,1.04,0,,€/Unidade,,,https://driveimg1.intermarche.com/pt/Content/images/boitmal/produit/zoom/26D085B0AD6F18827C0DB222DE504A7D.jpg,,,,,,,,2025-11-19T23:59:59Z,PROSPECTUS,18,1
45212,5604260313440,,PorSi,Toalhitas Bebé Rec Basic X72,Embalagem de 72 unidades,0.89,0.89,0,,€/Unidade,,,https://driveimg1.intermarche.com/pt/Content/images/boitmal/produit/zoom/2A8840C4D3591A0FCF0D30701819AA3F.jpg,,,,,,,,2025-11-19T23:59:59Z,PROSPECTUS,18,1
47005,5604260315154,140.0,PorSi,Iogurte Bicompartimentado com Drageias Coloridas 140g,,0.58,4.14,0,kg,€/Kg,,,https://driveimg1.intermarche.com/pt/Content/images/boitmal/produit/zoom/E508BCBD83036F362863D6F44BCBDFC1.jpg,,,,,,,,2025-11-19T23:59:59Z,PROSPECTUS,18,1
48138,5604260323302,2000.0,PorSi,Amaciador Roupa Concentrado Spa 80d,,1.65,0.83,2000,L,€/L,,,https://driveimg1.intermarche.com/pt/Content/images/boitmal/produit/zoom/B55A72265AD19CED3CBED903155DF619.jpg,,,,,,,,2025-11-19T23:59:59Z,PROSPECTUS,18,1
11967,5601049612336,250.0,Mimosa,"Manteiga com sal, embalagem de 250g",,2.19,8.76,0,kg,€/Kg,,,https://driveimg1.intermarche.com/pt/Content/images/boitmal/produit/zoom/2C2D066D904F137421CA4F472DC07738.jpg,https://driveimg1.intermarche.com/pt/Content/images/boitmal/produit/zoom/B59AE74FD0DBE6C3112F001AFF69E867.jpg,https://driveimg1.intermarche.com/pt/Content/images/boitmal/produit/zoom/BB9196C3025886DBB6F20EDD70A1CA7A.jpg,,,,,,2025-11-19T23:59:59Z,PROSPECTUS,18,1
1819,5604260031634,150.0,PorSi,Bolacha Starchip Originais 150g,,1.19,7.93,0,kg,€/Kg,,,https://driveimg1.intermarche.com/pt/Content/images/boitmal/produit/zoom/CABC3D20B1CC9C514379C2FAC0BED85E.jpg,,,,,,,,2025-11-19T23:59:59Z,PROSPECTUS,18,1
18864,5604260280506,500.0,PorSi,Iogurte Tipo Grego Stracciatella 4x125g,,1.79,3.58,0,kg,€/Kg,,,https://driveimg1.intermarche.com/pt/Content/images/boitmal/produit/zoom/334F1D6FB360E4136373288319BA5409.jpg,,,,,,,,2025-11-19T23:59:59Z,PROSPECTUS,18,1
35132,5604260292691,400.0,PorSi,Preparado de Carne de Novilho 400 G,,5.58,13.95,0,kg,€/Kg,,,https://driveimg1.intermarche.com/pt/Content/images/boitmal/produit/zoom/FA237A273D27DEFFCEE4206F1593AE11.jpg,,,,,,,,2025-11-19T23:59:59Z,PROSPECTUS,18,1
37981,5604260295760,,PorSi,Porsi - Saco Lixo Ff Perfumado 650x700 50l,,1.7,1.7,0,,€/Unidade,,,https://driveimg1.intermarche.com/pt/Content/images/boitmal/produit/zoom/87BB39A7028A7AC67136CE76F8517017.jpg,,,,,,,,2025-11-19T23:59:59Z,PROSPECTUS,18,1
40491,5604260295753,,PorSi,Porsi - Saco Lixo Ff Perfumado 500x600 30l,,1.07,1.07,0,,€/Unidade,,,https://driveimg1.intermarche.com/pt/Content/images/boitmal/produit/zoom/DFBB530640691593E7F39F828433DED1.jpg,,,,,,,,2025-11-19T23:59:59Z,PROSPECTUS,18,1
40605,5604260302338,2000.0,PorSi,Ice Tea Limão 2l,,1.19,0.6,2000,L,€/L,,,https://driveimg1.intermarche.com/pt/Content/images/boitmal/produit/zoom/34868D91A34DD60975E3414B525E31CF.jpg,,,,,,,,2025-11-19T23:59:59Z,PROSPECTUS,18,1
56395,5604260334636,640.0,Porsi Vivabem,Iogurte Líquido Magro Piña Colada 4x160g,,1.35,2.11,0,kg,€/Kg,,,https://driveimg1.intermarche.com/pt/Content/images/boitmal/produit/zoom/56E2584E43311EB3153172BA46A745DF.jpg,,,,,,,,2025-11-19T23:59:59Z,PROSPECTUS,18,1
13897,2891053000000,1000.0,Porco,Lombo sem Osso,Vendido ao peso a partir de 1 kg,5.29,5.29,0,,€/Kg,,,https://driveimg1.intermarche.com/pt/Content/images/boitmal/produit/zoom/415564DA70574ED3C1D7475F1F28BDB6.jpg,,,,,,,,2025-11-19T23:59:59Z,PROSPECTUS,18,1
14726,8711100080060,400.0,Maizena,"Farinha, embalagem de 400g",,1.64,4.1,0,kg,€/Kg,,,https://driveimg1.intermarche.com/pt/Content/images/boitmal/produit/zoom/510CA0D1320DDBD17C988D55861FD3B8.jpg,,,,,,,,2025-11-19T23:59:59Z,PROSPECTUS,18,1
17827,5603344531022,110.0,General,Atum posta em óleo,Embalagem de 110g,0.99,9.0,0,kg,€/Kg,,,https://driveimg1.intermarche.com/pt/Content/images/boitmal/produit/zoom/6CF8780AD6CFF5E4D2703538338330A5.jpg,,,,,,,,2025-11-19T23:59:59Z,PROSPECTUS,18,1
1844,5604260035847,185.0,PorSi,Batatas Fritas Onduladas Sabor a Presunto 185g,,1.25,6.76,0,kg,€/Kg,,,https://driveimg1.intermarche.com/pt/Content/images/boitmal/produit/zoom/29D2C600CBA2711F31E4BCBC05A9C865.jpg,,,,,,,,2025-11-19T23:59:59Z,PROSPECTUS,18,1
19447,5604260278473,640.0,PorSi,Iogurte Líquido Frutos Vermelhos 4x160g,,1.29,2.02,0,kg,€/Kg,,,https://driveimg1.intermarche.com/pt/Content/images/boitmal/produit/zoom/8581A11FFE819B3D2A07520BA73EC4AF.jpg,,,,,,,,2025-11-19T23:59:59Z,PROSPECTUS,18,1
20939,5602125000344,300.0,Legumes,Cogumelo Portobello Pequeno,embalagem de 300 g,1.39,4.63,0,kg,€/Kg,,,https://driveimg1.intermarche.com/pt/Content/images/boitmal/produit/zoom/498EFA86C0C334205FFF2827730CD254.jpg,,,,,,,,2025-11-19T23:59:59Z,PROSPECTUS,18,1
2309,5604260271801,2000.0,PorSi,Cola Zero 2l,,0.79,0.4,2000,L,€/L,,,https://driveimg1.intermarche.com/pt/Content/images/boitmal/produit/zoom/B3B2D30749328B98E0A5409203C1AF4C.jpg,,,,,,,,2025-11-19T23:59:59Z,PROSPECTUS,18,1
23590,5603722514142,1600.0,Agros,"Leite com chocolate, embalagem de 8x200 ml",,2.96,1.85,1600,L,€/L,,,https://driveimg1.intermarche.com/pt/Content/images/boitmal/produit/zoom/4B07C2A65AC5D9D66E12210391EDB136.jpg,,,,,,,,2025-11-19T23:59:59Z,PROSPECTUS,18,1
35138,5603722517655,960.0,Mimosa,"Iogurte sólido aroma morango, ananás e banana, 8 x 120 g",,1.89,1.97,0,kg,€/Kg,,,https://driveimg1.intermarche.com/pt/Content/images/boitmal/produit/zoom/7070B93AC2DB23DCF61734D801E40E6D.jpg,,,,,,,,2025-11-19T23:59:59Z,PROSPECTUS,18,1
48040,5604260320615,640.0,Porsi Vivabem,Iogurte Líquido Magro Frutos Vermelhos 4x160g,,1.29,2.02,0,kg,€/Kg,,,https://driveimg1.intermarche.com/pt/Content/images/boitmal/produit/zoom/A4279AEF35ED360CFDE5A7B8499B9C67.jpg,https://driveimg1.intermarche.com/pt/Content/images/boitmal/produit/zoom/8BCFC316C76164C4EB30E1CA8663C5AA.jpg,,,,,,,2025-11-19T23:59:59Z,PROSPECTUS,18,1
48041,5604260323234,280.0,PorSi,Pães de Leite,,1.09,3.89,0,kg,€/Kg,,,https://driveimg1.intermarche.com/pt/Content/images/boitmal/produit/zoom/7DB0C5DD2CD83D23CD79D8EFFE845817.jpg,,,,,,,,2025-11-19T23:59:59Z,PROSPECTUS,18,1
48862,5604260320592,640.0,Porsi Vivabem,Iogurte Líquido Magro Morango 4x160g,,1.35,2.11,0,kg,€/Kg,,,https://driveimg1.intermarche.com/pt/Content/images/boitmal/produit/zoom/7A77D9267199C24CFF08CB3E2AFF1971.jpg,,,,,,,,2025-11-19T23:59:59Z,PROSPECTUS,18,1
56170,5604260336876,270.0,PorSi,Brioche Pepitas Chocolate 270 G,,1.89,7.0,0,kg,€/Kg,,,https://driveimg1.intermarche.com/pt/Content/images/boitmal/produit/zoom/7056EAEA0C151A8A4D8636B137F33377.jpg,,,,,,,,2025-11-19T23:59:59Z,PROSPECTUS,18,1
56236,5604260331048,350.0,PorSi,Pães de Leite 10 Unidades 350 G,,1.99,5.69,0,kg,€/Kg,,,https://driveimg1.intermarche.com/pt/Content/images/boitmal/produit/zoom/86CB49E147FB43FF4436F9B57DEBD6C2.jpg,,,,,,,,2025-11-19T23:59:59Z,PROSPECTUS,18,1
56253,5604260337460,150.0,PorSi,Batatas Fritas Onduladas com Sabor a Mel e Mostarda 150g,,1.49,9.93,0,kg,€/Kg,,,https://driveimg1.intermarche.com/pt/Content/images/boitmal/produit/zoom/C6C0BCC7F09323B008FD6E4D3A34617D.jpg,,,,,,,,2025-11-19T23:59:59Z,PROSPECTUS,18,1
8384,5601049133992,1000.0,Mimosa,"Leite uht magro, embalagem de 1litro",,0.89,0.89,1000,L,€/L,,,https://driveimg1.intermarche.com/pt/Content/images/boitmal/produit/zoom/128AB814EBA9C0783B386EB2E0A38CC9.jpg,https://driveimg1.intermarche.com/pt/Content/images/boitmal/produit/zoom/8C350978140C257D0AAD7365CD133F0C.jpg,https://driveimg1.intermarche.com/pt/Content/images/boitmal/produit/zoom/B9BED9F397071733FB4D36CBE39ECDBA.jpg,,,,,,2025-11-19T23:59:59Z,PROSPECTUS,18,1
10094,8435257040776,640.0,Nestlé,"Iogurte líquido yoggi banana, embalagem de 4 x 160 g",,1.99,3.11,0,kg,€/Kg,,,https://driveimg1.intermarche.com/pt/Content/images/boitmal/produit/zoom/6885FCEF2FEF4752D565E64A3BDEE242.jpg,,,,,,,,2025-11-19T23:59:59Z,PROSPECTUS,18,1
1195,5601119230224,650.0,Nobre,"Salsichas extra suculentas, frasco de 650 g",,2.23,3.43,0,kg,€/Kg,,,https://driveimg1.intermarche.com/pt/Content/images/boitmal/produit/zoom/F74C2FC7C8B9C0B3ED0E43FFE3B59991.jpg,,,,,,,,2025-11-19T23:59:59Z,PROSPECTUS,18,1
11961,5603722505607,1000.0,Mimosa,"Leite sem lactose meio gordo, de 1l",,1.15,1.15,1000,L,€/L,,,https://driveimg1.intermarche.com/pt/Content/images/boitmal/produit/zoom/A98ED8A0E5E675A3AC1A551BCE75B0AB.jpg,https://driveimg1.intermarche.com/pt/Content/images/boitmal/produit/zoom/4E57BFE09E8D859BDBE1705476BB9F1B.jpg,https://driveimg1.intermarche.com/pt/Content/images/boitmal/produit/zoom/E1F70144AAFCC0EAEBFF05614177D009.jpg,,,,,,2025-11-19T23:59:59Z,PROSPECTUS,18,1
12046,5604260104116,500.0,PorSi,Molho Bechamel 500ml,,1.69,3.38,500,L,€/L,,,https://driveimg1.intermarche.com/pt/Content/images/boitmal/produit/zoom/B291394A8F64F4ED834F032F124A988C.jpg,,,,,,,,2025-11-19T23:59:59Z,PROSPECTUS,18,1
1296,5601151543306,1000.0,Compal,"Néctar de pêra, embalagem de 1l",,1.49,1.49,1000,L,€/L,,,https://driveimg1.intermarche.com/pt/Content/images/boitmal/produit/zoom/20D6CCFACD44697943FB8CAF67B7E4F5.jpg,,,,,,,,2025-11-19T23:59:59Z,PROSPECTUS,18,1
13625,2893620000000,300.0,Peixaria,Salmão de viveiro à posta,1 un. = 300 g (aprox.),3.6,11.99,0,,€/Kg,,,https://driveimg1.intermarche.com/pt/Content/images/boitmal/produit/zoom/A170DAF9DE78983CFA7E8DD1EFE6A371.jpg,,,,,,,,2025-11-19T23:59:59Z,PROSPECTUS,18,1
13821,2892597000000,200.0,Legumes,Tomate Cacho,1 un = 200 gr (aprox.),0.3,1.49,0,,€/Kg,,,https://driveimg1.intermarche.com/pt/Content/images/boitmal/produit/zoom/FD67F77AFAB450B6A4FA38E0279E6686.jpg,,,,,,,,2025-11-19T23:59:59Z,PROSPECTUS,18,1
16427,5604260277407,2000.0,PorSi,Lixívia Delicada 2l,,1.19,0.6,2000,L,€/L,,,https://driveimg1.intermarche.com/pt/Content/images/boitmal/produit/zoom/04D235A82CA5C93C045F731FF2ACAE42.jpg,,,,,,,,2025-11-19T23:59:59Z,PROSPECTUS,18,1
17189,5603344531107,110.0,General,"Atum em posta, em azeite, embalagem de 110g",,1.49,13.55,0,kg,€/Kg,,,https://driveimg1.intermarche.com/pt/Content/images/boitmal/produit/zoom/9B578FD57DAE66EA731A200412CF6D79.jpg,,,,,,,,2025-11-19T23:59:59Z,PROSPECTUS,18,1
17229,5602125000160,300.0,Legumes,"Cogumelo branco, embalagem de 300g",,1.25,4.17,0,kg,€/Kg,,,https://driveimg1.intermarche.com/pt/Content/images/boitmal/produit/zoom/66BAD1DC458E812967002A5594A14E2C.jpg,,,,,,,,2025-11-19T23:59:59Z,PROSPECTUS,18,1
2004,5604260095483,250.0,PorSi Select,Vinagre Balsâmico de Modena 250ml,,1.25,5.0,250,L,€/L,,,https://driveimg1.intermarche.com/pt/Content/images/boitmal/produit/zoom/8CCAF5050BAB206C331B17751AD5E5E3.jpg,,,,,,,,2025-11-19T23:59:59Z,PROSPECTUS,18,1
2403,5608543000072,20.0,Tetley,"Chá de mel, limão e ginseng",Embalagem de 20g,0.94,47.0,0,kg,€/Kg,,,https://driveimg1.intermarche.com/pt/Content/images/boitmal/produit/zoom/9B1217457C8CB66C8447C64453800613.jpg,,,,,,,,2025-11-19T23:59:59Z,PROSPECTUS,18,1
34875,5604260285457,1500.0,PorSi,Maçã golden categoria II Programa Origens,Embalagem de 1.5 kg,1.69,1.13,0,kg,€/Kg,,,https://driveimg1.intermarche.com/pt/Content/images/boitmal/produit/zoom/56695A5FACFB945E46B511CB21214202.jpg,,,,,,,,2025-11-19T23:59:59Z,PROSPECTUS,18,1
36711,5604260294862,200.0,PorSi,Queijo Edam Fatiado 200g,,1.68,8.4,0,kg,€/Kg,,,https://driveimg1.intermarche.com/pt/Content/images/boitmal/produit/zoom/46DECF3B546FE1C267F5C56013613756.jpg,,,,,,,,2025-11-19T23:59:59Z,PROSPECTUS,18,1
405,8712566410910,275.0,Calvé,"Ketchup, embalagem de 275g",,1.48,5.38,0,kg,€/Kg,,,https://driveimg1.intermarche.com/pt/Content/images/boitmal/produit/zoom/9E63EED4B27A252289B8979C188F5B40.jpg,https://driveimg1.intermarche.com/pt/Content/images/boitmal/produit/zoom/0D7B165FF00CA45BD8F6AC077E3CA1EC.jpg,https://driveimg1.intermarche.com/pt/Content/images/boitmal/produit/zoom/0D7B165FF00CA45BD8F6AC077E3CA1EC.jpg,https://driveimg1.intermarche.com/pt/Content/images/boitmal/produit/zoom/0D7B165FF00CA45BD8F6AC077E3CA1EC.jpg,,,,,2025-11-19T23:59:59Z,PROSPECTUS,18,1
41437,5604260305773,170.0,PorSi Select,Chouriço de Porco Preto 170g,,2.69,15.82,0,kg,€/Kg,,,https://driveimg1.intermarche.com/pt/Content/images/boitmal/produit/zoom/9AF028948550CC79F4506D20250D6D94.jpg,,,,,,,,2025-11-19T23:59:59Z,PROSPECTUS,18,2
45697,5604260313426,,PorSi,Toalhitas Anti-transferência de Cores X20,,1.59,1.59,0,,€/Unidade,,,https://driveimg1.intermarche.com/pt/Content/images/boitmal/produit/zoom/7C3CC46A810762A8607DC19A2E089978.jpg,,,,,,,,2025-11-19T23:59:59Z,PROSPECTUS,18,2
46352,5604260315178,600.0,PorSi,Iogurte Líquido Infantil Morango 6x100g,,1.09,1.82,0,kg,€/Kg,,,https://driveimg1.intermarche.com/pt/Content/images/boitmal/produit/zoom/C930411C42FFDB4DA77093EFBEF21604.jpg,,,,,,,,2025-11-19T23:59:59Z,PROSPECTUS,18,2
46715,5604260318759,,PorSi,Papel Higiénico Branco 4 Folhas 12 Rolos,,4.45,4.45,0,,€/Unidade,,,https://driveimg1.intermarche.com/pt/Content/images/boitmal/produit/zoom/71B84E02290AD35D82ACC6CF2D01690A.jpg,,,,,,,,2025-11-19T23:59:59Z,PROSPECTUS,18,2
48137,5604260323319,2000.0,PorSi,Amaciador Roupa Concentrado Talco 80d,,1.65,0.83,2000,L,€/L,,,https://driveimg1.intermarche.com/pt/Content/images/boitmal/produit/zoom/19A86120D5B46985AF96636938E62EA9.jpg,,,,,,,,2025-11-19T23:59:59Z,PROSPECTUS,18,2
48368,5604260321735,,PorSi,Porsi - Sacos Lixo At Eco 500x650 - 30 Lt 20 Un,,0.8,0.8,0,,€/Unidade,,,https://driveimg1.intermarche.com/pt/Content/images/boitmal/produit/zoom/265A59AC39DAD564BB7550DBB887E284.jpg,,,,,,,,2025-11-19T23:59:59Z,PROSPECTUS,18,2
49831,8445290157348,390.0,Nesquik,"Achocolatado em pó, embalagem de 390g",,2.99,7.67,0,kg,€/Kg,,,https://driveimg1.intermarche.com/pt/Content/images/boitmal/produit/zoom/1C8D0ADDD419DD646B2CF36E18D3378F.jpg,,,,,,,,2025-11-19T23:59:59Z,PROSPECTUS,18,2
50406,8445290490155,600.0,Cerelac,"Papa Infantil para Preparar com Leite +6M, 600g",,3.74,6.23,0,kg,€/Kg,,,https://driveimg1.intermarche.com/pt/Content/images/boitmal/produit/zoom/C95864141AF0280BDB80A795593394EA.jpg,,,,,,,,2025-11-19T23:59:59Z,PROSPECTUS,18,2
51896,8719200253377,400.0,Planta,"Creme vegetal para barrar original, 400g",,2.54,6.35,0,kg,€/Kg,,,https://driveimg1.intermarche.com/pt/Content/images/boitmal/produit/zoom/0265DFAAA6CC23B5D28B5523E860ECEF.jpg,,,,,,,,2025-11-19T23:59:59Z,PROSPECTUS,18,2
52361,5604260330485,200.0,PorSi,Pão de Hamburguer 200 G,,0.85,4.25,0,kg,€/Kg,,,https://driveimg1.intermarche.com/pt/Content/images/boitmal/produit/zoom/2FC19DED276F09C4A0348E24A43EFD31.jpg,,,,,,,,2025-11-19T23:59:59Z,PROSPECTUS,18,2
52362,5604260330508,375.0,PorSi,Pão Cachorro 375 G,,1.09,2.91,0,kg,€/Kg,,,https://driveimg1.intermarche.com/pt/Content/images/boitmal/produit/zoom/F32D92C56FEFFE0160A12B178932409C.jpg,,,,,,,,2025-11-19T23:59:59Z,PROSPECTUS,18,2
52769,5604260331390,415.0,PorSi,Pizza Carbonara em Forno de Pedra,Embalagem de 415g,2.89,6.96,0,kg,€/Kg,,,https://driveimg1.intermarche.com/pt/Content/images/boitmal/produit/zoom/952345FFED1B0BB32007E8A66B5D844A.jpg,,,,,,,,2025-11-19T23:59:59Z,PROSPECTUS,18,2
53007,5603722520105,1000.0,Milhafre,"Leite De Pastagem Magro, 1l",,0.89,0.89,1000,L,€/L,,,https://driveimg1.intermarche.com/pt/Content/images/boitmal/produit/zoom/299C37D166CA38EDBA2E0A4C61421ACE.jpg,,,,,,,,2025-11-19T23:59:59Z,PROSPECTUS,18,2
5806,5604260055845,2000.0,PorSi,Lixívia Perfumada 2l,,1.05,0.53,2000,L,€/L,,,https://driveimg1.intermarche.com/pt/Content/images/boitmal/produit/zoom/D3C8A34DE2760DD39F6CC21A071491A4.jpg,,,,,,,,2025-11-19T23:59:59Z,PROSPECTUS,18,2
5928,5604260256921,2000.0,PorSi,Lava Tudo Perfumado Montanha,,0.99,0.5,2000,L,€/L,,,https://driveimg1.intermarche.com/pt/Content/images/boitmal/produit/zoom/1025C53588751D93B22FC3DF4D839D3B.jpg,,,,,,,,2025-11-19T23:59:59Z,PROSPECTUS,18,2
8398,5601050016024,600.0,Danone,"Danacol natural, embalagem de 6 x 100g",,2.99,4.98,0,kg,€/Kg,,,https://driveimg1.intermarche.com/pt/Content/images/boitmal/produit/zoom/E05E5353FD11FB2707504DEA431D86EA.jpg,,,,,,,,2025-11-19T23:59:59Z,PROSPECTUS,18,2
9403,5604260042302,150.0,PorSi,Batatas Fritas Lisas Light 150g,,1.19,7.93,0,kg,€/Kg,,,https://driveimg1.intermarche.com/pt/Content/images/boitmal/produit/zoom/73A0C67508D9BE1C1394925C4F7C5FE3.jpg,,,,,,,,2025-11-19T23:59:59Z,PROSPECTUS,18,2
9565,5604260251469,1500.0,PorSi,"Água de Nascente Gaseificada 1,5l",,0.49,0.33,1500,L,€/L,,,https://driveimg1.intermarche.com/pt/Content/images/boitmal/produit/zoom/CAFE9D085185E704032031C5A2753566.jpg,,,,,,,,2025-11-19T23:59:59Z,PROSPECTUS,18,2
991,5601029004090,120.0,Bom Petisco,"Atum posta em azeite, embalagem de 120g",,1.55,12.92,0,kg,€/Kg,,,https://driveimg1.intermarche.com/pt/Content/images/boitmal/produit/zoom/7303762D9C0618FC9C75C481CF52C5DB.jpg,,,,,,,,2025-11-19T23:59:59Z,PROSPECTUS,18,2
10859,3023290400395,230.0,Nestlé,"Iogurte mix in kit kat, embalagem de 2 x 115g",,2.19,9.52,0,kg,€/Kg,,,https://driveimg1.intermarche.com/pt/Content/images/boitmal/produit/zoom/46A338E8D7EAC63B8EF63808F7DF5998.jpg,,,,,,,,2025-11-19T23:59:59Z,PROSPECTUS,18,2
1108,5601066300087,500.0,Nacional,"Massa de cotovelinhos, embalagem de 500g",,0.89,1.78,0,kg,€/Kg,,,https://driveimg1.intermarche.com/pt/Content/images/boitmal/produit/zoom/85D4AC87404986F6E33A67AEEDC0D0E8.jpg,,,,,,,,2025-11-19T23:59:59Z,PROSPECTUS,18,2
1135,5601082022758,250.0,Delta,Café torrado lote chávena máquina,Embalagem de 250g,3.99,15.96,0,kg,€/Kg,,,https://driveimg1.intermarche.com/pt/Content/images/boitmal/produit/zoom/13E9F03FF8FB53EE57516E14277CD628.jpg,,,,,,,,2025-11-19T23:59:59Z,PROSPECTUS,18,2
11650,5601192201104,200.0,Agros,Nata uht 200 ml,,0.89,4.45,200,L,€/L,,,https://driveimg1.intermarche.com/pt/Content/images/boitmal/produit/zoom/478AC7EFE77B8590BBD8EF6C88C17807.jpg,,,,,,,,2025-11-19T23:59:59Z,PROSPECTUS,18,2
11656,5601195510128,1000.0,Pedras Salgadas,"Água com gás limão, pack 4 x 0.25 l",,2.19,2.19,1000,L,€/L,,,https://driveimg1.intermarche.com/pt/Content/images/boitmal/produit/zoom/B17C3B681260FB1EF3C3D602C2A48DB7.jpg,,,,,,,,2025-11-19T23:59:59Z,PROSPECTUS,18,2
14196,5604260272105,250.0,PorSi,Salsichas Hot Dog Frasco 540g,,3.49,13.96,0,kg,€/Kg,,,https://driveimg1.intermarche.com/pt/Content/images/boitmal/produit/zoom/DEA11230BF1CF561F20B184084F0CF0F.jpg,,,,,,,,2025-11-19T23:59:59Z,PROSPECTUS,18,2
16003,5000116109630,300.0,Capitão Iglo,"12 douradinhos forníssimo, embalagem de 300g",,3.98,13.27,0,kg,€/Kg,,Tipo de stockagem,https://driveimg1.intermarche.com/pt/Content/images/boitmal/produit/zoom/544992A31EAE2C5ED6C344C7B21BC2DA.jpg,,,,,,,,2025-11-19T23:59:59Z,PROSPECTUS,18,2
16072,2696083000000,62.0,Panpor,Carcaça de Cereais,,0.25,4.03,0,kg,€/Kg,,,https://driveimg1.intermarche.com/pt/Content/images/boitmal/produit/zoom/64BBBB65E56708FCB9DD0C80C78538ED.jpg,,,,,,,,2025-11-19T23:59:59Z,PROSPECTUS,18,2
19162,5604260276806,500.0,PorSi,Iogurte Tipo Grego Natural Açucarado 4x125g,,1.65,3.3,0,kg,€/Kg,,,https://driveimg1.intermarche.com/pt/Content/images/boitmal/produit/zoom/49BC1F6A4C2D86DE972031A4D090566C.jpg,,,,,,,,2025-11-19T23:59:59Z,PROSPECTUS,18,2
19163,5604260278121,500.0,PorSi,Iogurte Tipo Grego Morango 4x125g,,1.65,3.3,0,kg,€/Kg,,,https://driveimg1.intermarche.com/pt/Content/images/boitmal/produit/zoom/C740D54E6D0772F5BD1CC74142029BCA.jpg,,,,,,,,2025-11-19T23:59:59Z,PROSPECTUS,18,2
19170,5604260193301,390.0,PorSi,Leite Condensado Magro 390g,,1.42,3.64,0,kg,€/Kg,,,https://driveimg1.intermarche.com/pt/Content/images/boitmal/produit/zoom/5402E6160092AE04E469A7AB544D6F93.jpg,,,,,,,,2025-11-19T23:59:59Z,PROSPECTUS,18,2
1966,5604260061563,210.0,PorSi,Wafer Chocolate 210g,,1.17,5.57,0,kg,€/Kg,,,https://driveimg1.intermarche.com/pt/Content/images/boitmal/produit/zoom/E154175D8E403083CFB63244310CB908.jpg,,,,,,,,2025-11-19T23:59:59Z,PROSPECTUS,18,2
2069,5604260193318,397.0,PorSi,Leite Condensado 397g,,1.45,3.65,0,kg,€/Kg,,,https://driveimg1.intermarche.com/pt/Content/images/boitmal/produit/zoom/41C6FC1DD28B44868F44E62073C3DA31.jpg,,,,,,,,2025-11-19T23:59:59Z,PROSPECTUS,18,2
2074,5604260193554,1000.0,PorSi,Néctar Pera 1l,,0.99,0.99,1000,L,€/L,,,https://driveimg1.intermarche.com/pt/Content/images/boitmal/produit/zoom/EC5D7235941CEBB11AB8301EBCF4E95C.jpg,,,,,,,,2025-11-19T23:59:59Z,PROSPECTUS,18,2
2734,8410063005683,400.0,Pescanova,"Caprichos do mar sem glúten, embalagem de 400g",,2.99,7.48,0,kg,€/Kg,,Tipo de stockagem,https://driveimg1.intermarche.com/pt/Content/images/boitmal/produit/zoom/81941A9AD72779D5FC3487C65583C258.jpg,,,,,,,,2025-11-19T23:59:59Z,PROSPECTUS,18,2
35559,5601151973738,3500.0,Pepsi,"Refrigerante com gás max zero, pack de 2 x 1.75 l",,2.39,0.68,3500,L,€/L,,,https://driveimg1.intermarche.com/pt/Content/images/boitmal/produit/zoom/698445C2558FCB105ECA616759C001D7.jpg,,,,,,,,2025-11-19T23:59:59Z,PROSPECTUS,18,2
37812,5604260301065,,PorSi,Fraldas Premium T3 4-10 kg - 60 Unidades,,7.99,7.99,0,,€/Unidade,,,https://driveimg1.intermarche.com/pt/Content/images/boitmal/produit/zoom/4EAC10020B9224D6442ABE842B034538.jpg,,,,,,,,2025-11-19T23:59:59Z,PROSPECTUS,18,2
37872,5604260296552,300.0,PorSi,Aerossol Limpa Moveis Cera Abelhas 300 ml,,1.79,5.97,300,L,€/L,,,https://driveimg1.intermarche.com/pt/Content/images/boitmal/produit/zoom/B83A41BC8BFCE2E6E0D88C1C89312704.jpg,,,,,,,,2025-11-19T23:59:59Z,PROSPECTUS,18,2
40848,5604260296118,,PorSi,15 Saco Lixo Resistente 50 Lts,,1.97,1.97,0,,€/Unidade,,,https://driveimg1.intermarche.com/pt/Content/images/boitmal/produit/zoom/53339BC26922912810A74230DB210BFC.jpg,,,,,,,,2025-11-19T23:59:59Z,PROSPECTUS,18,2
40925,8710522652138,240.0,Calvé,"Maionese top down, embalagem de 240g",,1.48,6.17,0,kg,€/Kg,,,https://driveimg1.intermarche.com/pt/Content/images/boitmal/produit/zoom/ECF2C8ABFC985CAC5B87AA78A2E96931.jpg,https://driveimg1.intermarche.com/pt/Content/images/boitmal/produit/zoom/8E23B17512BCD2C444A6228885CC4217.jpg,https://driveimg1.intermarche.com/pt/Content/images/boitmal/produit/zoom/8E23B17512BCD2C444A6228885CC4217.jpg,https://driveimg1.intermarche.com/pt/Content/images/boitmal/produit/zoom/8E23B17512BCD2C444A6228885CC4217.jpg,https://driveimg1.intermarche.com/pt/Content/images/boitmal/produit/zoom/8E23B17512BCD2C444A6228885CC4217.jpg,,,,2025-11-19T23:59:59Z,PROSPECTUS,18,2
41196,5604260306787,150.0,Porsi Vivabem,Queijo Flamengo sem Lactose Fatiado 150g,,1.48,9.87,0,kg,€/Kg,,,https://driveimg1.intermarche.com/pt/Content/images/boitmal/produit/zoom/5EDE0CA50E72019389F5E1CBEB0033AA.jpg,,,,,,,,2025-11-19T23:59:59Z,PROSPECTUS,18,2
41774,5604260306718,640.0,PorSi,Iogurte Líquido Melão e Melancia 4x160g,,1.29,2.02,0,kg,€/Kg,,,https://driveimg1.intermarche.com/pt/Content/images/boitmal/produit/zoom/3D049EBF98180DDB91D9E9C5FEA0AFE0.jpg,,,,,,,,2025-11-19T23:59:59Z,PROSPECTUS,18,2
41822,7613039868300,270.0,Nestlé,Cereais estrelitas,Embalagem de 270 g,1.79,6.63,0,kg,€/Kg,,,https://driveimg1.intermarche.com/pt/Content/images/boitmal/produit/zoom/8ED5B2AE951DD00B9C8D9B0148834738.jpg,,,,,,,,2025-11-19T23:59:59Z,PROSPECTUS,18,2
42179,5604260307777,441.0,PorSi,Nata Pasteurizada 30% Mg 45cl/ 441g,,2.95,6.69,0,kg,€/Kg,,,https://driveimg1.intermarche.com/pt/Content/images/boitmal/produit/zoom/6E34B08A0109E785FC983F0CB93196A9.jpg,,,,,,,,2025-11-19T23:59:59Z,PROSPECTUS,18,2
42576,5604260304615,200.0,PorSi,Molho Bechamel 200ml,,0.89,4.45,200,L,€/L,,,https://driveimg1.intermarche.com/pt/Content/images/boitmal/produit/zoom/6EB95311E9A7982125D3313FC46AEA69.jpg,https://driveimg1.intermarche.com/pt/Content/images/boitmal/produit/zoom/873E688259483F162720EC00DE7C700F.jpg,https://driveimg1.intermarche.com/pt/Content/images/boitmal/produit/zoom/873E688259483F162720EC00DE7C700F.jpg,https://driveimg1.intermarche.com/pt/Content/images/boitmal/produit/zoom/873E688259483F162720EC00DE7C700F.jpg,https://driveimg1.intermarche.com/pt/Content/images/boitmal/produit/zoom/873E688259483F162720EC00DE7C700F.jpg,,,,2025-11-19T23:59:59Z,PROSPECTUS,18,2
42644,5604260303571,1500.0,PorSi,Areia para Gato Silica Gel 1.5kg,,3.49,2.33,0,kg,€/Kg,,,https://driveimg1.intermarche.com/pt/Content/images/boitmal/produit/zoom/ADE2416B5C97F8F9901691182F640EC1.jpg,,,,,,,,2025-11-19T23:59:59Z,PROSPECTUS,18,2
44702,5053990155354,175.0,Pringles,"Snacks batata sour cream & onion, embalagem de 175g",,2.39,13.66,0,kg,€/Kg,,,https://driveimg1.intermarche.com/pt/Content/images/boitmal/produit/zoom/0C0E56E5BC42C468A1D6A594D5BD0C63.jpg,https://driveimg1.intermarche.com/pt/Content/images/boitmal/produit/zoom/3743B152C095FACA5BB155343DC8A7EE.jpg,https://driveimg1.intermarche.com/pt/Content/images/boitmal/produit/zoom/3743B152C095FACA5BB155343DC8A7EE.jpg,https://driveimg1.intermarche.com/pt/Content/images/boitmal/produit/zoom/3743B152C095FACA5BB155343DC8A7EE.jpg,https://driveimg1.intermarche.com/pt/Content/images/boitmal/produit/zoom/3743B152C095FACA5BB155343DC8A7EE.jpg,,,,2025-11-19T23:59:59Z,PROSPECTUS,18,2
46881,5604260310111,500.0,PorSi,Tortilha Batata c/ Cebola 500g,,2.99,5.98,0,kg,€/Kg,,,https://driveimg1.intermarche.com/pt/Content/images/boitmal/produit/zoom/61587ED63CEE364FA621252AD302F6D4.jpg,,,,,,,,2025-11-19T23:59:59Z,PROSPECTUS,18,2
46882,5604260319824,,PorSi,Papel Higiénico Branco Talco 3 Folhas 12 Rolos,,4.49,4.49,0,,€/Unidade,,,https://driveimg1.intermarche.com/pt/Content/images/boitmal/produit/zoom/3FFC2D730C4EDC9A29F53A5EEAAF4D75.jpg,,,,,,,,2025-11-19T23:59:59Z,PROSPECTUS,18,2
47020,5604260318339,150.0,Porsi Vivabem,Iogurte Skyr Natural 0%mg 150g,,0.65,4.33,0,kg,€/Kg,,,https://driveimg1.intermarche.com/pt/Content/images/boitmal/produit/zoom/17F6824FDA6744507AEC9AE142A0153D.jpg,,,,,,,,2025-11-19T23:59:59Z,PROSPECTUS,18,2
48860,5604260319794,150.0,Porsi Vivabem,Queijo Mozzarella Light Ralado 150g,,1.59,10.6,0,kg,€/Kg,,,https://driveimg1.intermarche.com/pt/Content/images/boitmal/produit/zoom/35271112CCD07C945317D670793A0A37.jpg,,,,,,,,2025-11-19T23:59:59Z,PROSPECTUS,18,2
48902,5604260321711,,PorSi,Porsi - Sacos Lixo Alças 540x680 (540+140) 25lt 30un,,1.03,1.03,0,,€/Unidade,,,https://driveimg1.intermarche.com/pt/Content/images/boitmal/produit/zoom/66D97D73EDD1D5743BB9A1F349A046C8.jpg,https://driveimg1.intermarche.com/pt/Content/images/boitmal/produit/zoom/A13AC84351A23B8471C8D2EE6071B99D.jpg,https://driveimg1.intermarche.com/pt/Content/images/boitmal/produit/zoom/A13AC84351A23B8471C8D2EE6071B99D.jpg,https://driveimg1.intermarche.com/pt/Content/images/boitmal/produit/zoom/A13AC84351A23B8471C8D2EE6071B99D.jpg,https://driveimg1.intermarche.com/pt/Content/images/boitmal/produit/zoom/A13AC84351A23B8471C8D2EE6071B99D.jpg,,,,2025-11-19T23:59:59Z,PROSPECTUS,18,2
48903,5604260321704,,PorSi,Porsi - Sacos Lixo Ff Limão 650x700 50 Lt 15 Un,,1.69,1.69,0,,€/Unidade,,,https://driveimg1.intermarche.com/pt/Content/images/boitmal/produit/zoom/85894941DCF98EC874A5BA11186D55D1.jpg,https://driveimg1.intermarche.com/pt/Content/images/boitmal/produit/zoom/D99044E4CAAA902AF25BAB8B9C03DFE3.jpg,https://driveimg1.intermarche.com/pt/Content/images/boitmal/produit/zoom/D99044E4CAAA902AF25BAB8B9C03DFE3.jpg,https://driveimg1.intermarche.com/pt/Content/images/boitmal/produit/zoom/D99044E4CAAA902AF25BAB8B9C03DFE3.jpg,https://driveimg1.intermarche.com/pt/Content/images/boitmal/produit/zoom/D99044E4CAAA902AF25BAB8B9C03DFE3.jpg,https://driveimg1.intermarche.com/pt/Content/images/boitmal/produit/zoom/D99044E4CAAA902AF25BAB8B9C03DFE3.jpg,,,2025-11-19T23:59:59Z,PROSPECTUS,18,2
52960,5411188136866,340.0,Alpro,"Yofu coco stracciatella, 340g",,2.79,8.21,0,kg,€/Kg,,,https://driveimg1.intermarche.com/pt/Content/images/boitmal/produit/zoom/57498104C9F0931E8171F89E947914A2.jpg,https://driveimg1.intermarche.com/pt/Content/images/boitmal/produit/zoom/1DC8A19C4593A6CAC4DD628D5F44BEA6.jpg,https://driveimg1.intermarche.com/pt/Content/images/boitmal/produit/zoom/1DC8A19C4593A6CAC4DD628D5F44BEA6.jpg,,,,,,2025-11-19T23:59:59Z,PROSPECTUS,18,2
54361,8410104915186,,Finish,"Detergente Loiça Máquina Quantum Limão, 28 Pastilhas",,5.99,5.99,0,,€/Unidade,,,https://driveimg1.intermarche.com/pt/Content/images/boitmal/produit/zoom/AF6445EE2B2537230E8784866A377CB3.jpg,,,,,,,,2025-11-19T23:59:59Z,PROSPECTUS,18,2
54799,5603722521263,604.0,Mimosa,Iogurte magro liquido frutos silvestres 4 x 151 ml,,1.54,2.55,604,L,€/L,,,https://driveimg1.intermarche.com/pt/Content/images/boitmal/produit/zoom/783E43940BBBFF2CB63BFFCCB1232BA5.jpg,,,,,,,,2025-11-19T23:59:59Z,PROSPECTUS,18,2
56299,5604260327973,2000.0,PorSi,Azeite Virgem Extra 2l,,11.7,5.85,2000,L,€/L,,,https://driveimg1.intermarche.com/pt/Content/images/boitmal/produit/zoom/960B488E1819EDECFB6A243E3EB463FB.jpg,,,,,,,,2025-11-19T23:59:59Z,PROSPECTUS,18,2
5927,5604260256914,2000.0,PorSi,Lava Tudo Perfumado Herbal,,0.99,0.5,2000,L,€/L,,,https://driveimg1.intermarche.com/pt/Content/images/boitmal/produit/zoom/D0BC6E0F8FB6EE1D6C3B7DBC82D3AD1E.jpg,,,,,,,,2025-11-19T23:59:59Z,PROSPECTUS,18,2
5977,5604260274086,,PorSi,Acendalhas Brancas - 32 Unidades,,0.99,0.99,0,,€/Unidade,,,https://driveimg1.intermarche.com/pt/Content/images/boitmal/produit/zoom/5D848885F4F58352BFD5FA139BD7FC0A.jpg,,,,,,,,2025-11-19T23:59:59Z,PROSPECTUS,18,2
640,3250390207528,130.0,Bouton dor,Cajus torrados salgados,Embalagem de 130g,1.66,12.77,0,kg,€/Kg,,,https://driveimg1.intermarche.com/pt/Content/images/boitmal/produit/zoom/9B80EEE07D104D06B1404C07F28EB251.jpg,,,,,,,,2025-11-19T23:59:59Z,PROSPECTUS,18,2
10910,3250390010586,250.0,Páturages,Queijo Camembert 250g,Embalagem de 250 g,1.99,7.96,0,kg,€/Kg,,,https://driveimg1.intermarche.com/pt/Content/images/boitmal/produit/zoom/7C9F5B55F7320E544E58C79F8FBB96B2.jpg,,,,,,,,2025-11-19T23:59:59Z,PROSPECTUS,18,2
1138,5601082022796,250.0,Delta,Café em grão,Embalagem de 250g,3.99,15.96,0,kg,€/Kg,,,https://driveimg1.intermarche.com/pt/Content/images/boitmal/produit/zoom/A8B4C93555D2897E7B184C0C3550DF4C.jpg,,,,,,,,2025-11-19T23:59:59Z,PROSPECTUS,18,2
11688,5601244202318,200.0,Terra Nostra,"Queijo flamengo em fatias, embalagem de 200g",,2.09,10.45,0,kg,€/Kg,,,https://driveimg1.intermarche.com/pt/Content/images/boitmal/produit/zoom/51C5114F8500F311C1E44953A540868A.jpg,,,,,,,,2025-11-19T23:59:59Z,PROSPECTUS,18,2
11963,5603722505775,250.0,Mimosa,"Manteiga sem sal, embalagem de 250g",,2.19,8.76,0,kg,€/Kg,,,https://driveimg1.intermarche.com/pt/Content/images/boitmal/produit/zoom/9BCF64C54A7D7626D65710EBF82436CC.jpg,https://driveimg1.intermarche.com/pt/Content/images/boitmal/produit/zoom/1EA90F949357E7F98D48732996035C6E.jpg,https://driveimg1.intermarche.com/pt/Content/images/boitmal/produit/zoom/1F0AD169BB42B947BB5B96F6E89FDECD.jpg,,,,,,2025-11-19T23:59:59Z,PROSPECTUS,18,2
1218,5601126039148,1000.0,Sical,"Café 5 estrelas grão, embalagem de 1 kg",,19.99,19.99,0,kg,€/Kg,,,https://driveimg1.intermarche.com/pt/Content/images/boitmal/produit/zoom/F30913D07FB49FD462FB35C8623DC586.jpg,https://driveimg1.intermarche.com/pt/Content/images/boitmal/produit/zoom/352FFCFAE868D5178905BD9725C43B6E.jpg,,,,,,,2025-11-19T23:59:59Z,PROSPECTUS,18,2
1289,5601151313305,1000.0,Compal,"Néctar ananás, embalagem de 1l",,1.49,1.49,1000,L,€/L,,,https://driveimg1.intermarche.com/pt/Content/images/boitmal/produit/zoom/891E0B1998102BF54FA1B9B10C5308DA.jpg,,,,,,,,2025-11-19T23:59:59Z,PROSPECTUS,18,2
1325,5601163120816,750.0,Luso,"Água sem gás, garrafa de 0,75 l",,0.74,0.99,750,L,€/L,,,https://driveimg1.intermarche.com/pt/Content/images/boitmal/produit/zoom/AA1A6E591B93610CCB3C24631D9E85B8.jpg,,,,,,,,2025-11-19T23:59:59Z,PROSPECTUS,18,2
14601,5604260272426,500.0,PorSi,Pedaços de Tamboril 500g,,4.99,9.98,0,kg,€/Kg,,Tipo de stockagem,https://driveimg1.intermarche.com/pt/Content/images/boitmal/produit/zoom/A45664FCA821853095858628402C5D88.jpg,,,,,,,,2025-11-19T23:59:59Z,PROSPECTUS,18,2
15317,3250391945313,195.0,Itinéraire des Saveurs,Massa chinesa frango 3x65g,,1.49,7.64,0,kg,€/Kg,,,https://driveimg1.intermarche.com/pt/Content/images/boitmal/produit/zoom/01ABE4FD819840762CC9414B0A903882.jpg,https://driveimg1.intermarche.com/pt/Content/images/boitmal/produit/zoom/22E7043B9651E3BD8F72B63C693400F3.jpg,,,,,,,2025-11-19T23:59:59Z,PROSPECTUS,18,2
15398,5604260278039,1500.0,PorSi,Amaciador de Roupa Concentrado Aromaterapia 60d,Embalagem com 60 doses,2.49,1.66,1500,L,€/L,,,https://driveimg1.intermarche.com/pt/Content/images/boitmal/produit/zoom/A34CA50BD5140F3567823C4B325B98EF.jpg,,,,,,,,2025-11-19T23:59:59Z,PROSPECTUS,18,2
18295,5604260278411,640.0,PorSi,Iogurte Líquido Morango e Cereais 4x160g,,1.29,2.02,0,kg,€/Kg,,,https://driveimg1.intermarche.com/pt/Content/images/boitmal/produit/zoom/CC7C57D6FF01DA47B100009265AA5018.jpg,,,,,,,,2025-11-19T23:59:59Z,PROSPECTUS,18,2
18619,5014328054756,32.0,Tetley,Chá de frutos vermelhos,Embalagem de 30g,1.84,57.5,0,kg,€/Kg,,,https://driveimg1.intermarche.com/pt/Content/images/boitmal/produit/zoom/03305900AD56E77C8397A8E7D50DBFBD.jpg,,,,,,,,2025-11-19T23:59:59Z,PROSPECTUS,18,2
1862,5604260042340,185.0,PorSi,Batatas Fritas Onduladas com Sabor a Churrasco 185g,,1.34,7.24,0,kg,€/Kg,,,https://driveimg1.intermarche.com/pt/Content/images/boitmal/produit/zoom/3A22AAF9574AA89A9DE8627F4B492DC1.jpg,,,,,,,,2025-11-19T23:59:59Z,PROSPECTUS,18,2
19046,5000116110414,480.0,Capitão Iglo,"8 hamburguers sem glúten frango, embalagem de 480g",,7.99,16.65,0,kg,€/Kg,,Tipo de stockagem,https://driveimg1.intermarche.com/pt/Content/images/boitmal/produit/zoom/B74DC0C9C4A898B602612BD394B808F5.jpg,,,,,,,,2025-11-19T23:59:59Z,PROSPECTUS,18,2
19094,4084500330955,1500.0,Fairy,"Detergente líquido, manual loiça, original, 1,5 l",,7.29,4.86,1500,L,€/L,,,https://driveimg1.intermarche.com/pt/Content/images/boitmal/produit/zoom/95EC3D03AC3B46A8207C2E0CFB674294.jpg,,,,,,,,2025-11-19T23:59:59Z,PROSPECTUS,18,2
19454,5604260275885,,PorSi,Porsi - Recarga Esfregona Algodão /192g,,0.89,0.89,0,,€/Unidade,,,https://driveimg1.intermarche.com/pt/Content/images/boitmal/produit/zoom/D144575F9E421AACF96249BBCE7EBDEB.jpg,,,,,,,,2025-11-19T23:59:59Z,PROSPECTUS,18,2
1964,5604260061549,210.0,PorSi,Wafer Baunilha 210g,,1.17,5.57,0,kg,€/Kg,,,https://driveimg1.intermarche.com/pt/Content/images/boitmal/produit/zoom/AE1901FA5655C3C5C219D23CA15136C7.jpg,,,,,,,,2025-11-19T23:59:59Z,PROSPECTUS,18,2
1965,5604260061556,210.0,PorSi,Wafer Morango 210g,,1.17,5.57,0,kg,€/Kg,,,https://driveimg1.intermarche.com/pt/Content/images/boitmal/produit/zoom/712B0BFD0ABA25E98F7F0AF8A3313F75.jpg,,,,,,,,2025-11-19T23:59:59Z,PROSPECTUS,18,2
1981,5604260062751,250.0,PorSi,Mostarda Top Down 250g,,0.99,3.96,0,kg,€/Kg,,,https://driveimg1.intermarche.com/pt/Content/images/boitmal/produit/zoom/62BD981849DD9367C788CF766A540F5F.jpg,,,,,,,,2025-11-19T23:59:59Z,PROSPECTUS,18,2
1988,5604260063383,350.0,PorSi,Mini Tostas de Trigo 350g,,1.99,5.69,0,kg,€/Kg,,,https://driveimg1.intermarche.com/pt/Content/images/boitmal/produit/zoom/0215D12BDD107E1A2372B3F823BE30C6.jpg,,,,,,,,2025-11-19T23:59:59Z,PROSPECTUS,18,2
2072,5604260193516,1000.0,PorSi,Néctar Pêssego 1l,,0.89,0.89,1000,L,€/L,,,https://driveimg1.intermarche.com/pt/Content/images/boitmal/produit/zoom/97F49C4D0E66A2DF521CA59C061AD2F6.jpg,,,,,,,,2025-11-19T23:59:59Z,PROSPECTUS,18,2
2076,5604260193585,1000.0,PorSi,Néctar Tutti-fruti 1l,,1.09,1.09,1000,L,€/L,,,https://driveimg1.intermarche.com/pt/Content/images/boitmal/produit/zoom/F71C24EE65BBACD19D0B795025D59BB2.jpg,,,,,,,,2025-11-19T23:59:59Z,PROSPECTUS,18,2
2080,5604260193660,1000.0,PorSi,Néctar Goiaba 1l,,1.09,1.09,1000,L,€/L,,,https://driveimg1.intermarche.com/pt/Content/images/boitmal/produit/zoom/6AF1474A336A85ADDD13B87A3CBE0878.jpg,,,,,,,,2025-11-19T23:59:59Z,PROSPECTUS,18,2
2186,5604260264056,225.0,PorSi,Tostas de Trigo 225 G,,0.99,4.4,0,kg,€/Kg,,,https://driveimg1.intermarche.com/pt/Content/images/boitmal/produit/zoom/0583C4A68E7A0669F3CBC92343F4F352.jpg,,,,,,,,2025-11-19T23:59:59Z,PROSPECTUS,18,2
2187,5604260264063,225.0,PorSi,Tostas Integrais de Trigo 225g,,0.99,4.4,0,kg,€/Kg,,,https://driveimg1.intermarche.com/pt/Content/images/boitmal/produit/zoom/38E236E9FFAE4393086FA296588D7D87.jpg,,,,,,,,2025-11-19T23:59:59Z,PROSPECTUS,18,2
22335,5000116110940,420.0,Capitão Iglo,"15 douradinhos, embalagem de 420g",,4.99,11.88,0,kg,€/Kg,,Tipo de stockagem,https://driveimg1.intermarche.com/pt/Content/images/boitmal/produit/zoom/3973A8C90F686ECB72E76C3B0A0492D4.jpg,,,,,,,,2025-11-19T23:59:59Z,PROSPECTUS,18,2
2237,5604260267200,1000.0,PorSi,Néctar Frutos Vermelhos 1l,,1.19,1.19,1000,L,€/L,,,https://driveimg1.intermarche.com/pt/Content/images/boitmal/produit/zoom/603718AD338D3557433C94F8C4C28BE1.jpg,,,,,,,,2025-11-19T23:59:59Z,PROSPECTUS,18,2
2272,5604260269990,397.0,PorSi,Leite Condensado Cozido 397g,,1.79,4.51,0,kg,€/Kg,,,https://driveimg1.intermarche.com/pt/Content/images/boitmal/produit/zoom/2D223FADDBD1ACBBF62ED2AF94FA335F.jpg,,,,,,,,2025-11-19T23:59:59Z,PROSPECTUS,18,2
23758,5604260282616,150.0,PorSi,Batatas Fritas Lisas Gourmet 150g,,1.23,8.2,0,kg,€/Kg,,,https://driveimg1.intermarche.com/pt/Content/images/boitmal/produit/zoom/086887FDC28498C155F9760C1B0A2422.jpg,,,,,,,,2025-11-19T23:59:59Z,PROSPECTUS,18,2
2406,5608543000102,30.0,Tetley,Chá preto,Embalagem de 30g,1.29,43.0,0,kg,€/Kg,,,https://driveimg1.intermarche.com/pt/Content/images/boitmal/produit/zoom/D3C0F9FE6B1C09C70D614E0CDECAD3A6.jpg,,,,,,,,2025-11-19T23:59:59Z,PROSPECTUS,18,2
26047,8412600070994,650.0,Bimbo,Pão de forma s/ côdea,Embalagem de 650 g,2.14,3.29,0,kg,€/Kg,,,https://driveimg1.intermarche.com/pt/Content/images/boitmal/produit/zoom/5D9620F17746A1D49642D0DCBD72A2D3.jpg,,,,,,,,2025-11-19T23:59:59Z,PROSPECTUS,18,2
26594,8711000357613,,LOr,"Café colombia, 10 cápsulas",,3.59,3.59,10,,€/Unidade,,,https://driveimg1.intermarche.com/pt/Content/images/boitmal/produit/zoom/EFCB91BCFBAB98E4C638E700D1A99C56.jpg,,,,,,,,2025-11-19T23:59:59Z,PROSPECTUS,18,2
29738,8410436324533,1300.0,Sonasol,"Lava Tudo Flores Montanha, 1.3 l",,2.24,1.72,1300,L,€/L,,,https://driveimg1.intermarche.com/pt/Content/images/boitmal/produit/zoom/13FBFB2C777E7C44B0340328520A2D41.jpg,,,,,,,,2025-11-19T23:59:59Z,PROSPECTUS,18,2
32408,5601050034967,600.0,Danone,"Danacol aveia, embalagem de 6 x 100g",,2.99,4.98,0,kg,€/Kg,,,https://driveimg1.intermarche.com/pt/Content/images/boitmal/produit/zoom/5CE656F263120C59B9C0953B21D516B7.jpg,,,,,,,,2025-11-19T23:59:59Z,PROSPECTUS,18,2
32542,5609060007087,200.0,Delta,Café solúvel + cereais,Embalagem de 200 g,3.89,19.45,0,kg,€/Kg,,,https://driveimg1.intermarche.com/pt/Content/images/boitmal/produit/zoom/F9D0CD9AF58FE5C906C214D2AD623D92.jpg,,,,,,,,2025-11-19T23:59:59Z,PROSPECTUS,18,2
33482,5604260285105,250.0,PorSi,Detergente Limpa Maquina da Loiça 250ml,,1.29,5.16,250,L,€/L,,,https://driveimg1.intermarche.com/pt/Content/images/boitmal/produit/zoom/99B8637072C5A86DCEC578261824F85F.jpg,,,,,,,,2025-11-19T23:59:59Z,PROSPECTUS,18,2
33563,5609060007070,200.0,Delta,Cevada solúvel,Embalagem de 200 g,2.69,13.45,0,kg,€/Kg,,,https://driveimg1.intermarche.com/pt/Content/images/boitmal/produit/zoom/9DB066DE69C74BAF6E3C3065BCCE0FA7.jpg,,,,,,,,2025-11-19T23:59:59Z,PROSPECTUS,18,2
33993,5604260283439,500.0,PorSi,Iogurte Pedaços Morango 4x125g,,1.19,2.38,0,kg,€/Kg,,,https://driveimg1.intermarche.com/pt/Content/images/boitmal/produit/zoom/C604331C06B6C60179020E9AEB8EC859.jpg,,,,,,,,2025-11-19T23:59:59Z,PROSPECTUS,18,2
36170,5604260295654,1000.0,PorSi,Batata pré-frita palito,Embalagem de 1 kg,1.85,1.85,0,kg,€/Kg,,Tipo de stockagem,https://driveimg1.intermarche.com/pt/Content/images/boitmal/produit/zoom/3CCF0DFFCA76AEE7F401DF2681D9A02B.jpg,,,,,,,,2025-11-19T23:59:59Z,PROSPECTUS,18,2
36505,5604260294732,1000.0,PorSi,Óleo Girassol 1l,,1.75,1.75,1000,L,€/L,,,https://driveimg1.intermarche.com/pt/Content/images/boitmal/produit/zoom/7244D65CAED49A0848F5F70ACCADCC80.jpg,,,,,,,,2025-11-19T23:59:59Z,PROSPECTUS,18,2
36522,5604260292042,,PorSi,Papel Higiénico Branco 2 Folhas 12 Rolos,,2.39,2.39,0,,€/Unidade,,,https://driveimg1.intermarche.com/pt/Content/images/boitmal/produit/zoom/D318BE4DBCFF35CA91905AD52A968BEC.jpg,,,,,,,,2025-11-19T23:59:59Z,PROSPECTUS,18,2
36729,5604260296804,480.0,PorSi,Pêssego Metades em Calda 840g,,1.99,4.15,0,kg,€/Kg,,,https://driveimg1.intermarche.com/pt/Content/images/boitmal/produit/zoom/6B402AC3951DE97E3A72B10B1D0F88FE.jpg,,,,,,,,2025-11-19T23:59:59Z,PROSPECTUS,18,3
37602,5603722518782,,Castelões,"Queijo curado pequeno, embalagem de 500g",,6.29,6.29,1,,€/Unidade,,,https://driveimg1.intermarche.com/pt/Content/images/boitmal/produit/zoom/5DFFAAD500F2992E98C505840753B8C7.jpg,,,,,,,,2025-11-19T23:59:59Z,PROSPECTUS,18,3
40494,5604260296132,,PorSi,10 Saco Lixo Jardim 130lts,,3.05,3.05,0,,€/Unidade,,,https://driveimg1.intermarche.com/pt/Content/images/boitmal/produit/zoom/B6FAA02494C4B630F7C51B00EF7AD9DD.jpg,,,,,,,,2025-11-19T23:59:59Z,PROSPECTUS,18,3
40498,5604260296101,,PorSi,15 Saco Lixo 100 Lts Atilho,,1.75,1.75,0,,€/Unidade,,,https://driveimg1.intermarche.com/pt/Content/images/boitmal/produit/zoom/52236672C0ACB8BB799D3EBEA8C2ECEB.jpg,,,,,,,,2025-11-19T23:59:59Z,PROSPECTUS,18,3
40500,5604260286119,1000.0,PorSi,Leite Condensado 1kg,,3.49,3.49,0,kg,€/Kg,,,https://driveimg1.intermarche.com/pt/Content/images/boitmal/produit/zoom/A2BDE7F2B947B12A7247B2D7E3D630B6.jpg,,,,,,,,2025-11-19T23:59:59Z,PROSPECTUS,18,3
40532,5604260297306,225.0,PorSi,Tostas Suecas Integrais 225g,,1.28,5.69,0,kg,€/Kg,,,https://driveimg1.intermarche.com/pt/Content/images/boitmal/produit/zoom/97C339A49A5721BEFA5DF5447727D40A.jpg,,,,,,,,2025-11-19T23:59:59Z,PROSPECTUS,18,3
40545,5604260302055,1000.0,PorSi,Néctar Maracujá/maçã/manga 1l,,1.09,1.09,1000,L,€/L,,,https://driveimg1.intermarche.com/pt/Content/images/boitmal/produit/zoom/52605F595177DD9CC3CCB277C3B240E3.jpg,,,,,,,,2025-11-19T23:59:59Z,PROSPECTUS,18,3
40604,5604260302314,2000.0,PorSi,Ice Tea Manga 2l,,1.19,0.6,2000,L,€/L,,,https://driveimg1.intermarche.com/pt/Content/images/boitmal/produit/zoom/4AC84EA3800E422D34653301FC881DDD.jpg,,,,,,,,2025-11-19T23:59:59Z,PROSPECTUS,18,3
40739,5604260302666,2000.0,PorSi,Lava Tudo Perfumado Camomila & Flor de Laranjeira,,0.99,0.5,2000,L,€/L,,,https://driveimg1.intermarche.com/pt/Content/images/boitmal/produit/zoom/EC235B47803E16EEB9720D84212A145E.jpg,,,,,,,,2025-11-19T23:59:59Z,PROSPECTUS,18,3
40762,2708171000000,500.0,PorSi,Peito peito de peru Programa Origens,Vendido ao peso,4.5,8.99,0,,€/Kg,,,https://driveimg1.intermarche.com/pt/Content/images/boitmal/produit/zoom/F2AD7457F8CE5F13213ABC677BCBD106.jpg,,,,,,,,2025-11-19T23:59:59Z,PROSPECTUS,18,3
41139,5604260303878,150.0,PorSi,Batatas Fritas Onduladas Sabor a Ovo Frito com Presunto 150g,,1.39,9.27,0,kg,€/Kg,,,https://driveimg1.intermarche.com/pt/Content/images/boitmal/produit/zoom/B8DBC6D402B223D1F1B9908A5EC78518.jpg,,,,,,,,2025-11-19T23:59:59Z,PROSPECTUS,18,3
41776,5604260307562,320.0,PorSi,Petit Gâteau de Chocolate Negro 4x80g,,3.55,11.09,0,kg,€/Kg,,Tipo de stockagem,https://driveimg1.intermarche.com/pt/Content/images/boitmal/produit/zoom/6DA36F4EEAB687AF40C41897BB20004D.jpg,,,,,,,,2025-11-19T23:59:59Z,PROSPECTUS,18,3
43335,5604260309023,150.0,PorSi Select,Presunto 12 Meses de Cura Fatiado 150g,,2.99,19.93,0,kg,€/Kg,,,https://driveimg1.intermarche.com/pt/Content/images/boitmal/produit/zoom/13A8C5BB3E295978FBA7F7AF1315C7F7.jpg,,,,,,,,2025-11-19T23:59:59Z,PROSPECTUS,18,3
43545,5604260312214,1000.0,PorSi,Tira Nodoas Oxigenio Ativo Cores 1 kg,,3.09,3.09,0,kg,€/Kg,,,https://driveimg1.intermarche.com/pt/Content/images/boitmal/produit/zoom/5482BA1E615143E188130D88B6D38FB0.jpg,https://driveimg1.intermarche.com/pt/Content/images/boitmal/produit/zoom/942F29948AD682E90D2F3C7D5195DFAE.jpg,https://driveimg1.intermarche.com/pt/Content/images/boitmal/produit/zoom/942F29948AD682E90D2F3C7D5195DFAE.jpg,https://driveimg1.intermarche.com/pt/Content/images/boitmal/produit/zoom/942F29948AD682E90D2F3C7D5195DFAE.jpg,,,,,2025-11-19T23:59:59Z,PROSPECTUS,18,3
44809,7613035593756,1000.0,Nesquik,"Achocolatado em saco, embalagem de 1 kg",,5.69,5.69,0,kg,€/Kg,,,https://driveimg1.intermarche.com/pt/Content/images/boitmal/produit/zoom/B72BED7B45B21CF0D0F77A499251A582.jpg,,,,,,,,2025-11-19T23:59:59Z,PROSPECTUS,18,3
45700,5604260314249,680.0,PorSi,Detergente Máquina Loica Td1 Limao 40p,,4.59,6.75,0,kg,€/Kg,,,https://driveimg1.intermarche.com/pt/Content/images/boitmal/produit/zoom/E2AF666FA080D39884D54C761B4D071C.jpg,,,,,,,,2025-11-19T23:59:59Z,PROSPECTUS,18,3
46499,7613287399045,,Nescafé,Café em cápsulas Dolce Gusto Intenso,64 cápsulas,19.79,19.79,0,,€/Unidade,,,https://driveimg1.intermarche.com/pt/Content/images/boitmal/produit/zoom/C18E938357B5F7158AF721A91D724A11.jpg,,,,,,,,2025-11-19T23:59:59Z,PROSPECTUS,18,3
46847,5604260316205,500.0,PorSi,Massa Laços Tricolores 500g,,0.99,1.98,0,kg,€/Kg,,,https://driveimg1.intermarche.com/pt/Content/images/boitmal/produit/zoom/26FB05A80D25E9387A8ADB50077F254D.jpg,,,,,,,,2025-11-19T23:59:59Z,PROSPECTUS,18,3
46907,8006540236222,650.0,Fairy,Detergente líquido manual loiça anti bactérias,Embalagem de 650 ml,3.59,5.52,650,L,€/L,,,https://driveimg1.intermarche.com/pt/Content/images/boitmal/produit/zoom/687B389F5BCABBA96E11BDC0F2ADFEC5.jpg,,,,,,,,2025-11-19T23:59:59Z,PROSPECTUS,18,3
47021,5604260318322,150.0,Porsi Vivabem,Iogurte Skyr Morango 0%mg 150g,,0.69,4.6,0,kg,€/Kg,,,https://driveimg1.intermarche.com/pt/Content/images/boitmal/produit/zoom/5F4704B37D6E5E95C793AAE9EABCA60D.jpg,,,,,,,,2025-11-19T23:59:59Z,PROSPECTUS,18,3
47102,5603722520198,250.0,Mimosa,"Manteiga com sal e sem lactose, embalagem de 250g",,2.44,9.76,0,kg,€/Kg,,,https://driveimg1.intermarche.com/pt/Content/images/boitmal/produit/zoom/93C16F859411D0EBAFBF43E49FD1DA1B.jpg,https://driveimg1.intermarche.com/pt/Content/images/boitmal/produit/zoom/03F85375587D6FDFB4925819A11BDAE0.jpg,https://driveimg1.intermarche.com/pt/Content/images/boitmal/produit/zoom/851EE75BBBA7A9986AE9578DEC17E3F9.jpg,,,,,,2025-11-19T23:59:59Z,PROSPECTUS,18,3
47110,7613287218766,110.0,Nestlé,Bolsitas de puré de multifrutas,Embalagem de 110g,0.84,7.64,0,kg,€/Kg,,,https://driveimg1.intermarche.com/pt/Content/images/boitmal/produit/zoom/3A0DC006BA90FE4ED51AF00C38870697.jpg,,,,,,,,2025-11-19T23:59:59Z,PROSPECTUS,18,3
47635,8412600018316,300.0,Bimbo,Bimbo® bagels clássico 4 un.,Embalagem de 300g,2.29,7.63,0,kg,€/Kg,,,https://driveimg1.intermarche.com/pt/Content/images/boitmal/produit/zoom/A909D7B45AB188586A83F78F8C44D74E.jpg,,,,,,,,2025-11-19T23:59:59Z,PROSPECTUS,18,3
47657,5600356070006,700.0,Super Pop,"Detergente loiça tripla ação maçã, 700 ml",,2.49,3.56,700,L,€/L,,,https://driveimg1.intermarche.com/pt/Content/images/boitmal/produit/zoom/225ACC9F82588EB810572EC1677D5B22.jpg,,,,,,,,2025-11-19T23:59:59Z,PROSPECTUS,18,3
47807,5604260316724,250.0,Porsi Select - Programa Origens,Secretos de Porco Preto do Alentejo 250 G,,3.99,15.96,0,kg,€/Kg,,,https://driveimg1.intermarche.com/pt/Content/images/boitmal/produit/zoom/A1188505A5921D717B8B546770374A47.jpg,,,,,,,,2025-11-19T23:59:59Z,PROSPECTUS,18,3
48070,5604260320813,,PorSi,Pensos Higiénicos Ultrafinos Normal com Abas - 28 Unidades,,1.79,1.79,0,,€/Unidade,,,https://driveimg1.intermarche.com/pt/Content/images/boitmal/produit/zoom/0DFFDFEEB2AC2E065EADDE282CDFEEC2.jpg,,,,,,,,2025-11-19T23:59:59Z,PROSPECTUS,18,3
48366,5604260321742,,PorSi,Porsi - Sacos Lixo Ff Eco 650x700 - 50 Lt 15 Un,,1.21,1.21,0,,€/Unidade,,,https://driveimg1.intermarche.com/pt/Content/images/boitmal/produit/zoom/5D412390968DA58F3373B0AE00F192C4.jpg,,,,,,,,2025-11-19T23:59:59Z,PROSPECTUS,18,3
485,3036810201280,215.0,Maille,"Mostarda dijon, embalagem de 220g",,3.19,14.84,0,kg,€/Kg,,,https://driveimg1.intermarche.com/pt/Content/images/boitmal/produit/zoom/62618DF63BD11F55FFEE9176972D4CEF.jpg,https://driveimg1.intermarche.com/pt/Content/images/boitmal/produit/zoom/1ABADBA923A5257BF5D8A92B53110481.jpg,https://driveimg1.intermarche.com/pt/Content/images/boitmal/produit/zoom/1ABADBA923A5257BF5D8A92B53110481.jpg,https://driveimg1.intermarche.com/pt/Content/images/boitmal/produit/zoom/1ABADBA923A5257BF5D8A92B53110481.jpg,,,,,2025-11-19T23:59:59Z,PROSPECTUS,18,3
48773,2743226000000,200.0,PorSi,"Entremeadas de Porco Fatiadas Finíssimas, embalagem de 200g (aprox.)",,1.6,7.98,0,,€/Kg,,,https://driveimg1.intermarche.com/pt/Content/images/boitmal/produit/zoom/1144763FCA0503CD11AE70EE0C1533AE.jpg,,,,,,,,2025-11-19T23:59:59Z,PROSPECTUS,18,3
48775,2769516000000,200.0,PorSi,"Preguinhos de Porco Finíssimos, embalagem de 200g (aprox.)",,1.6,7.98,0,,€/Kg,,,https://driveimg1.intermarche.com/pt/Content/images/boitmal/produit/zoom/3DD3775BE4F1F4161B469D1F01BAB9D5.jpg,,,,,,,,2025-11-19T23:59:59Z,PROSPECTUS,18,3
48904,5604260321766,,PorSi,Porsi - Sacos Lixo Ff Limão 550x600 30 Lt 20 Un,,1.07,1.07,0,,€/Unidade,,,https://driveimg1.intermarche.com/pt/Content/images/boitmal/produit/zoom/303B1F388FE60632D971E44E3C03A77A.jpg,https://driveimg1.intermarche.com/pt/Content/images/boitmal/produit/zoom/AD42FD8771DE307AF3C162A41EB06D96.jpg,https://driveimg1.intermarche.com/pt/Content/images/boitmal/produit/zoom/AD42FD8771DE307AF3C162A41EB06D96.jpg,https://driveimg1.intermarche.com/pt/Content/images/boitmal/produit/zoom/AD42FD8771DE307AF3C162A41EB06D96.jpg,https://driveimg1.intermarche.com/pt/Content/images/boitmal/produit/zoom/AD42FD8771DE307AF3C162A41EB06D96.jpg,https://driveimg1.intermarche.com/pt/Content/images/boitmal/produit/zoom/AD42FD8771DE307AF3C162A41EB06D96.jpg,,,2025-11-19T23:59:59Z,PROSPECTUS,18,3
49463,8445290250322,600.0,Nestum,Flocos Cereais Mel,Embalagem de 600g,3.79,6.32,0,kg,€/Kg,,,https://driveimg1.intermarche.com/pt/Content/images/boitmal/produit/zoom/4A0A62606AC144021ED115E1FAB3D0CE.jpg,,,,,,,,2025-11-19T23:59:59Z,PROSPECTUS,18,3
49730,5601151968574,1500.0,B!,Sumo maracujá de 1.5 l,,1.29,0.86,1500,L,€/L,,,https://driveimg1.intermarche.com/pt/Content/images/boitmal/produit/zoom/D471B15D4B18DF054FCF4E0F25DA8D23.jpg,https://driveimg1.intermarche.com/pt/Content/images/boitmal/produit/zoom/48964AEE0FDBEDF349365603C964A160.jpg,,,,,,,2025-11-19T23:59:59Z,PROSPECTUS,18,3
52054,7622201735111,360.0,Royal,"Gelatina pronta morango, embalagem de 360g",,1.59,4.42,0,kg,€/Kg,,,https://driveimg1.intermarche.com/pt/Content/images/boitmal/produit/zoom/FB7C80DDF1139FB27B185C5777E16855.jpg,,,,,,,,2025-11-19T23:59:59Z,PROSPECTUS,18,3
52502,5604260328093,240.0,PorSi,Panquecas Banana e Espelta 240g,,3.19,13.29,0,kg,€/Kg,,Tipo de stockagem,https://driveimg1.intermarche.com/pt/Content/images/boitmal/produit/zoom/B1EEDE0BBFA9AC6BF08CBF1AB73DE635.jpg,,,,,,,,2025-11-19T23:59:59Z,PROSPECTUS,18,3
52765,5604260331154,350.0,Porsi Vivabem,Bebida Láctea Proteica Chocolate 350g/ 330ml,,1.25,3.57,0,kg,€/Kg,,,https://driveimg1.intermarche.com/pt/Content/images/boitmal/produit/zoom/1C471BF63768607271959BB4C58D5BB7.jpg,,,,,,,,2025-11-19T23:59:59Z,PROSPECTUS,18,3
52770,5604260331420,410.0,PorSi,Pizza Fiambre e Queijo 410g,,2.69,6.56,0,kg,€/Kg,,,https://driveimg1.intermarche.com/pt/Content/images/boitmal/produit/zoom/01AB4A01B15086CC8316840577A8E3B8.jpg,,,,,,,,2025-11-19T23:59:59Z,PROSPECTUS,18,3
52831,5411188139386,750.0,Alpro,"Bebida soja alto teor proteína, 750 ml",,1.59,2.12,750,L,€/L,,,https://driveimg1.intermarche.com/pt/Content/images/boitmal/produit/zoom/49ADB141EE7D3ED699ADC3A17F20F163.jpg,,,,,,,,2025-11-19T23:59:59Z,PROSPECTUS,18,3
52855,5411188137368,400.0,Alpro,"Yofu skyr exótico, 400g",,2.54,6.35,0,kg,€/Kg,,,https://driveimg1.intermarche.com/pt/Content/images/boitmal/produit/zoom/DAC9AE018EB508E38645481AA2644683.jpg,https://driveimg1.intermarche.com/pt/Content/images/boitmal/produit/zoom/5EF9019C19B1CFD1218BF97A6C8EF78D.jpg,https://driveimg1.intermarche.com/pt/Content/images/boitmal/produit/zoom/5EF9019C19B1CFD1218BF97A6C8EF78D.jpg,https://driveimg1.intermarche.com/pt/Content/images/boitmal/produit/zoom/5EF9019C19B1CFD1218BF97A6C8EF78D.jpg,,,,,2025-11-19T23:59:59Z,PROSPECTUS,18,3
52880,8719200267794,450.0,Becel,"Creme vegetal de barrar com sabor a manteiga, 450g",,3.56,7.91,0,kg,€/Kg,,,https://driveimg1.intermarche.com/pt/Content/images/boitmal/produit/zoom/E2EFE8BE5E96AF9FCA9D840059BF696C.jpg,https://driveimg1.intermarche.com/pt/Content/images/boitmal/produit/zoom/287D301C66C180312FAA8A3BAE7EA710.jpg,https://driveimg1.intermarche.com/pt/Content/images/boitmal/produit/zoom/287D301C66C180312FAA8A3BAE7EA710.jpg,https://driveimg1.intermarche.com/pt/Content/images/boitmal/produit/zoom/287D301C66C180312FAA8A3BAE7EA710.jpg,,,,,2025-11-19T23:59:59Z,PROSPECTUS,18,3
52935,5603722522628,200.0,Matinal,"Manteiga magra sem lactose, 200g",,1.99,9.95,0,kg,€/Kg,,,https://driveimg1.intermarche.com/pt/Content/images/boitmal/produit/zoom/8CBD1054729AF9FC46683642CA3D0920.jpg,https://driveimg1.intermarche.com/pt/Content/images/boitmal/produit/zoom/2A7DC81F20D438007A5500C63648E75B.jpg,https://driveimg1.intermarche.com/pt/Content/images/boitmal/produit/zoom/2A7DC81F20D438007A5500C63648E75B.jpg,,,,,,2025-11-19T23:59:59Z,PROSPECTUS,18,3
53098,5609060439758,200.0,Delta,"Mistura Solúvel Cevada, Chicória e Centeio sem Café, 200g",,2.58,12.9,0,kg,€/Kg,,,https://driveimg1.intermarche.com/pt/Content/images/boitmal/produit/zoom/A5B5C4B07F0E84D84C1F9A67C58C5B01.jpg,https://driveimg1.intermarche.com/pt/Content/images/boitmal/produit/zoom/FC3487925D87EA1F223F192FD51689C5.jpg,https://driveimg1.intermarche.com/pt/Content/images/boitmal/produit/zoom/FC3487925D87EA1F223F192FD51689C5.jpg,,,,,,2025-11-19T23:59:59Z,PROSPECTUS,18,3
53942,5603722523298,1000.0,Matinal,"Bebida de leite sem lactose livre, 1l",,1.25,1.25,1000,L,€/L,,,https://driveimg1.intermarche.com/pt/Content/images/boitmal/produit/zoom/3F3F185EBF624903AC3031EAC11A6631.jpg,,,,,,,,2025-11-19T23:59:59Z,PROSPECTUS,18,3
54320,8718951559721,100.0,Colgate,"Pasta De Dentes Maximum Caries Protection, 100ml",,2.14,21.4,100,L,€/L,,,https://driveimg1.intermarche.com/pt/Content/images/boitmal/produit/zoom/FB112999317664A7E18AAA81FF2A5D06.jpg,https://driveimg1.intermarche.com/pt/Content/images/boitmal/produit/zoom/3694932EDFE660C6F958943C13CEE297.jpg,https://driveimg1.intermarche.com/pt/Content/images/boitmal/produit/zoom/3694932EDFE660C6F958943C13CEE297.jpg,https://driveimg1.intermarche.com/pt/Content/images/boitmal/produit/zoom/3694932EDFE660C6F958943C13CEE297.jpg,,,,,2025-11-19T23:59:59Z,PROSPECTUS,18,3
54365,8410104915209,,Finish,"Detergente Loiça Máquina Quantum Limão, 64 Pastilhas",,12.49,12.49,0,,€/Unidade,,,https://driveimg1.intermarche.com/pt/Content/images/boitmal/produit/zoom/D395D7FB7505791938B52E99053AC6D0.jpg,,,,,,,,2025-11-19T23:59:59Z,PROSPECTUS,18,3
54561,5604260332861,200.0,Labell,Desodorizante Romã 200ml,,1.39,6.95,200,L,€/L,,,https://driveimg1.intermarche.com/pt/Content/images/boitmal/produit/zoom/ACC69522B1BFD3F209DBE62326B0EFA2.jpg,,,,,,,,2025-11-19T23:59:59Z,PROSPECTUS,18,3
54763,8720182858290,245.0,Calvé,"Molho cocktail, 245g",,1.94,7.92,0,kg,€/Kg,,,https://driveimg1.intermarche.com/pt/Content/images/boitmal/produit/zoom/235F1A0F09B842825C47B4D30251D6FC.jpg,,,,,,,,2025-11-19T23:59:59Z,PROSPECTUS,18,3
54806,5603722521232,604.0,Mimosa,"Iogurte magro liquido ananás, 4x151ml",,1.54,2.55,604,L,€/L,,,https://driveimg1.intermarche.com/pt/Content/images/boitmal/produit/zoom/D981284783DF4A8CA45CC5B90BEC5E71.jpg,,,,,,,,2025-11-19T23:59:59Z,PROSPECTUS,18,3
56320,5604260330935,122.0,PorSi,Iogurte Bicompartimentado com Bolas Crocantes de Chocolate 122g,,0.58,4.75,0,kg,€/Kg,,,https://driveimg1.intermarche.com/pt/Content/images/boitmal/produit/zoom/33EBF5CA202F2B5511FF1775032C92B8.jpg,,,,,,,,2025-11-19T23:59:59Z,PROSPECTUS,18,3
56517,5604260333080,4.0,Porsi Programa Origens,4 Codornizes Frescas,,4.99,1247.5,0,kg,€/Kg,,,https://driveimg1.intermarche.com/pt/Content/images/boitmal/produit/zoom/42FEB69ADAD0F15683E34BB43B23C013.jpg,,,,,,,,2025-11-19T23:59:59Z,PROSPECTUS,18,3
56542,5604260334674,125.0,Labell,Pasta de Dentes Proteçao Contra As Caries 125 ml,,1.19,9.52,125,L,€/L,,,https://driveimg1.intermarche.com/pt/Content/images/boitmal/produit/zoom/EFFC4A554B5F837EFBD12A16AFA7BD8C.jpg,,,,,,,,2025-11-19T23:59:59Z,PROSPECTUS,18,3
56703,5604260332946,300.0,PorSi,Rolinhos Legumes Primavera 300g,,1.99,6.63,0,kg,€/Kg,,Tipo de stockagem,https://driveimg1.intermarche.com/pt/Content/images/boitmal/produit/zoom/D4522F3BC9F46B7E90751B94CFEBDEBE.jpg,,,,,,,,2025-11-19T23:59:59Z,PROSPECTUS,18,3
56705,5604260333011,250.0,PorSi,Frango Kentucky 250g,,3.99,15.96,0,kg,€/Kg,,Tipo de stockagem,https://driveimg1.intermarche.com/pt/Content/images/boitmal/produit/zoom/65D21C8A9932AC6DCD440E32B427BE45.jpg,,,,,,,,2025-11-19T23:59:59Z,PROSPECTUS,18,3
5952,5604260266975,750.0,PorSi,Creme Limpeza Limao 750ml,,1.19,1.59,750,L,€/L,,,https://driveimg1.intermarche.com/pt/Content/images/boitmal/produit/zoom/027565F59F15238B5A7D4E131B9F8DAD.jpg,,,,,,,,2025-11-19T23:59:59Z,PROSPECTUS,18,3
6460,8410436216777,53.0,Sonasol,Bloco Sanitário Poder Activo Floral,Embalagem de 50 g,1.98,37.36,0,kg,€/Kg,,,https://driveimg1.intermarche.com/pt/Content/images/boitmal/produit/zoom/428A90D17C72E1CEA455915A18AE3510.jpg,,,,,,,,2025-11-19T23:59:59Z,PROSPECTUS,18,3
695,3250390831464,170.0,Bouton d' Or,Snack batata original,Embalagem de 170 g,1.99,11.71,0,kg,€/Kg,,,https://driveimg1.intermarche.com/pt/Content/images/boitmal/produit/zoom/30BB43DAB33E5A16CBD15573527DDC49.jpg,,,,,,,,2025-11-19T23:59:59Z,PROSPECTUS,18,3
8068,5011417544679,400.0,Finish,Abrilhantador p/ máquina de lavar loiça,Garrafa de 400 ml,4.99,12.48,400,L,€/L,,,https://driveimg1.intermarche.com/pt/Content/images/boitmal/produit/zoom/5D045CC65EE222532216DB5B0BF2A582.jpg,,,,,,,,2025-11-19T23:59:59Z,PROSPECTUS,18,3
815,5000116106172,250.0,Capitão Iglo,"Douradinhos de frango, 10 unidades, embalagem de 250g",,3.49,13.96,0,kg,€/Kg,,Tipo de stockagem,https://driveimg1.intermarche.com/pt/Content/images/boitmal/produit/zoom/C5A8F3400BD1CDAA3A658C1B6BE7A4E1.jpg,,,,,,,,2025-11-19T23:59:59Z,PROSPECTUS,18,3
871,5014328080892,30.0,Tetley,Infusão de cidreira,"Embalagem de 20 unidades, 30 g",1.44,48.0,0,kg,€/Kg,,,https://driveimg1.intermarche.com/pt/Content/images/boitmal/produit/zoom/8EE73104AD7D9DDCE5EF5A76B07E89DC.jpg,,,,,,,,2025-11-19T23:59:59Z,PROSPECTUS,18,3
9311,5603722502064,250.0,Mimosa,"Manteiga fácil de barrar, embalagem de 250g",,2.24,8.96,0,kg,€/Kg,,,https://driveimg1.intermarche.com/pt/Content/images/boitmal/produit/zoom/FEF75CFD36A5CE8709DF5D4930F11917.jpg,https://driveimg1.intermarche.com/pt/Content/images/boitmal/produit/zoom/A8C47E9F1F12DFE2439D3530C38E2D87.jpg,https://driveimg1.intermarche.com/pt/Content/images/boitmal/produit/zoom/2EE410FD3A0147BBB442FA96902FFF46.jpg,,,,,,2025-11-19T23:59:59Z,PROSPECTUS,18,3
9315,5603722509544,1000.0,Mimosa,"Leite 0% lactose magro, de 1l",,1.15,1.15,1000,L,€/L,,,https://driveimg1.intermarche.com/pt/Content/images/boitmal/produit/zoom/0350D0DE44A653A9AB01722B06443E94.jpg,https://driveimg1.intermarche.com/pt/Content/images/boitmal/produit/zoom/DC5219EC1E15E09529E323B7D196FADA.jpg,https://driveimg1.intermarche.com/pt/Content/images/boitmal/produit/zoom/DC48BFFA4281D8016E9FB40168ED4485.jpg,,,,,,2025-11-19T23:59:59Z,PROSPECTUS,18,3
944,5601001339301,200.0,Nestlé,"Mistura solúvel mokambo, embalagem de 200g",,3.89,19.45,0,kg,€/Kg,,,https://driveimg1.intermarche.com/pt/Content/images/boitmal/produit/zoom/7654D4A8AEB526591EE0FD0D1A7BE478.jpg,,,,,,,,2025-11-19T23:59:59Z,PROSPECTUS,18,3
9682,5604260270200,270.0,PorSi,Leite Creme 2x135g,,1.99,7.37,0,kg,€/Kg,,,https://driveimg1.intermarche.com/pt/Content/images/boitmal/produit/zoom/E6C77FD8EA71CF9181A68A3C6CA3F5E7.jpg,,,,,,,,2025-11-19T23:59:59Z,PROSPECTUS,18,3
973,5601024105020,1000.0,Fula,Óleo alimentar,Embalagem 1L,1.99,1.99,1000,L,€/L,,,https://driveimg1.intermarche.com/pt/Content/images/boitmal/produit/zoom/322383F88535C8A24498724B92188318.jpg,,,,,,,,2025-11-19T23:59:59Z,PROSPECTUS,18,3
1012,5601043111026,1000.0,Branca de neve,"Farinha para bolos super fina, embalagem de 1 kg",,1.69,1.69,0,kg,€/Kg,,,https://driveimg1.intermarche.com/pt/Content/images/boitmal/produit/zoom/2C1F82D915B4FA8DB609B4607A05BC7E.jpg,,,,,,,,2025-11-19T23:59:59Z,PROSPECTUS,18,3
10509,8435250297955,256.0,Nestlé,"Iogurte mix in smarties baunilha, embalagem de 2 x 128 g",,2.19,8.55,0,kg,€/Kg,,,https://driveimg1.intermarche.com/pt/Content/images/boitmal/produit/zoom/5355941DC0922592DB9EDB46788FEE19.jpg,,,,,,,,2025-11-19T23:59:59Z,PROSPECTUS,18,3
10512,8435250439577,232.0,Nestlé,"Iogurte mix in nesquik, embalagem de 2 x 115g",,2.19,9.44,0,kg,€/Kg,,,https://driveimg1.intermarche.com/pt/Content/images/boitmal/produit/zoom/6C2207480393D760FBF1824B2B4CD877.jpg,,,,,,,,2025-11-19T23:59:59Z,PROSPECTUS,18,3
10883,3147690024804,750.0,Cruz,Porto special reserva," garrafa de 0,75 l",9.99,13.32,750,L,€/L,,,https://driveimg1.intermarche.com/pt/Content/images/boitmal/produit/zoom/01146C49D6D1001F9B0A4FC43CD6365E.jpg,,,,,,,,2025-12-24T23:59:59Z,PROSPECTUS,18,3
10884,3147690051206,700.0,Label 5,Whisky blended,"Garrafa de 0,70 l",11.99,17.13,700,L,€/L,,,https://driveimg1.intermarche.com/pt/Content/images/boitmal/produit/zoom/C08CAF9ADA1BDE594E3803CD3B274AB6.jpg,,,,,,,,2025-12-24T23:59:59Z,PROSPECTUS,18,3
1116,5601066301152,500.0,Nacional,"Massa de cotovelos, embalagem de 500g",,0.89,1.78,0,kg,€/Kg,,,https://driveimg1.intermarche.com/pt/Content/images/boitmal/produit/zoom/8DDB0C745E67458BAC26BBF8F8ADAE50.jpg,,,,,,,,2025-11-19T23:59:59Z,PROSPECTUS,18,3
1128,5601068902647,55.0,Margão,"Alho em pó, frasco, embalagem de 55g",,2.24,40.73,0,kg,€/Kg,,,https://driveimg1.intermarche.com/pt/Content/images/boitmal/produit/zoom/76296439DB3BB5AA7AD903B7D97A9CC8.jpg,,,,,,,,2025-11-19T23:59:59Z,PROSPECTUS,18,3
11418,5449000020024,4000.0,Coca-Cola,"Refrigerante com gás regular, pack 4 x 1l",,4.79,1.2,4000,L,€/L,,,https://driveimg1.intermarche.com/pt/Content/images/boitmal/produit/zoom/2CFD5889C46C254AA784DACA4FED411E.jpg,https://driveimg1.intermarche.com/pt/Content/images/boitmal/produit/zoom/CA0D8B97BB868D45B944027647273BDD.jpg,,,,,,,2025-11-19T23:59:59Z,PROSPECTUS,18,3
1142,5601082026954,55.0,Delta Q,Café em cápsulas  qonvictus,Embalagem de 55 g,4.99,90.73,0,kg,€/Kg,,,https://driveimg1.intermarche.com/pt/Content/images/boitmal/produit/zoom/2BCCE3D035FB6F5D7FC434FDA25E120B.jpg,,,,,,,,2025-11-19T23:59:59Z,PROSPECTUS,18,3
11464,5601018003400,1000.0,Matinal,"Leite seleccionado meio gordo, de 1l",,1.0,1.0,1000,L,€/L,,,https://driveimg1.intermarche.com/pt/Content/images/boitmal/produit/zoom/5F34056BF2D07C9D39E218B31081D1FC.jpg,,,,,,,,2025-11-19T23:59:59Z,PROSPECTUS,18,3
11465,5601018003608,1000.0,Matinal,"Leite seleccionado magro, de 1l",,1.0,1.0,1000,L,€/L,,,https://driveimg1.intermarche.com/pt/Content/images/boitmal/produit/zoom/F46A1F399BBA63407EB01F30929F5649.jpg,,,,,,,,2025-11-19T23:59:59Z,PROSPECTUS,18,3
11960,5603722505300,250.0,Mimosa,"Manteiga magra, embalagem de 250g",,2.09,8.36,0,kg,€/Kg,,,https://driveimg1.intermarche.com/pt/Content/images/boitmal/produit/zoom/C74CBDA10A089507D586E060E46ABF03.jpg,https://driveimg1.intermarche.com/pt/Content/images/boitmal/produit/zoom/C2F91C79228A3ADF27E4AEC55908D66D.jpg,https://driveimg1.intermarche.com/pt/Content/images/boitmal/produit/zoom/8234260C017BAB3AE2C659FDE5BBED44.jpg,,,,,,2025-11-19T23:59:59Z,PROSPECTUS,18,3
12237,7613034725936,390.0,Nesquik,"Achocolatado em pó extra chocolate, embalagem de 390g",,4.89,12.54,0,kg,€/Kg,,,https://driveimg1.intermarche.com/pt/Content/images/boitmal/produit/zoom/353302D99749C8164ECF43D711820BAA.jpg,,,,,,,,2025-11-19T23:59:59Z,PROSPECTUS,18,3
12286,8001480020696,2000.0,Neoblanc,Lixívia para roupa delicada,Embalagem de 2 l,5.24,2.62,2000,L,€/L,,,https://driveimg1.intermarche.com/pt/Content/images/boitmal/produit/zoom/AA134EE88CA0DF0986A964941E1C5878.jpg,,,,,,,,2025-11-19T23:59:59Z,PROSPECTUS,18,3
12468,8435250439584,256.0,Nestlé,"Iogurte mix in smarties morango, embalagem de 2 x 128 g",,2.19,8.55,0,kg,€/Kg,,,https://driveimg1.intermarche.com/pt/Content/images/boitmal/produit/zoom/546EB338CC6149CC0CDDECE6E5ABF48D.jpg,,,,,,,,2025-11-19T23:59:59Z,PROSPECTUS,18,3
12471,8435257040868,640.0,Nestlé,"Iogurte líquido yoggi morango/banana, embalagem de 4 x 160g",,1.99,3.11,0,kg,€/Kg,,,https://driveimg1.intermarche.com/pt/Content/images/boitmal/produit/zoom/E92C48D7A1A5BA67322D0E6250F5BAFF.jpg,,,,,,,,2025-11-19T23:59:59Z,PROSPECTUS,18,3
1277,5601151122204,1000.0,Compal,"Néctar clássico laranja, embalagem de 1l",,1.49,1.49,1000,L,€/L,,,https://driveimg1.intermarche.com/pt/Content/images/boitmal/produit/zoom/FFA575FB36486FB910B07FE306015FF4.jpg,,,,,,,,2025-11-19T23:59:59Z,PROSPECTUS,18,3
1323,5601163020512,9000.0,Luso,"Água sem gás, pack 6 x 1.5 l",,3.59,0.4,9000,L,€/L,,,https://driveimg1.intermarche.com/pt/Content/images/boitmal/produit/zoom/001A786D3A6068914B18C4EF27206C2E.jpg,,,,,,,,2025-11-19T23:59:59Z,PROSPECTUS,18,3
1331,5601165006255,259.0,Calvé,"Molho de alho, embalagem de 260g",,1.94,7.49,0,kg,€/Kg,,,https://driveimg1.intermarche.com/pt/Content/images/boitmal/produit/zoom/250292652676F63A9916D46B501BCEC4.jpg,https://driveimg1.intermarche.com/pt/Content/images/boitmal/produit/zoom/5F13F0DF96776682A865C5AC21E8DB42.jpg,https://driveimg1.intermarche.com/pt/Content/images/boitmal/produit/zoom/5F13F0DF96776682A865C5AC21E8DB42.jpg,https://driveimg1.intermarche.com/pt/Content/images/boitmal/produit/zoom/5F13F0DF96776682A865C5AC21E8DB42.jpg,https://driveimg1.intermarche.com/pt/Content/images/boitmal/produit/zoom/5F13F0DF96776682A865C5AC21E8DB42.jpg,,,,2025-11-19T23:59:59Z,PROSPECTUS,18,3
13529,2893521000000,1000.0,Peixaria,Pescada do Chile Congelada Nº3,1 un= 1 kg (aprox.),8.99,8.99,0,,€/Kg,,Avantages !,https://driveimg1.intermarche.com/pt/Content/images/boitmal/produit/zoom/40D57D35BBDBDF72027C959F41A6E90C.jpg,,,,,,,,2025-11-19T23:59:59Z,PROSPECTUS,18,3
13884,2891106000000,2000.0,PorSi Select,Frango do Campo Inteiro c/ Miúdos Programa Origens,Vendido ao peso,7.98,3.99,0,,€/Kg,,,https://driveimg1.intermarche.com/pt/Content/images/boitmal/produit/zoom/4004CE88E12A24D0AD85684C27210FBB.jpg,,,,,,,,2025-11-19T23:59:59Z,PROSPECTUS,18,3
13950,2891145000000,100.0,Porco,Salsicha Fresca,1 un = 100 gr (aprox.),0.54,5.39,0,,€/Kg,,,https://driveimg1.intermarche.com/pt/Content/images/boitmal/produit/zoom/2E1CED7EDF010F56C2BF0E6CDF74D52B.jpg,,,,,,,,2025-11-19T23:59:59Z,PROSPECTUS,18,3
13981,2696138000000,60.0,Pastelaria,Pastel de Nata,60 g,0.39,6.5,0,kg,€/Kg,,,https://driveimg1.intermarche.com/pt/Content/images/boitmal/produit/zoom/EA9B10BF07D95E268418206A452F7022.jpg,,,,,,,,2025-11-19T23:59:59Z,PROSPECTUS,18,3
14202,5604260273942,500.0,PorSi,Pão Brioche Fatiado 500g,,2.69,5.38,0,kg,€/Kg,,,https://driveimg1.intermarche.com/pt/Content/images/boitmal/produit/zoom/DC79C0DA633B2DF5CA7AC0982CBE9A64.jpg,,,,,,,,2025-11-19T23:59:59Z,PROSPECTUS,18,3
14217,7613033174667,,Nescafé,"Café em cápsulas dolce gusto galão, embalagem de 16 cápsulas",,5.89,5.89,16,,€/Unidade,,,https://driveimg1.intermarche.com/pt/Content/images/boitmal/produit/zoom/FEB34449ED6EA4F21A684A5D79C90ED5.jpg,,,,,,,,2025-11-19T23:59:59Z,PROSPECTUS,18,3
1428,5601255322210,1000.0,Caçarola,"Arroz basmati, embalagem de 1 kg",,2.39,2.39,0,kg,€/Kg,,,https://driveimg1.intermarche.com/pt/Content/images/boitmal/produit/zoom/99A1270286470596ADA62717118DFC3F.jpg,,,,,,,,2025-11-19T23:59:59Z,PROSPECTUS,18,3
14372,8712100599392,550.0,Calvé,"Ketchup top down, embalagem de 550g",,2.59,4.71,0,kg,€/Kg,,,https://driveimg1.intermarche.com/pt/Content/images/boitmal/produit/zoom/6D3218F33B22BC3205033BC41E176600.jpg,https://driveimg1.intermarche.com/pt/Content/images/boitmal/produit/zoom/FE7F103C359D2D1FD7BF3FDC8DD381BA.jpg,https://driveimg1.intermarche.com/pt/Content/images/boitmal/produit/zoom/FE7F103C359D2D1FD7BF3FDC8DD381BA.jpg,https://driveimg1.intermarche.com/pt/Content/images/boitmal/produit/zoom/FE7F103C359D2D1FD7BF3FDC8DD381BA.jpg,,,,,2025-11-19T23:59:59Z,PROSPECTUS,18,3
14458,7613034678607,90.0,Nestlé,"Fruta para bebé banana maçã +4 meses, embalagem de 90g",,0.65,7.22,0,kg,€/Kg,,,https://driveimg1.intermarche.com/pt/Content/images/boitmal/produit/zoom/0F3547F16577E97D821E3E9FDD9F17B9.jpg,,,,,,,,2025-11-19T23:59:59Z,PROSPECTUS,18,3
14490,5604260273584,1000.0,PorSi,Corn Flakes 1 kg,,2.99,2.99,0,kg,€/Kg,,,https://driveimg1.intermarche.com/pt/Content/images/boitmal/produit/zoom/3EF873C3D07412E04ADAF72EA17EF40E.jpg,,,,,,,,2025-11-19T23:59:59Z,PROSPECTUS,18,3
1453,5601286207579,500.0,Milaneza,"Massa para lasanha com ovo, embalagem de 500g",,1.93,3.86,0,kg,€/Kg,,,https://driveimg1.intermarche.com/pt/Content/images/boitmal/produit/zoom/CF24B89A0856350191ED577D5DB60D92.jpg,,,,,,,,2025-11-19T23:59:59Z,PROSPECTUS,18,3
14854,2891117000000,2350.0,PorSi,Pato inteiro com miúdos,1 un = 2.250 kg (aprox.),10.53,4.48,0,,€/Kg,,,https://driveimg1.intermarche.com/pt/Content/images/boitmal/produit/zoom/E5F2031D60089F4C13D404725928D593.jpg,,,,,,,,2025-11-19T23:59:59Z,PROSPECTUS,18,3
14977,5604260276035,150.0,PorSi,Presunto Fatiado 6 Meses de Cura 200g,,2.79,18.6,0,kg,€/Kg,,,https://driveimg1.intermarche.com/pt/Content/images/boitmal/produit/zoom/688C678F0C2B7E25A8D1F995520DCD58.jpg,,,,,,,,2025-11-19T23:59:59Z,PROSPECTUS,18,3
15013,2892586000000,1000.0,Programa Origens,Couve Roxa,1 un = 1 kg (aprox.),0.99,0.99,0,,€/Kg,,,https://driveimg1.intermarche.com/pt/Content/images/boitmal/produit/zoom/0752C121E89F4808C55CABA6C3E6EA04.jpg,,,,,,,,2025-11-19T23:59:59Z,PROSPECTUS,18,3
15168,2927299000000,400.0,PorSi,Posta de Perca-do-Nilo Congelada,Vendido ao peso,4.4,10.99,0,,€/Kg,,Avantages !,https://driveimg1.intermarche.com/pt/Content/images/boitmal/produit/zoom/BE6507EEDC582017C9DCC85506EA8022.jpg,,,,,,,,2025-11-19T23:59:59Z,PROSPECTUS,18,3
15315,3250391455591,170.0,Bouton d' Or,Snack batata sabor natas/cebola,Embalagem de 170 g,1.99,11.71,0,kg,€/Kg,,,https://driveimg1.intermarche.com/pt/Content/images/boitmal/produit/zoom/53ECE25B42BD58A938957AF7D2F88D5F.jpg,,,,,,,,2025-11-19T23:59:59Z,PROSPECTUS,18,3
15350,5604260266890,800.0,PorSi,Bacalhau posta asa branca,Embalagem de 800G,12.99,16.24,0,kg,€/Kg,,Tipo de stockagem,https://driveimg1.intermarche.com/pt/Content/images/boitmal/produit/zoom/43BB35F40C1294E723BAA5CCE2B4677A.jpg,,,,,,,,2025-11-19T23:59:59Z,PROSPECTUS,18,3
15566,8410063056180,250.0,Pescanova,"Miolo camarão, 250g",,6.99,27.96,0,kg,€/Kg,,Tipo de stockagem,https://driveimg1.intermarche.com/pt/Content/images/boitmal/produit/zoom/BEE1FF3586E000AD085B4D38C7ACD034.jpg,,,,,,,,2025-11-19T23:59:59Z,PROSPECTUS,18,4
15800,7613035078369,125.0,Nescafé,"Cappuccino intenso, embalagem de 130g",,2.69,21.52,0,kg,€/Kg,,,https://driveimg1.intermarche.com/pt/Content/images/boitmal/produit/zoom/61DADA7427797DA3A992DAC69018853B.jpg,,,,,,,,2025-11-19T23:59:59Z,PROSPECTUS,18,4
15981,5601119244375,210.0,Nobre,"Salsichas extra suculentas de frango, frasco de 210g",,2.55,12.14,0,kg,€/Kg,,,https://driveimg1.intermarche.com/pt/Content/images/boitmal/produit/zoom/FF112EFB90E4953B2240BF7E131FD2C0.jpg,,,,,,,,2025-11-19T23:59:59Z,PROSPECTUS,18,4
16022,5601146703609,5000.0,Sagres,Cerveja Mini,20 x 0.25 l,9.79,1.96,5000,L,€/L,,,https://driveimg1.intermarche.com/pt/Content/images/boitmal/produit/zoom/CF0AC3A8EDB171FA4E35FF0504CF12A8.jpg,,,,,,,,2025-11-19T23:59:59Z,PROSPECTUS,18,4
16042,8410022000025,200.0,Donuts,Donuts classic,Embalagem de 200g,2.19,10.95,0,kg,€/Kg,,,https://driveimg1.intermarche.com/pt/Content/images/boitmal/produit/zoom/E1B9DB77B40B4B4B4AC4E69C7559B6D6.jpg,,,,,,,,2025-11-19T23:59:59Z,PROSPECTUS,18,4
16608,8712561521437,700.0,Cif,"Creme abrasivo limão, de 700 ml",,2.69,3.84,700,L,€/L,,,https://driveimg1.intermarche.com/pt/Content/images/boitmal/produit/zoom/734448B6276EB5C2CFFCEBF5E628AF6D.jpg,,,,,,,,2025-11-19T23:59:59Z,PROSPECTUS,18,4
16677,5604260276813,500.0,PorSi,Iogurte Tipo Grego Framboesa/ Amora 4x125g,,1.65,3.3,0,kg,€/Kg,,,https://driveimg1.intermarche.com/pt/Content/images/boitmal/produit/zoom/FA3982F1A80508AC104E539932C54F48.jpg,,,,,,,,2025-11-19T23:59:59Z,PROSPECTUS,18,4
16857,5603344531114,110.0,General,Atum natural,Embalagem de 110g,1.1,10.0,0,kg,€/Kg,,,https://driveimg1.intermarche.com/pt/Content/images/boitmal/produit/zoom/D147FF3405CBBBAF67756FEDE1B5317A.jpg,,,,,,,,2025-11-19T23:59:59Z,PROSPECTUS,18,4
17115,5000116110155,640.0,Capitão Iglo,8 hamburguers s/ glúten vaca,Embalagem de 640g,7.99,12.48,0,kg,€/Kg,,Tipo de stockagem,https://driveimg1.intermarche.com/pt/Content/images/boitmal/produit/zoom/6FAFE9FC4DDEB6CE7DCD2D721BE41E81.jpg,,,,,,,,2025-11-19T23:59:59Z,PROSPECTUS,18,4
17419,5601119243781,110.0,Nobre,"Peito de frango fatias finas, embalagem de 110g",,2.39,21.73,0,kg,€/Kg,,,https://driveimg1.intermarche.com/pt/Content/images/boitmal/produit/zoom/568E87E8AE328D133D5414163DCC53D1.jpg,,,,,,,,2025-11-19T23:59:59Z,PROSPECTUS,18,4
18401,3250390224747,400.0,Páturages,Queijo Raclette Fatias 400g,Embalagem de 400 g,4.99,12.48,0,kg,€/Kg,,,https://driveimg1.intermarche.com/pt/Content/images/boitmal/produit/zoom/DBAFB046D9950AAE2BCD847D8EA8C5FE.jpg,,,,,,,,2025-11-19T23:59:59Z,PROSPECTUS,18,4
1845,5604260035854,185.0,PorSi,Batatas Fritas Lisas com Sabor a Queijo e Ervas 185g,,1.84,9.95,0,kg,€/Kg,,,https://driveimg1.intermarche.com/pt/Content/images/boitmal/produit/zoom/E9E6993B7202404AB95C04A2C893A1AC.jpg,,,,,,,,2025-11-19T23:59:59Z,PROSPECTUS,18,4
18571,5604260320806,,PorSi,Pensos Higiénicos Ultrafinos Normal com Abas - 16 Unidades,,1.15,1.15,0,,€/Unidade,,,https://driveimg1.intermarche.com/pt/Content/images/boitmal/produit/zoom/A93F4B2F3D4FAAAAC4665221616BA58C.jpg,,,,,,,,2025-11-19T23:59:59Z,PROSPECTUS,18,4
20233,8410436275798,50.0,Sonasol,"Bloco sanitário, Blue Active Floral",Embalagem de 50 g,1.98,39.6,0,kg,€/Kg,,,https://driveimg1.intermarche.com/pt/Content/images/boitmal/produit/zoom/DC5810AD157B74D3DE9D316FD35B4F6E.jpg,,,,,,,,2025-11-19T23:59:59Z,PROSPECTUS,18,4
2044,5604260162819,800.0,PorSi,Polvo Limpo 800g,,9.49,11.86,0,kg,€/Kg,,Tipo de stockagem,https://driveimg1.intermarche.com/pt/Content/images/boitmal/produit/zoom/02CF4CCD859FE5868772BC9E65725B72.jpg,,,,,,,,2025-11-19T23:59:59Z,PROSPECTUS,18,4
2073,5604260193547,1000.0,PorSi,Néctar Alperce 1l,,1.29,1.29,1000,L,€/L,,,https://driveimg1.intermarche.com/pt/Content/images/boitmal/produit/zoom/5852F28CE802CCE764D08FE69C2FE9F2.jpg,,,,,,,,2025-11-19T23:59:59Z,PROSPECTUS,18,4
2078,5604260193615,1000.0,PorSi,Néctar Manga 1l,,1.09,1.09,1000,L,€/L,,,https://driveimg1.intermarche.com/pt/Content/images/boitmal/produit/zoom/D23D9A7AC4F06A69F99337FC65D741A2.jpg,,,,,,,,2025-11-19T23:59:59Z,PROSPECTUS,18,4
2091,5604260194087,1000.0,PorSi,Farinha Láctea 1kg,,5.29,5.29,0,kg,€/Kg,,,https://driveimg1.intermarche.com/pt/Content/images/boitmal/produit/zoom/8ED788A67C335ED68A86F5666D0A6B59.jpg,,,,,,,,2025-11-19T23:59:59Z,PROSPECTUS,18,4
20918,5000116110964,840.0,Capitão Iglo,"30 douradinhos, embalagem de 840g",,8.99,10.7,0,kg,€/Kg,,Tipo de stockagem,https://driveimg1.intermarche.com/pt/Content/images/boitmal/produit/zoom/3C52B0905F2F1ACE3D67359B13FE0331.jpg,,,,,,,,2025-11-19T23:59:59Z,PROSPECTUS,18,4
2123,5604260252275,180.0,PorSi,Mini Tostas Integrais 180g,,1.29,7.17,0,kg,€/Kg,,,https://driveimg1.intermarche.com/pt/Content/images/boitmal/produit/zoom/EE0A94B6FEE04D9A799E630FA9817CDB.jpg,,,,,,,,2025-11-19T23:59:59Z,PROSPECTUS,18,4
2177,5604260263851,1000.0,Kingsbräu,Cerveja 1l,,1.19,1.19,1000,L,€/L,,,https://driveimg1.intermarche.com/pt/Content/images/boitmal/produit/zoom/9B446F37D88EB5733D9DA56B5D88319C.jpg,,,,,,,,2025-11-19T23:59:59Z,PROSPECTUS,18,4
2198,5604260264742,125.0,PorSi,Cappuccino 125 G,,1.99,15.92,0,kg,€/Kg,,,https://driveimg1.intermarche.com/pt/Content/images/boitmal/produit/zoom/7A75C1A53AB12261C7716520366AA7E7.jpg,,,,,,,,2025-11-19T23:59:59Z,PROSPECTUS,18,4
2279,5604260270095,55.0,PorSi,Cápsulas Café Descafeinado Cnpx10,,1.89,34.36,0,kg,€/Kg,,,https://driveimg1.intermarche.com/pt/Content/images/boitmal/produit/zoom/D26303CA655FAD23B73DEC3CCA6C621F.jpg,,,,,,,,2025-11-19T23:59:59Z,PROSPECTUS,18,4
2281,5604260270118,55.0,PorSi,Cápsulas Café Veneza Cnpx10,,2.29,41.64,0,kg,€/Kg,,,https://driveimg1.intermarche.com/pt/Content/images/boitmal/produit/zoom/D116B291766A226D4C93852C6F88B818.jpg,,,,,,,,2025-11-19T23:59:59Z,PROSPECTUS,18,4
23472,5000116111596,225.0,Iglo,"Filetes primavera limão, embalagem de 230g",,3.74,16.62,0,kg,€/Kg,,Tipo de stockagem,https://driveimg1.intermarche.com/pt/Content/images/boitmal/produit/zoom/E67A355978F838387CC15D584DCC8A77.jpg,,,,,,,,2025-11-19T23:59:59Z,PROSPECTUS,18,4
2405,5608543000096,15.0,Tetley,"Chá preto, embalagem de 20g",,0.74,49.33,0,kg,€/Kg,,,https://driveimg1.intermarche.com/pt/Content/images/boitmal/produit/zoom/60725F7743D3C0E53432295C1F3FD6AE.jpg,,,,,,,,2025-11-19T23:59:59Z,PROSPECTUS,18,4
2407,5608543000133,18.0,Tetley,Chá verde,Embalagem de 20g,0.94,52.22,0,kg,€/Kg,,,https://driveimg1.intermarche.com/pt/Content/images/boitmal/produit/zoom/41193B0BE32FD225777DDB9DE2467E1D.jpg,,,,,,,,2025-11-19T23:59:59Z,PROSPECTUS,18,4
2412,5608543000188,10.0,Tetley,Infusão de lúcia lima,Embalagem de 10g,0.89,89.0,0,kg,€/Kg,,,https://driveimg1.intermarche.com/pt/Content/images/boitmal/produit/zoom/7145B81A3462EE6E617B278110069FC5.jpg,,,,,,,,2025-11-19T23:59:59Z,PROSPECTUS,18,4
24380,8434165444881,500.0,Cuétara,Choco flakes,Embalagem de 500g,3.34,6.68,0,kg,€/Kg,,,https://driveimg1.intermarche.com/pt/Content/images/boitmal/produit/zoom/B608700F0A2C471F9866509C7ED90B7D.jpg,,,,,,,,2025-11-19T23:59:59Z,PROSPECTUS,18,4
24413,8410436297783,1300.0,Sonasol,"Lava tudo PH neutro, embalagem de 1,3l",,2.24,1.72,1300,L,€/L,,,https://driveimg1.intermarche.com/pt/Content/images/boitmal/produit/zoom/40B27BFEEAC61B53B8E103581B41FECE.jpg,,,,,,,,2025-11-19T23:59:59Z,PROSPECTUS,18,4
24414,8410436297691,1300.0,Sonasol,"Lava tudo camomila e flor de laranjeira, 1,3l",,2.24,1.72,1300,L,€/L,,,https://driveimg1.intermarche.com/pt/Content/images/boitmal/produit/zoom/C67C521AD0B096D9F596A17B56363CA4.jpg,,,,,,,,2025-11-19T23:59:59Z,PROSPECTUS,18,4
24855,8434165444850,175.0,Cuétara,"Bolacha Flakes Bombing, 175g",,1.99,11.37,0,kg,€/Kg,,,https://driveimg1.intermarche.com/pt/Content/images/boitmal/produit/zoom/E545C5A07242897A6E616877912C3813.jpg,,,,,,,,2025-11-19T23:59:59Z,PROSPECTUS,18,4
2504,7613033162183,,Nescafé,"Café em cápsulas dolce gusto nesquik, embalagem de 16 cápsulas",,5.89,5.89,16,,€/Unidade,,,https://driveimg1.intermarche.com/pt/Content/images/boitmal/produit/zoom/FFEEFEF25E701F2D441EFADAFB575838.jpg,,,,,,,,2025-11-19T23:59:59Z,PROSPECTUS,18,4
25185,8001090362841,,Evax,Pensos higiénicos liberty normal abas,Embalagem com 12 un.,2.79,2.79,0,,€/Unidade,,,https://driveimg1.intermarche.com/pt/Content/images/boitmal/produit/zoom/08B9620E64423FB759215F697F387CEB.jpg,,,,,,,,2025-11-19T23:59:59Z,PROSPECTUS,18,4
25276,5775345121585,700.0,Sunquick,"Concentrado de frutas tropicais, garrafa de 700 ml",,6.15,8.79,700,L,€/L,,,https://driveimg1.intermarche.com/pt/Content/images/boitmal/produit/zoom/CD328D03EDEF01B544BB4E814586A67D.jpg,,,,,,,,2025-11-19T23:59:59Z,PROSPECTUS,18,4
26177,5603722514470,1000.0,Matinal,"Leite seleccionado leve, de 1l",,1.1,1.1,1000,L,€/L,,,https://driveimg1.intermarche.com/pt/Content/images/boitmal/produit/zoom/3414EC19C8611CE7E0D99781254117D1.jpg,,,,,,,,2025-11-19T23:59:59Z,PROSPECTUS,18,4
26414,5000116110919,1042.0,Capitão Iglo,"50 nuggets de frango, embalagem de 1042g",,12.99,12.47,0,kg,€/Kg,,Tipo de stockagem,https://driveimg1.intermarche.com/pt/Content/images/boitmal/produit/zoom/D97E3080A57234D7462734347713E694.jpg,,,,,,,,2025-11-19T23:59:59Z,PROSPECTUS,18,4
26596,8711000357484,,LOr,"Café forza intensidade 9, 10 cápsulas",,3.59,3.59,10,,€/Unidade,,,https://driveimg1.intermarche.com/pt/Content/images/boitmal/produit/zoom/5ACC49F694F43D6040AB862115E73E50.jpg,,,,,,,,2025-11-19T23:59:59Z,PROSPECTUS,18,4
26597,8711000357521,,LOr,"Café descafeinato ristretto intensidade 9, 10 cápsulas",,3.59,3.59,10,,€/Unidade,,,https://driveimg1.intermarche.com/pt/Content/images/boitmal/produit/zoom/7A976165DC284D268E8CC586DF0B24CC.jpg,,,,,,,,2025-11-19T23:59:59Z,PROSPECTUS,18,4
27949,5604260281374,780.0,Porsi Programa Origens,Legumes para Creme de Cenoura 780 G,,1.39,1.78,0,kg,€/Kg,,,https://driveimg1.intermarche.com/pt/Content/images/boitmal/produit/zoom/3AED21A6B13883A6F82FA61F7DFC5250.jpg,,,,,,,,2025-11-19T23:59:59Z,PROSPECTUS,18,4
27950,5604260281404,450.0,Porsi Programa Origens,Mistura Saborosa 450 G,,1.39,3.09,0,kg,€/Kg,,,https://driveimg1.intermarche.com/pt/Content/images/boitmal/produit/zoom/9FC1BB19FC125562EBD7537C69EF7799.jpg,,,,,,,,2025-11-19T23:59:59Z,PROSPECTUS,18,4
283,0000080393313,85.0,Purina Gourmet,"Comida húmida para gato mousse com peixe do oceano, embalagem de 90g",,0.74,8.71,0,kg,€/Kg,,,https://driveimg1.intermarche.com/pt/Content/images/boitmal/produit/zoom/1C1FA938089F82A59F34DAEE218383B9.jpg,,,,,,,,2025-11-19T23:59:59Z,PROSPECTUS,18,4
28497,3222270502450,680.0,Purina Gourmet,Comida Húmida para Gato Seleção de Mousses,Embalagem de 680g,4.64,6.82,0,kg,€/Kg,,,https://driveimg1.intermarche.com/pt/Content/images/boitmal/produit/zoom/48B98515C30D063D1F85A14F56AAE58A.jpg,,,,,,,,2025-11-19T23:59:59Z,PROSPECTUS,18,4
29417,5604260296484,500.0,PorSi,Kefir Líquido Natural 500g,,1.0,2.0,0,kg,€/Kg,,,https://driveimg1.intermarche.com/pt/Content/images/boitmal/produit/zoom/1DC4ED7F9A816B066F43BF4AFE2CDA94.jpg,,,,,,,,2025-11-19T23:59:59Z,PROSPECTUS,18,4
30053,7613036271882,,Nescafé,"Cápsulas de café com leite cappuccino, embalagem com 16 cápsulas",,5.89,5.89,16,,€/Unidade,,,https://driveimg1.intermarche.com/pt/Content/images/boitmal/produit/zoom/5BB9EC4C2940375D6F1C3E0EB32D5765.jpg,,,,,,,,2025-11-19T23:59:59Z,PROSPECTUS,18,4
30500,5604260282944,750.0,Selecção de Enófilos,"Vinho Tinto Regional Península de Setúbal 0,75l",,1.79,2.39,750,L,€/L,,,https://driveimg1.intermarche.com/pt/Content/images/boitmal/produit/zoom/A338F72252D03458166BD2386C7E9C15.jpg,,,,,,,,2025-11-19T23:59:59Z,PROSPECTUS,18,4
30879,5601195620124,1000.0,Pedras Salgadas,"Pedras salgadas frutos vermelhos, pack 4 x 0.25 l",,2.19,2.19,1000,L,€/L,,,https://driveimg1.intermarche.com/pt/Content/images/boitmal/produit/zoom/DACC98E3A99D2D4256E058D5E52543E9.jpg,,,,,,,,2025-11-19T23:59:59Z,PROSPECTUS,18,4
30891,5609060099617,200.0,Delta,Bebida solúvel cereais+fibra frasco 200g,Embalagem de 200g,2.79,13.95,0,kg,€/Kg,,,https://driveimg1.intermarche.com/pt/Content/images/boitmal/produit/zoom/7C416EF7E94C6799222D8AD20D418923.jpg,,,,,,,,2025-11-19T23:59:59Z,PROSPECTUS,18,4
33113,7613036562874,,Nescafé,"Café ristretto napoli, embalagem de 16 cápsulas",,5.89,5.89,16,,€/Unidade,,,https://driveimg1.intermarche.com/pt/Content/images/boitmal/produit/zoom/BF5F6B7C5C6AF2805D2287F3CBC35ACC.jpg,,,,,,,,2025-11-19T23:59:59Z,PROSPECTUS,18,4
33127,8001010033721,135.0,Ponti,"Molho pesto ponti, 135 g",,2.25,16.67,0,kg,€/Kg,,,https://driveimg1.intermarche.com/pt/Content/images/boitmal/produit/zoom/1A053A6A674F62936E57477C3620A6B1.jpg,,,,,,,,2025-11-19T23:59:59Z,PROSPECTUS,18,4
3343,5604260057023,,PorSi,Porsi - Esfregona Tiras Suave Cabo /91g,,2.33,2.33,0,,€/Unidade,,,https://driveimg1.intermarche.com/pt/Content/images/boitmal/produit/zoom/185349C1FF399CAAFF5EE264CCEE9B5B.jpg,,,,,,,,2025-11-19T23:59:59Z,PROSPECTUS,18,4
3344,5604260057030,,PorSi,Porsi - Recarga Esfregona Tiras Suave /91g,,0.89,0.89,0,,€/Unidade,,,https://driveimg1.intermarche.com/pt/Content/images/boitmal/produit/zoom/2BC505A39EAC5014F656E9C975DD6814.jpg,,,,,,,,2025-11-19T23:59:59Z,PROSPECTUS,18,4
3345,5604260057047,,PorSi,"Esfregona, algodão, completa",1 unidade,2.49,2.49,0,,€/Unidade,,,https://driveimg1.intermarche.com/pt/Content/images/boitmal/produit/zoom/3C0FB6F1A3B94223154820412C4C7F73.jpg,,,,,,,,2025-11-19T23:59:59Z,PROSPECTUS,18,4
33597,8412857000058,75.0,Humydry,Desumidificador e Ambientador Mini,embalagem de 75g,3.34,44.53,0,kg,€/Kg,,,https://driveimg1.intermarche.com/pt/Content/images/boitmal/produit/zoom/62FBA9F821092C538AAB5DA8EF675785.jpg,,,,,,,,2025-11-19T23:59:59Z,PROSPECTUS,18,4
34367,8410022000063,188.0,Donuts,4 donuts bombom,Embalagem de 188 g,2.19,11.65,0,kg,€/Kg,,,https://driveimg1.intermarche.com/pt/Content/images/boitmal/produit/zoom/7B5B379EA3B3F18E1A8E72078AA424EA.jpg,,,,,,,,2025-11-19T23:59:59Z,PROSPECTUS,18,4
35089,5604260287246,,PorSi,Acendalhas Ecológicas - 32 Unidades,,0.99,0.99,0,,€/Unidade,,,https://driveimg1.intermarche.com/pt/Content/images/boitmal/produit/zoom/3C3A545F046A9053ADD48AE98FE47946.jpg,,,,,,,,2025-11-19T23:59:59Z,PROSPECTUS,18,4
3564,2894493000000,150.0,PorSi,Fiambre da Perna Extra,1 un = 150 gr (aprox.),1.5,9.99,0,,€/Kg,,,https://driveimg1.intermarche.com/pt/Content/images/boitmal/produit/zoom/A9EBA756C9FD3C422D551E66AF89E1C9.jpg,,,,,,,,2025-11-19T23:59:59Z,PROSPECTUS,18,4
