identifier,produitEan13,capacite,marque,libelle,conditionnement,prix,unitPrice,volume,typeProduit_uniteByCode,unit_value,pictogrammes_0,pictogrammes_libelleCategorie,images_0,images_1,images_2,images_3,images_4,images_5,images_6,images_7,avantages_dateFin,avantages_categorie,nro_paginas,page
11523,5601051410029,250.0,Primor,"Manteiga com sal, 250g",,1.97,7.88,0,kg,€/Kg,,,https://driveimg1.intermarche.com/pt/Content/images/boitmal/produit/zoom/6515E45A6FB2F6024F4DECB68FB265B3.jpg,,,,,,,,2025-01-15T23:59:59.999999999Z,PROSPECTUS,12,1
929,5601001187803,625.0,Nestlé,"Cereais chocapic, 625 g",,3.49,5.58,0,kg,€/Kg,,,https://driveimg1.intermarche.com/pt/Content/images/boitmal/produit/zoom/8DB31C1F3066D48D593AE11B75516670.jpg,,,,,,,,2025-01-15T23:59:59.999999999Z,PROSPECTUS,12,1
1709,5604055111060,6000.0,Fastio,"Água mineral sem gás, embalagem de 6 l",,1.49,0.25,6000,L,€/L,,,https://driveimg1.intermarche.com/pt/Content/images/boitmal/produit/zoom/6EFB8FD4D0614752BB5925C1048B82B3.jpg,,,,,,,,2025-01-15T23:59:59.999999999Z,PROSPECTUS,12,1
28583,8006540876213,385.0,Pantene,"Champô caracóis perfeitos, 385 ml",,3.89,10.1,385,L,€/L,,,https://driveimg1.intermarche.com/pt/Content/images/boitmal/produit/zoom/9971EF5E8605BD12B886867CC4F0815F.jpg,,,,,,,,2025-01-15T23:59:59.999999999Z,PROSPECTUS,12,1
8752,5601217102065,1000.0,Finish,"Sal para máquina de lavar loiça, embalagem de 1 kg",,1.89,1.89,0,kg,€/Kg,,,https://driveimg1.intermarche.com/pt/Content/images/boitmal/produit/zoom/D8090F73E97416F92FF4C25B1B1ED407.jpg,,,,,,,,2025-01-15T23:59:59.999999999Z,PROSPECTUS,12,1
12972,2892040000000,1000.0,Fruta,Banana,1 un = 200 gr (aprox.),1.09,1.09,0,,€/Kg,,,https://driveimg1.intermarche.com/pt/Content/images/boitmal/produit/zoom/1515327A77B72426B2932390DFBE18E5.jpg,,,,,,,,2025-01-15T23:59:59.999999999Z,PROSPECTUS,12,1
6060,5608527000555,5000.0,Dom Campos,"Vinho tinto regional, península de setúbal, bag-in-box",Garrafa de 5 l,7.99,1.6,5000,L,€/L,,,https://driveimg1.intermarche.com/pt/Content/images/boitmal/produit/zoom/78079834B0E3726D7B386E02341FE7CB.jpg,,,,,,,,2025-01-15T23:59:59.999999999Z,PROSPECTUS,12,1
19931,7613033737046,60.0,Felix,"Snack para gato mixed grill, 60 g",,1.49,24.83,0,kg,€/Kg,,,https://driveimg1.intermarche.com/pt/Content/images/boitmal/produit/zoom/7E2E1FECDD478BE6A1632C053BCB03FD.jpg,,,,,,,,2025-01-15T23:59:59.999999999Z,PROSPECTUS,12,1
14698,7613034570512,90.0,Nestlé,"Fruta para bebé 4 frutas +4 meses, embalagem de 90g",,0.74,8.22,0,kg,€/Kg,,,https://driveimg1.intermarche.com/pt/Content/images/boitmal/produit/zoom/3717C2AF583A80AD83A765BB8032F767.jpg,,,,,,,,2025-01-15T23:59:59.999999999Z,PROSPECTUS,12,1
22955,3045200760009,500.0,Sanytol,"Desinfetante para Roupa, 500ml",,2.64,5.28,500,L,€/L,,,https://driveimg1.intermarche.com/pt/Content/images/boitmal/produit/zoom/932FDF72A4293CF6B46E5DCF125CBB20.jpg,,,,,,,,2025-01-15T23:59:59.999999999Z,PROSPECTUS,12,1
11656,5601195510128,1000.0,Pedras Salgadas,"Água com gás limão, pack 4 x 0.25 l",,1.99,1.99,1000,L,€/L,,,https://driveimg1.intermarche.com/pt/Content/images/boitmal/produit/zoom/B17C3B681260FB1EF3C3D602C2A48DB7.jpg,,,,,,,,2025-01-15T23:59:59.999999999Z,PROSPECTUS,12,1
32408,5601050034967,600.0,Danone,"Danacol aveia, embalagem de 6 x 100g",,2.99,4.98,0,kg,€/Kg,,,https://driveimg1.intermarche.com/pt/Content/images/boitmal/produit/zoom/5CE656F263120C59B9C0953B21D516B7.jpg,,,,,,,,2025-01-22T23:59:59.999999999Z,PROSPECTUS,12,1
26075,4005808223008,200.0,Nivea Men,"Gel de barbear protetor, embalagem de 200 ml",,4.49,22.45,200,L,€/L,,,https://driveimg1.intermarche.com/pt/Content/images/boitmal/produit/zoom/F8E78106C37AE14DF60C20C119F94F6B.jpg,,,,,,,,2025-01-15T23:59:59.999999999Z,PROSPECTUS,12,1
15687,5000116109234,700.0,Iglo,"Ervilhas, embalagem de 700g",,3.98,5.69,0,kg,€/Kg,,Tipo de stockagem,https://driveimg1.intermarche.com/pt/Content/images/boitmal/produit/zoom/AC9F197DD289CE6E6A9903FC824FDD75.jpg,,,,,,,,2025-01-15T23:59:59.999999999Z,PROSPECTUS,12,1
21039,5600390418079,750.0,Castelo dos Mouros,Vinho regional alentejano reserva tinto,Garrafa de 750 ml,2.99,3.99,750,L,€/L,,,https://driveimg1.intermarche.com/pt/Content/images/boitmal/produit/zoom/9BBEF0A85E5D6EB32BA1DEEF1B27B06A.jpg,,,,,,,,2025-01-15T23:59:59.999999999Z,PROSPECTUS,12,1
12994,2892524000000,100.0,Legumes,Cenoura Granel,1 un = 100 gr (aprox.),0.09,0.85,0,,€/Kg,,,https://driveimg1.intermarche.com/pt/Content/images/boitmal/produit/zoom/5AEDEF3ED6ABEF24EACEE9C46AA7916F.jpg,,,,,,,,2025-01-15T23:59:59.999999999Z,PROSPECTUS,12,1
24921,5604260281855,500.0,PorSi,Massas espirais tricolores,Embalagem 500G,0.79,1.58,0,kg,€/Kg,,,https://driveimg1.intermarche.com/pt/Content/images/boitmal/produit/zoom/5CE58905BD4CA1FD470803CD9B488D04.jpg,,,,,,,,2025-01-15T23:59:59.999999999Z,PROSPECTUS,12,1
2312,5604260271832,355.0,PorSi,Cogumelos laminados 1/2,Embalagem de 355 g,1.19,3.35,0,kg,€/Kg,,,https://driveimg1.intermarche.com/pt/Content/images/boitmal/produit/zoom/60708037644026A27C2FB6731A0DAB33.jpg,,,,,,,,2025-01-15T23:59:59.999999999Z,PROSPECTUS,12,1
12888,2892090000000,500.0,Fruta,Manga Avião,1 un=500 gr (aprox.),2.0,3.99,0,,€/Kg,,,https://driveimg1.intermarche.com/pt/Content/images/boitmal/produit/zoom/A3E5B8447376E0E91C2C4BB7B1444B76.jpg,https://driveimg1.intermarche.com/pt/Content/images/boitmal/produit/zoom/842EA0C904154D230A3A6F63A245D264.jpg,,,,,,,2025-01-15T23:59:59.999999999Z,PROSPECTUS,12,1
14921,2892534000000,400.0,Legumes,Couve Bróculo,Vendido ao peso,0.8,1.99,0,,€/Kg,,,https://driveimg1.intermarche.com/pt/Content/images/boitmal/produit/zoom/4F48873F332B6ECE759CD88793270811.jpg,,,,,,,,2025-01-15T23:59:59.999999999Z,PROSPECTUS,12,1
37745,5604260301874,540.0,PorSi,Grão de bico,Frasco com 540 g,0.85,1.57,0,kg,€/Kg,,,https://driveimg1.intermarche.com/pt/Content/images/boitmal/produit/zoom/ABBBFB42757051E49B0E75B4C2EB061F.jpg,,,,,,,,2025-01-22T23:59:59.999999999Z,PROSPECTUS,12,1
14882,2891118000000,1600.0,Frango,Frango Inteiro Grande,1 un = 1.6 kg (aprox.),3.66,2.29,0,,€/Kg,,,https://driveimg1.intermarche.com/pt/Content/images/boitmal/produit/zoom/3581EC31F0B1F288A68020FE172EC513.jpg,,,,,,,,2025-01-15T23:59:59.999999999Z,PROSPECTUS,12,1
42853,5604260307289,640.0,PorSi Viva Bem,"Iogurte liquido sem lactose morango e banana,  4 x 160 g",,1.49,2.33,0,kg,€/Kg,,,https://driveimg1.intermarche.com/pt/Content/images/boitmal/produit/zoom/DCB1F8E775A48415D7D8ECF5EAAFB690.jpg,https://driveimg1.intermarche.com/pt/Content/images/boitmal/produit/zoom/3FAE6F6D66D931FA15B9CA64E344E3AA.jpg,https://driveimg1.intermarche.com/pt/Content/images/boitmal/produit/zoom/3FAE6F6D66D931FA15B9CA64E344E3AA.jpg,https://driveimg1.intermarche.com/pt/Content/images/boitmal/produit/zoom/3FAE6F6D66D931FA15B9CA64E344E3AA.jpg,https://driveimg1.intermarche.com/pt/Content/images/boitmal/produit/zoom/3FAE6F6D66D931FA15B9CA64E344E3AA.jpg,https://driveimg1.intermarche.com/pt/Content/images/boitmal/produit/zoom/3FAE6F6D66D931FA15B9CA64E344E3AA.jpg,,,2025-01-22T23:59:59.999999999Z,PROSPECTUS,12,1
1434,5601260037109,1000.0,Cigala,"Arroz agulha, embalagem de 1 kg",,1.38,1.38,0,kg,€/Kg,,,https://driveimg1.intermarche.com/pt/Content/images/boitmal/produit/zoom/B3D52BC13D571B9BC6634FD987C80F3C.jpg,,,,,,,,2025-01-15T23:59:59.999999999Z,PROSPECTUS,12,1
12718,5604260297023,230.0,PorSi,Massa Folhada Margarina,Embalagem de 230 g,0.99,4.3,0,kg,€/Kg,,,https://driveimg1.intermarche.com/pt/Content/images/boitmal/produit/zoom/6C1FA409E5C8134DE9FAB02BCA4DC1FA.jpg,,,,,,,,2025-01-15T23:59:59.999999999Z,PROSPECTUS,12,1
13897,2891053000000,1000.0,Porco,Lombo sem Osso,Vendido ao peso a partir de 1 kg,4.49,4.49,0,,€/Kg,,,https://driveimg1.intermarche.com/pt/Content/images/boitmal/produit/zoom/415564DA70574ED3C1D7475F1F28BDB6.jpg,,,,,,,,2025-01-15T23:59:59.999999999Z,PROSPECTUS,12,1
15059,2892578000000,200.0,Legumes,Nabo Roxo sem Rama,1 un = 200 gr (aprox.),0.36,1.79,0,,€/Kg,,,https://driveimg1.intermarche.com/pt/Content/images/boitmal/produit/zoom/EECF99CF1D26FD88C91EC2A5B22EA3C8.jpg,,,,,,,,2025-01-15T23:59:59.999999999Z,PROSPECTUS,12,1
18489,5600744051020,198.0,Saborosa,"Bolacha de manteiga belga com chocolate, embalagem de 200g",,1.64,8.28,0,kg,€/Kg,,,https://driveimg1.intermarche.com/pt/Content/images/boitmal/produit/zoom/96C31A82D017146C1ADBA7AC747D4690.jpg,,,,,,,,2025-01-15T23:59:59.999999999Z,PROSPECTUS,12,1
36769,5604260298181,400.0,PorSi,Creme de Cenoura,Embalagem de 400 g,1.39,3.48,0,kg,€/Kg,,,https://driveimg1.intermarche.com/pt/Content/images/boitmal/produit/zoom/2485E967DCAC9314BFFB9A360410B3B6.jpg,,,,,,,,2025-01-15T23:59:59.999999999Z,PROSPECTUS,12,1
47020,5604260318339,150.0,PorSi Viva Bem,"Iogurte natural skyr 0%, 150 g",,0.65,4.33,0,kg,€/Kg,,,https://driveimg1.intermarche.com/pt/Content/images/boitmal/produit/zoom/14D108A9466D4928554A5008915C4E37.jpg,,,,,,,,2025-01-22T23:59:59.999999999Z,PROSPECTUS,12,1
48297,5604260320721,200.0,PorSi Viva Bem,Queijo flamengo fatias light,Embalagem de 200g,2.14,10.7,0,kg,€/Kg,,,https://driveimg1.intermarche.com/pt/Content/images/boitmal/produit/zoom/70AA2E56EA03F7DEC7BCFB6E81C245ED.jpg,,,,,,,,2025-01-22T23:59:59.999999999Z,PROSPECTUS,12,1
49622,5604260323197,800.0,PorSi,Sopa de Agrião,800 g,2.49,3.11,0,kg,€/Kg,,,https://driveimg1.intermarche.com/pt/Content/images/boitmal/produit/zoom/4085BBAFBD74C088C8D8DFDF12A0C201.jpg,,,,,,,,2025-01-22T23:59:59.999999999Z,PROSPECTUS,12,1
1195,5601119230224,650.0,Nobre,"Salsichas extra suculentas, frasco de 650 g",,2.09,3.22,0,kg,€/Kg,,,https://driveimg1.intermarche.com/pt/Content/images/boitmal/produit/zoom/F74C2FC7C8B9C0B3ED0E43FFE3B59991.jpg,,,,,,,,2025-01-15T23:59:59.999999999Z,PROSPECTUS,12,1
14862,2696029000000,70.0,Padaria,Carcaça Rústica 70 g,,0.18,2.57,0,kg,€/Kg,,,https://driveimg1.intermarche.com/pt/Content/images/boitmal/produit/zoom/6A03940B6FE85C788180114F1E701715.jpg,,,,,,,,2025-01-15T23:59:59.999999999Z,PROSPECTUS,12,1
14977,5604260276035,200.0,PorSi,Presunto fatiado,Embalagem de 200g,2.99,14.95,0,kg,€/Kg,,,https://driveimg1.intermarche.com/pt/Content/images/boitmal/produit/zoom/2381AC1845C71E2DC403157AC1817E6F.jpg,,,,,,,,2025-01-15T23:59:59.999999999Z,PROSPECTUS,12,1
16420,5604260248070,250.0,PorSi,Creme vegetal para culinária,Embalagem de 250g,0.77,3.08,0,kg,€/Kg,,,https://driveimg1.intermarche.com/pt/Content/images/boitmal/produit/zoom/7D0FD210A42B6713BB066A35A25F2D05.jpg,,,,,,,,2025-01-15T23:59:59.999999999Z,PROSPECTUS,12,1
29613,5604260283538,1000.0,PorSi Viva Bem,Bebida de Aveia,1 l,0.99,0.99,1000,L,€/L,,,https://driveimg1.intermarche.com/pt/Content/images/boitmal/produit/zoom/1EE40BC1DA49C5CE3D084214B1D3D3B9.jpg,,,,,,,,2025-01-22T23:59:59.999999999Z,PROSPECTUS,12,1
37744,5604260301805,540.0,PorSi,Feijão manteiga,Frasco com 540 g,0.85,1.57,0,kg,€/Kg,,,https://driveimg1.intermarche.com/pt/Content/images/boitmal/produit/zoom/B9B74EE9D5F4C86738772A5B6758433E.jpg,,,,,,,,2025-01-22T23:59:59.999999999Z,PROSPECTUS,12,1
42193,5604260310623,400.0,PorSi Viva Bem,Flocos de aveia,Embalagem de 400g,0.72,1.8,0,kg,€/Kg,,,https://driveimg1.intermarche.com/pt/Content/images/boitmal/produit/zoom/B2EFA7CFC0405B2D23802C53BF8F07E7.jpg,,,,,,,,2025-01-22T23:59:59.999999999Z,PROSPECTUS,12,1
43329,5604260310098,400.0,PorSi,Sopa de Agrião,Embalagem de 400g,1.49,3.73,0,kg,€/Kg,,,https://driveimg1.intermarche.com/pt/Content/images/boitmal/produit/zoom/907313DBDD5DC60683153ADA62DF8F21.jpg,https://driveimg1.intermarche.com/pt/Content/images/boitmal/produit/zoom/F91FE746E7285B80A613574BB16A67A2.jpg,https://driveimg1.intermarche.com/pt/Content/images/boitmal/produit/zoom/F91FE746E7285B80A613574BB16A67A2.jpg,https://driveimg1.intermarche.com/pt/Content/images/boitmal/produit/zoom/F91FE746E7285B80A613574BB16A67A2.jpg,https://driveimg1.intermarche.com/pt/Content/images/boitmal/produit/zoom/F91FE746E7285B80A613574BB16A67A2.jpg,https://driveimg1.intermarche.com/pt/Content/images/boitmal/produit/zoom/F91FE746E7285B80A613574BB16A67A2.jpg,https://driveimg1.intermarche.com/pt/Content/images/boitmal/produit/zoom/F91FE746E7285B80A613574BB16A67A2.jpg,https://driveimg1.intermarche.com/pt/Content/images/boitmal/produit/zoom/F91FE746E7285B80A613574BB16A67A2.jpg,2025-01-15T23:59:59.999999999Z,PROSPECTUS,12,1
43620,2696665000000,350.0,Padaria,Pão Escuro de Rio Maior,1 unidade= 350 g,1.09,3.11,0,kg,€/Kg,,,https://driveimg1.intermarche.com/pt/Content/images/boitmal/produit/zoom/1DEE250EF533441ED634EA027418C71A.jpg,,,,,,,,2025-01-22T23:59:59.999999999Z,PROSPECTUS,12,1
46847,5604260316205,500.0,PorSi,Laços tricolores,Embalagem de 500 g,0.99,1.98,0,kg,€/Kg,,,https://driveimg1.intermarche.com/pt/Content/images/boitmal/produit/zoom/26FB05A80D25E9387A8ADB50077F254D.jpg,,,,,,,,2025-01-15T23:59:59.999999999Z,PROSPECTUS,12,1
8222,5411188553304,1000.0,Alpro,"Bebida de soja com cálcio, embalagem de 1 l",,1.69,1.69,1000,L,€/L,,,https://driveimg1.intermarche.com/pt/Content/images/boitmal/produit/zoom/E93FBC9C48DDB0A312E01AACFB10CDEE.jpg,,,,,,,,2025-01-22T23:59:59.999999999Z,PROSPECTUS,12,1
9292,5603722493812,250.0,Matinal,"Manteiga magra, embalagem de 250g",,2.29,9.16,0,kg,€/Kg,,,https://driveimg1.intermarche.com/pt/Content/images/boitmal/produit/zoom/AA91DFCE88DA98DA1BB05E606B3C1FF9.jpg,,,,,,,,2025-01-15T23:59:59.999999999Z,PROSPECTUS,12,1
11961,5603722505607,1000.0,Mimosa,"Leite sem lactose meio gordo, de 1l",,1.14,1.14,1000,L,€/L,,,https://driveimg1.intermarche.com/pt/Content/images/boitmal/produit/zoom/A98ED8A0E5E675A3AC1A551BCE75B0AB.jpg,https://driveimg1.intermarche.com/pt/Content/images/boitmal/produit/zoom/4E57BFE09E8D859BDBE1705476BB9F1B.jpg,https://driveimg1.intermarche.com/pt/Content/images/boitmal/produit/zoom/E1F70144AAFCC0EAEBFF05614177D009.jpg,,,,,,2025-01-22T23:59:59.999999999Z,PROSPECTUS,12,1
12046,5604260104116,500.0,PorSi,Molho bechamel,Embalagem de 500 ml,1.59,3.18,500,L,€/L,,,https://driveimg1.intermarche.com/pt/Content/images/boitmal/produit/zoom/B291394A8F64F4ED834F032F124A988C.jpg,,,,,,,,2025-01-15T23:59:59.999999999Z,PROSPECTUS,12,1
12723,5604260297030,230.0,PorSi,Massa Quebrada Margarina,Embalagem de 230 g,0.99,4.3,0,kg,€/Kg,,,https://driveimg1.intermarche.com/pt/Content/images/boitmal/produit/zoom/59441B0A1A3AA87C68C2FF2729BD7609.jpg,,,,,,,,2025-01-15T23:59:59.999999999Z,PROSPECTUS,12,1
1302,5601151700754,845.0,Compal,"Grão de bico, lata de 850g",,1.74,2.06,0,kg,€/Kg,,,https://driveimg1.intermarche.com/pt/Content/images/boitmal/produit/zoom/DA244D258ED9A9EF750825CAFFB70E24.jpg,,,,,,,,2025-01-15T23:59:59.999999999Z,PROSPECTUS,12,1
13869,2891126000000,1000.0,PorSi,Coelho inteiro,Vendido ao peso,6.49,6.49,0,,€/Kg,,,https://driveimg1.intermarche.com/pt/Content/images/boitmal/produit/zoom/52C51860E551A8D97DAB91398A81FDB2.jpg,,,,,,,,2025-01-15T23:59:59.999999999Z,PROSPECTUS,12,1
14038,2696013000000,80.0,Padaria,Bola mistura,1 unidade= 80 g,0.19,2.38,0,kg,€/Kg,,,https://driveimg1.intermarche.com/pt/Content/images/boitmal/produit/zoom/509539D5119FE663643D444B9A3F9D6A.jpg,,,,,,,,2025-01-15T23:59:59.999999999Z,PROSPECTUS,12,1
14318,5050083172007,129.0,KelloggS,"Barra chocolate, 6x21.5g",,2.59,20.08,0,kg,€/Kg,,,https://driveimg1.intermarche.com/pt/Content/images/boitmal/produit/zoom/D0173DA2E8EA91BC92259F97FE04116F.jpg,,,,,,,,2025-01-15T23:59:59.999999999Z,PROSPECTUS,12,1
14858,2696002000000,250.0,PorSi,Baguete,250 g,0.44,1.76,0,kg,€/Kg,,,https://driveimg1.intermarche.com/pt/Content/images/boitmal/produit/zoom/E4FC9EECB7B8225F27BCA96C630D54A7.jpg,,,,,,,,2025-01-15T23:59:59.999999999Z,PROSPECTUS,12,1
15577,5604260279166,125.0,PorSi,Framboesa,Embalagem com 125g,1.99,15.92,0,kg,€/Kg,,,https://driveimg1.intermarche.com/pt/Content/images/boitmal/produit/zoom/B88FD29FAEF1BF8CB6DEB86AC94C2B60.jpg,,,,,,,,2025-01-22T23:59:59.999999999Z,PROSPECTUS,12,1
16003,5000116109630,300.0,Capitão Iglo,"12 douradinhos forníssimo, embalagem de 300g",,3.98,13.27,0,kg,€/Kg,,Tipo de stockagem,https://driveimg1.intermarche.com/pt/Content/images/boitmal/produit/zoom/544992A31EAE2C5ED6C344C7B21BC2DA.jpg,,,,,,,,2025-01-15T23:59:59.999999999Z,PROSPECTUS,12,1
17189,5603344531107,110.0,General,"Atum em posta, em azeite, embalagem de 110g",,1.49,13.55,0,kg,€/Kg,,,https://driveimg1.intermarche.com/pt/Content/images/boitmal/produit/zoom/9B578FD57DAE66EA731A200412CF6D79.jpg,,,,,,,,2025-01-15T23:59:59.999999999Z,PROSPECTUS,12,1
18077,5601363013710,265.0,LayS,"Batata frita lisas originais, embalagem de 265 g",,2.09,7.89,0,kg,€/Kg,,,https://driveimg1.intermarche.com/pt/Content/images/boitmal/produit/zoom/69F2827786BE3780E05CB46C9CECF586.jpg,,,,,,,,2025-01-15T23:59:59.999999999Z,PROSPECTUS,12,1
1847,5604260301683,540.0,PorSi,Feijão branco,Embalagem de 540g,0.85,1.57,0,kg,€/Kg,,,https://driveimg1.intermarche.com/pt/Content/images/boitmal/produit/zoom/65F3549F5DD8B5CB836B8FAB01DCCC43.jpg,,,,,,,,2025-01-22T23:59:59.999999999Z,PROSPECTUS,12,1
18618,5601027004870,210.0,Manhãzitos,Manhãzitos -50% açúcares,Embalagem 6x2 unidades,2.44,11.62,0,kg,€/Kg,,,https://driveimg1.intermarche.com/pt/Content/images/boitmal/produit/zoom/08521722BDB8760A47A03446C3145802.jpg,,,,,,,,2025-01-15T23:59:59.999999999Z,PROSPECTUS,12,1
18619,5014328054756,32.0,Tetley,Chá de frutos vermelhos,Embalagem de 30g,1.84,57.5,0,kg,€/Kg,,,https://driveimg1.intermarche.com/pt/Content/images/boitmal/produit/zoom/03305900AD56E77C8397A8E7D50DBFBD.jpg,,,,,,,,2025-01-15T23:59:59.999999999Z,PROSPECTUS,12,1
2082,5604260193684,1000.0,PorSi,Néctar light de manga/laranja prism,Embalagem de 1 l,0.99,0.99,1000,L,€/L,,,https://driveimg1.intermarche.com/pt/Content/images/boitmal/produit/zoom/83DE932D275A10A77BD1B0996587BA04.jpg,,,,,,,,2025-01-22T23:59:59.999999999Z,PROSPECTUS,12,1
22307,5601019012647,390.0,Guloso,"Tomate em pedaços, embalagem de 390g",,1.45,3.72,0,kg,€/Kg,,,https://driveimg1.intermarche.com/pt/Content/images/boitmal/produit/zoom/5ED4DE98BAC903A7106FCD013B7A79FA.jpg,,,,,,,,2025-01-15T23:59:59.999999999Z,PROSPECTUS,12,1
22335,5000116110940,420.0,Capitão Iglo,"15 douradinhos, embalagem de 420g",,4.99,11.88,0,kg,€/Kg,,Tipo de stockagem,https://driveimg1.intermarche.com/pt/Content/images/boitmal/produit/zoom/3973A8C90F686ECB72E76C3B0A0492D4.jpg,,,,,,,,2025-01-15T23:59:59.999999999Z,PROSPECTUS,12,1
2306,5604260271672,800.0,PorSi,Bacalhau posta média,Embalagem de 800g,6.49,8.11,0,kg,€/Kg,,Tipo de stockagem,https://driveimg1.intermarche.com/pt/Content/images/boitmal/produit/zoom/7BFB91B2030DFA8C523A88F3C016C8D9.jpg,,,,,,,,2025-01-15T23:59:59.999999999Z,PROSPECTUS,12,1
30477,3083681070187,225.0,Bonduelle,"Milho doce, embalagem 3 x 75g",,1.78,7.91,0,kg,€/Kg,,,https://driveimg1.intermarche.com/pt/Content/images/boitmal/produit/zoom/21305BEE4D64377736F1C50D030AC0E3.jpg,,,,,,,,2025-01-15T23:59:59.999999999Z,PROSPECTUS,12,1
30638,5607233511584,435.0,Panrico,Pão de Forma Cerealia 14 Cereais e Sementes 0% Açúcares,Embalagem de 440g,1.89,4.34,0,kg,€/Kg,,,https://driveimg1.intermarche.com/pt/Content/images/boitmal/produit/zoom/80E82D3789FD680BAAA3FD45989D08CD.jpg,,,,,,,,2025-01-15T23:59:59.999999999Z,PROSPECTUS,12,1
36721,5604260296712,200.0,PorSi,Queijo ralado mix 3 queijos,Embalagem de 200 g,1.79,8.95,0,kg,€/Kg,,,https://driveimg1.intermarche.com/pt/Content/images/boitmal/produit/zoom/1C11CBDED261510B8B75AC5F7C1146BC.jpg,,,,,,,,2025-01-15T23:59:59.999999999Z,PROSPECTUS,12,1
36923,5604260298174,400.0,PorSi,Sopa de Legumes,Embalagem de 400 g,1.29,3.23,0,kg,€/Kg,,,https://driveimg1.intermarche.com/pt/Content/images/boitmal/produit/zoom/0B9DE2705E1A7493184B701347CDDAAF.jpg,,,,,,,,2025-01-15T23:59:59.999999999Z,PROSPECTUS,12,1
37921,5604260302376,180.0,PorSi,Queijo de cabra curado rolo,Embalagem de 180 g,2.19,12.17,0,kg,€/Kg,,,https://driveimg1.intermarche.com/pt/Content/images/boitmal/produit/zoom/D632D024D4C3EC91796864A8D759F4CB.jpg,,,,,,,,2025-01-15T23:59:59.999999999Z,PROSPECTUS,12,1
38148,5603722519123,1000.0,Milhafre,Leite de Pastagem Biológico Meio Gordo,1 litro,1.09,1.09,1000,L,€/L,,Produtos Bio,https://driveimg1.intermarche.com/pt/Content/images/boitmal/produit/zoom/DCB3EAE989BC2DDA8E3D76C140D59BA5.jpg,,,,,,,,2025-01-22T23:59:59.999999999Z,PROSPECTUS,12,1
40544,5604260302031,1000.0,PorSi,Néctar de laranja e cenoura light,Embalagem de 1 litro,1.29,1.29,1000,L,€/L,,,https://driveimg1.intermarche.com/pt/Content/images/boitmal/produit/zoom/90AD6663D670ADD8591F162E05082447.jpg,,,,,,,,2025-01-22T23:59:59.999999999Z,PROSPECTUS,12,1
41640,5604260301737,540.0,PorSi,Feijão encarnado em frasco,frasco de 540 g,0.85,1.57,0,kg,€/Kg,,,https://driveimg1.intermarche.com/pt/Content/images/boitmal/produit/zoom/C91F959C8FD02C2055DD0A1A4950A458.jpg,,,,,,,,2025-01-22T23:59:59.999999999Z,PROSPECTUS,12,1
42154,5604260304707,340.0,PorSi,Fiambre da perna extra,Pack Poupança de 2 x 170 g,3.29,9.68,0,kg,€/Kg,,,https://driveimg1.intermarche.com/pt/Content/images/boitmal/produit/zoom/522CF7C8AF248AB65F1CD031BC66A250.jpg,,,,,,,,2025-01-15T23:59:59.999999999Z,PROSPECTUS,12,1
42846,5604260307982,1000.0,PorSi Bio,Bebida arroz bio,Embalagem de 1 litro,1.39,1.39,1000,L,€/L,,Produtos Bio,https://driveimg1.intermarche.com/pt/Content/images/boitmal/produit/zoom/A64C3B9BA520548A849FA44C797CDA74.jpg,,,,,,,,2025-01-15T23:59:59.999999999Z,PROSPECTUS,12,1
43214,5603722519796,400.0,Castelões,"Queijo curado fatias, embalagem de 2 x 200g",,3.89,9.73,0,kg,€/Kg,,,https://driveimg1.intermarche.com/pt/Content/images/boitmal/produit/zoom/649D651B4B5791A6D75ADB6F634902EB.jpg,,,,,,,,2025-01-15T23:59:59.999999999Z,PROSPECTUS,12,1
43864,5604260310296,1500.0,PorSi,Lima-limao zero,Garrafa de 1.5 l,0.67,0.45,1500,L,€/L,,,https://driveimg1.intermarche.com/pt/Content/images/boitmal/produit/zoom/59A3DE48DE214FDE3CF11677F5E9C81B.jpg,,,,,,,,2025-01-15T23:59:59.999999999Z,PROSPECTUS,12,1
47678,5604260319572,96.0,PorSi,Café Splendido,16 cápsulas,3.49,36.35,0,kg,€/Kg,,,https://driveimg1.intermarche.com/pt/Content/images/boitmal/produit/zoom/BE18676367C8B5BB22F7EEF5D41DB56F.jpg,,,,,,,,2025-01-15T23:59:59.999999999Z,PROSPECTUS,12,1
47917,5604260320264,126.0,PorSi,Barras de cereais forma clássica,Embalagem de 126g,1.39,11.03,0,kg,€/Kg,,,https://driveimg1.intermarche.com/pt/Content/images/boitmal/produit/zoom/ED9C046B5C97FE757232CE7F0670F7B1.jpg,https://driveimg1.intermarche.com/pt/Content/images/boitmal/produit/zoom/502AF5D05C669A741A5F5BF8A39E9552.jpg,,,,,,,2025-01-15T23:59:59.999999999Z,PROSPECTUS,12,1
48150,5604260322466,300.0,PorSi Bio,Tofu biológico,Embalagem de 300g,2.29,7.63,0,kg,€/Kg,,Produtos Bio,https://driveimg1.intermarche.com/pt/Content/images/boitmal/produit/zoom/3F6FD5124E18DBA6ED90BF27E5BA978F.jpg,,,,,,,,2025-01-22T23:59:59.999999999Z,PROSPECTUS,12,1
49623,5604260320561,800.0,PorSi,Sopa de Legumes,800 g,2.49,3.11,0,kg,€/Kg,,,https://driveimg1.intermarche.com/pt/Content/images/boitmal/produit/zoom/FF3B6724D3B5C254550A716F73EB1264.jpg,,,,,,,,2025-01-22T23:59:59.999999999Z,PROSPECTUS,12,1
50624,5603722520969,200.0,Mimosa,"Nata culinária sem lactose, 200 ml",,0.99,4.95,200,L,€/L,,,https://driveimg1.intermarche.com/pt/Content/images/boitmal/produit/zoom/17C52EE6D7D8FA0AE40E9527FFF803CC.jpg,,,,,,,,2025-01-15T23:59:59.999999999Z,PROSPECTUS,12,1
51066,5604260324316,250.0,PorSi Viva Bem,"Queijo fundido light, 250g",,2.19,8.76,0,kg,€/Kg,,,https://driveimg1.intermarche.com/pt/Content/images/boitmal/produit/zoom/88F63BC05D9FDBD7CBBF37390F91DC98.jpg,,,,,,,,2025-01-22T23:59:59.999999999Z,PROSPECTUS,12,1
54603,8720181292873,760.0,Comfort,"Intensificador perfume tropical, 760ml",,3.49,4.59,760,L,€/L,,,https://driveimg1.intermarche.com/pt/Content/images/boitmal/produit/zoom/72CE6505D84B04718FCBDF6333474C14.jpg,,,,,,,,2025-01-15T23:59:59.999999999Z,PROSPECTUS,12,1
9315,5603722509544,1000.0,Mimosa,"Leite 0% lactose magro, de 1l",,1.14,1.14,1000,L,€/L,,,https://driveimg1.intermarche.com/pt/Content/images/boitmal/produit/zoom/0350D0DE44A653A9AB01722B06443E94.jpg,https://driveimg1.intermarche.com/pt/Content/images/boitmal/produit/zoom/DC5219EC1E15E09529E323B7D196FADA.jpg,https://driveimg1.intermarche.com/pt/Content/images/boitmal/produit/zoom/DC48BFFA4281D8016E9FB40168ED4485.jpg,,,,,,2025-01-22T23:59:59.999999999Z,PROSPECTUS,12,1
959,5601019012418,1000.0,Guloso,Polpa de Tomate,Embalagem de 1 kg,1.79,1.79,0,kg,€/Kg,,,https://driveimg1.intermarche.com/pt/Content/images/boitmal/produit/zoom/3946132CDF77B4B5ABC4B3B587DC5572.jpg,,,,,,,,2025-01-15T23:59:59.999999999Z,PROSPECTUS,12,1
1012,5601043111026,1000.0,Branca de neve,"Farinha para bolos super fina, embalagem de 1 kg",,1.79,1.79,0,kg,€/Kg,,,https://driveimg1.intermarche.com/pt/Content/images/boitmal/produit/zoom/2C1F82D915B4FA8DB609B4607A05BC7E.jpg,,,,,,,,2025-01-15T23:59:59.999999999Z,PROSPECTUS,12,1
10161,8410199030900,85.0,LayS,"Aperitivos 3ds cones, embalagem de 90g",,1.19,14.0,0,kg,€/Kg,,,https://driveimg1.intermarche.com/pt/Content/images/boitmal/produit/zoom/CABD9E02E15FE0A39A1EB6AA89751DFE.jpg,,,,,,,,2025-01-15T23:59:59.999999999Z,PROSPECTUS,12,1
10175,8410375110211,300.0,Bonduelle,Milho tenro e doce,Embalagem de 300 g,1.74,5.8,0,kg,€/Kg,,,https://driveimg1.intermarche.com/pt/Content/images/boitmal/produit/zoom/7DBD23167EE67669947EBE9FBBED55C3.jpg,,,,,,,,2025-01-15T23:59:59.999999999Z,PROSPECTUS,12,1
10274,8410436242172,1100.0,Sonasol,"Lava Tudo Brilhante Floral, embalagem 1,1l",,2.79,2.54,1100,L,€/L,,,https://driveimg1.intermarche.com/pt/Content/images/boitmal/produit/zoom/01F5925CB3ADDDABA2B9F66C7D55728C.jpg,,,,,,,,2025-01-15T23:59:59.999999999Z,PROSPECTUS,12,1
10639,8712566395514,61.0,Knorr,"Sopa gourmet, cogumelos, embalagem de 60g",,1.99,32.62,0,kg,€/Kg,,,https://driveimg1.intermarche.com/pt/Content/images/boitmal/produit/zoom/37AB5E4154A122936DBF40F8E46CCD3D.jpg,,,,,,,,2025-01-15T23:59:59.999999999Z,PROSPECTUS,12,1
10823,2895063000000,250.0,Castelões,Queijo Curado kg,1 un = 250 gr  (aprox.),2.5,9.99,0,,€/Kg,,,https://driveimg1.intermarche.com/pt/Content/images/boitmal/produit/zoom/75B6363D9B6BD363EA11623977BF1CB2.jpg,,,,,,,,2025-01-15T23:59:59.999999999Z,PROSPECTUS,12,1
11297,5000127524026,300.0,Kellogg's,"Cereais special k, frutos vermelhos",Embalagem de 300g,2.99,9.97,0,kg,€/Kg,,,https://driveimg1.intermarche.com/pt/Content/images/boitmal/produit/zoom/CB255FE180D4EB8D64E75856EC06E921.jpg,,,,,,,,2025-01-15T23:59:59.999999999Z,PROSPECTUS,12,1
11403,5411188100324,500.0,Alpro,"Yofu com pedaços de mirtilo, embalagem de 4x125g",,2.54,5.08,0,kg,€/Kg,,,https://driveimg1.intermarche.com/pt/Content/images/boitmal/produit/zoom/959AD6E1E1A4574CF66E1AABCA7D1047.jpg,,,,,,,,2025-01-22T23:59:59.999999999Z,PROSPECTUS,12,1
11464,5601018003400,1000.0,Matinal,"Leite seleccionado meio gordo, de 1l",,0.98,0.98,1000,L,€/L,,,https://driveimg1.intermarche.com/pt/Content/images/boitmal/produit/zoom/5F34056BF2D07C9D39E218B31081D1FC.jpg,,,,,,,,2025-01-15T23:59:59.999999999Z,PROSPECTUS,12,1
11524,5601051420028,250.0,Primor,Manteiga sem sal,Embalagem de 250g,1.97,7.88,0,kg,€/Kg,,,https://driveimg1.intermarche.com/pt/Content/images/boitmal/produit/zoom/0C41B270FBA7B622E759FBA7E3B6B1CD.jpg,,,,,,,,2025-01-15T23:59:59.999999999Z,PROSPECTUS,12,1
11687,5601244202158,400.0,Terra Nostra,"Queijo fatias redução de gordura, embalagem de 400g",,4.19,10.48,0,kg,€/Kg,,,https://driveimg1.intermarche.com/pt/Content/images/boitmal/produit/zoom/1F91460A767DF4AF90E45E918A360294.jpg,,,,,,,,2025-01-15T23:59:59.999999999Z,PROSPECTUS,12,1
11959,5603722504945,200.0,Mimosa,"Nata para culinária ligeira, embalagem de 200 ml",,0.84,4.2,200,L,€/L,,,https://driveimg1.intermarche.com/pt/Content/images/boitmal/produit/zoom/34074ECCE8C9D0028618D923D64DF04D.jpg,,,,,,,,2025-01-15T23:59:59.999999999Z,PROSPECTUS,12,1
11987,5604055112821,2500.0,Fastio,"Água mineral sem gás, garrafa de 2,5 l",,1.09,0.44,2500,L,€/L,,,https://driveimg1.intermarche.com/pt/Content/images/boitmal/produit/zoom/FB893DB3E3427BD2F4F475F8A8AF7AFA.jpg,,,,,,,,2025-01-15T23:59:59.999999999Z,PROSPECTUS,12,1
1269,5601151021750,845.0,Compal,"Feijão preto, lata de 850g",,1.74,2.06,845,L,€/L,,,https://driveimg1.intermarche.com/pt/Content/images/boitmal/produit/zoom/9B352604A3E93D2F850CFCA0A305498A.jpg,,,,,,,,2025-01-15T23:59:59.999999999Z,PROSPECTUS,12,1
1281,5601151136140,1000.0,Compal,"Nectar vital equilibrio ananásemcoco, embalagem de 1l",,1.19,1.19,1000,L,€/L,,,https://driveimg1.intermarche.com/pt/Content/images/boitmal/produit/zoom/8767C13FE6BC314E1156E753BCDBEE55.jpg,,,,,,,,2025-01-15T23:59:59.999999999Z,PROSPECTUS,12,1
12884,2892009000000,200.0,Fruta,Limão,1 un = 200 gr (aprox.),0.3,1.49,0,,€/Kg,,,https://driveimg1.intermarche.com/pt/Content/images/boitmal/produit/zoom/5223F19D9F11D77A77B2577CB1D4D05C.jpg,,,,,,,,2025-01-15T23:59:59.999999999Z,PROSPECTUS,12,1
12889,2892175000000,150.0,Fruta,Kiwi categoria II,1 un = 150 gr (aprox.),0.52,3.49,0,,€/Kg,,,https://driveimg1.intermarche.com/pt/Content/images/boitmal/produit/zoom/39D74C337E358C98856B0EB2FC79D7A8.jpg,,,,,,,,2025-01-15T23:59:59.999999999Z,PROSPECTUS,12,2
12943,2892087000000,1500.0,Fruta,Mamão,"1 un = 1,5 kg (aprox.)",5.84,3.89,0,,€/Kg,,,https://driveimg1.intermarche.com/pt/Content/images/boitmal/produit/zoom/E92859558CF3617793775ADAD1A11B14.jpg,,,,,,,,2025-01-15T23:59:59.999999999Z,PROSPECTUS,12,2
13242,2893227000000,200.0,Peixaria,Robalo de Viveiro,de 200 a 600 g (aprox.),1.2,5.99,0,,€/Kg,,,https://driveimg1.intermarche.com/pt/Content/images/boitmal/produit/zoom/A78EB4330416D93C926049780B1174CB.jpg,,,,,,,,2025-01-15T23:59:59.999999999Z,PROSPECTUS,12,2
13977,2696106000000,,Pastelaria,Folhado de Maçã,1 unidade= 100 g,0.89,0.89,0,,€/Unidade,,,https://driveimg1.intermarche.com/pt/Content/images/boitmal/produit/zoom/C92497D9C6A75CD832651E848AF344C3.jpg,,,,,,,,2025-01-15T23:59:59.999999999Z,PROSPECTUS,12,2
14137,5604260302758,250.0,PorSi,Ervilhas cozidas,Embalagem 425 g,0.79,3.16,0,kg,€/Kg,,,https://driveimg1.intermarche.com/pt/Content/images/boitmal/produit/zoom/8E94F2AAC733EB5D413933DD676C8E09.jpg,,,,,,,,2025-01-22T23:59:59.999999999Z,PROSPECTUS,12,2
14169,5601151734452,1000.0,Compal,"Sumo 100% maçã, 1 litro",,1.35,1.35,1000,L,€/L,,,https://driveimg1.intermarche.com/pt/Content/images/boitmal/produit/zoom/3B7D32B63074578EB7477E7E971C8957.jpg,,,,,,,,2025-01-22T23:59:59.999999999Z,PROSPECTUS,12,2
14275,8411800376950,1500.0,Trina,"Refrigerante sem gás frutos tropicais, garrafa de 1,5 l",,1.69,1.13,1500,L,€/L,,,https://driveimg1.intermarche.com/pt/Content/images/boitmal/produit/zoom/A2EF24E638786185FA4E5BE9EC56BB2E.jpg,,,,,,,,2025-01-15T23:59:59.999999999Z,PROSPECTUS,12,2
14302,5000116109104,500.0,Iglo,"Ervilhas primavera, embalagem de 500g",,2.98,5.96,0,kg,€/Kg,,Tipo de stockagem,https://driveimg1.intermarche.com/pt/Content/images/boitmal/produit/zoom/331AE4FF3620F211D8048BD43B1F93FF.jpg,,,,,,,,2025-01-15T23:59:59.999999999Z,PROSPECTUS,12,2
14337,3387390320008,141.0,Nestlé,"Barras fitness com chocolate, embalagem de 140g",,2.09,14.82,0,kg,€/Kg,,,https://driveimg1.intermarche.com/pt/Content/images/boitmal/produit/zoom/60AE623A4FF700F6FDA38FA5729DE5A4.jpg,,,,,,,,2025-01-22T23:59:59.999999999Z,PROSPECTUS,12,2
14458,7613034678607,90.0,Nestlé,"Fruta para bebé banana maçã +4 meses, embalagem de 90g",,0.74,8.22,0,kg,€/Kg,,,https://driveimg1.intermarche.com/pt/Content/images/boitmal/produit/zoom/0F3547F16577E97D821E3E9FDD9F17B9.jpg,,,,,,,,2025-01-15T23:59:59.999999999Z,PROSPECTUS,12,2
14641,5603722513879,1500.0,Pleno,"Tisana de chá verde/limão light, de 1,5 l",,1.59,1.06,1500,L,€/L,,,https://driveimg1.intermarche.com/pt/Content/images/boitmal/produit/zoom/F6BF791EA11EAC23396FF6DFA2CA04B8.jpg,,,,,,,,2025-01-22T23:59:59.999999999Z,PROSPECTUS,12,2
14684,0000080177173,350.0,Nutella,"Creme para barrar de avelãs e cacau, embalagem de 350g",,2.99,8.54,0,kg,€/Kg,,,https://driveimg1.intermarche.com/pt/Content/images/boitmal/produit/zoom/3F068C295F3B09B89A4B75830D497BA1.jpg,,,,,,,,2025-01-15T23:59:59.999999999Z,PROSPECTUS,12,2
14723,8410063045139,800.0,Pescanova,"Camarão vannamei 40/48, embalagem de 800g",,8.69,10.86,0,kg,€/Kg,,Tipo de stockagem,https://driveimg1.intermarche.com/pt/Content/images/boitmal/produit/zoom/CF56AF8546EAE589D7E2D74E545BD302.jpg,,,,,,,,2025-01-15T23:59:59.999999999Z,PROSPECTUS,12,2
15921,2696132000000,650.0,Pastelaria,Tarte de Flan,embalagem com 650g,3.99,6.14,0,kg,€/Kg,,,https://driveimg1.intermarche.com/pt/Content/images/boitmal/produit/zoom/27A5BDE3187D3D3C51C647BB82D32136.jpg,,,,,,,,2025-01-15T23:59:59.999999999Z,PROSPECTUS,12,2
15979,5601119242364,650.0,Nobre,"Salsichas de aves extra suculentas, frasco de 650g",,2.09,3.22,0,kg,€/Kg,,,https://driveimg1.intermarche.com/pt/Content/images/boitmal/produit/zoom/F9B3EEFB29AFDD46B059DC76A73501AE.jpg,,,,,,,,2025-01-15T23:59:59.999999999Z,PROSPECTUS,12,2
16419,5604260127535,1000.0,PorSi,Creme vegetal para culinária,Embalagem de 1 kg,2.49,2.49,0,kg,€/Kg,,,https://driveimg1.intermarche.com/pt/Content/images/boitmal/produit/zoom/E60EC2DD3876062D329CC5A562C83B43.jpg,,,,,,,,2025-01-15T23:59:59.999999999Z,PROSPECTUS,12,2
16857,5603344531114,110.0,General,Atum natural,Embalagem de 110g,1.1,10.0,0,kg,€/Kg,,,https://driveimg1.intermarche.com/pt/Content/images/boitmal/produit/zoom/D147FF3405CBBBAF67756FEDE1B5317A.jpg,,,,,,,,2025-01-15T23:59:59.999999999Z,PROSPECTUS,12,2
17402,8412600027233,700.0,Bimbo,Pão forma familiar normal,embalagem de 700 g,1.99,2.84,0,kg,€/Kg,,,https://driveimg1.intermarche.com/pt/Content/images/boitmal/produit/zoom/BD26753EF23D0DF0FDC14FCDC181B902.jpg,,,,,,,,2025-01-15T23:59:59.999999999Z,PROSPECTUS,12,2
17595,5411188115366,1000.0,Alpro,"Bebida aveia, embalagem de 1 litro",,1.99,1.99,1000,L,€/L,,,https://driveimg1.intermarche.com/pt/Content/images/boitmal/produit/zoom/F5E08DFF719942D46F9D4BF500500435.jpg,,,,,,,,2025-01-22T23:59:59.999999999Z,PROSPECTUS,12,2
1816,5604260301775,540.0,PorSi,Feijão frade,Embalagem de 540g,0.85,1.57,0,kg,€/Kg,,,https://driveimg1.intermarche.com/pt/Content/images/boitmal/produit/zoom/F863BEC0F48D2513FC0D1879484DF975.jpg,,,,,,,,2025-01-22T23:59:59.999999999Z,PROSPECTUS,12,2
19586,8435257028057,720.0,Longa vida,"Iogurte aroma 0% tutti fruti/coco, embalagem de 6 x 120g",,2.29,3.18,0,kg,€/Kg,,,https://driveimg1.intermarche.com/pt/Content/images/boitmal/produit/zoom/6FEC33DAE59256CBE3074F3F03199908.jpg,,,,,,,,2025-01-15T23:59:59.999999999Z,PROSPECTUS,12,2
20546,3387390326468,375.0,Nestlé,Cereais fitness chocolate,Embalagem de 380g,2.99,7.97,0,kg,€/Kg,,,https://driveimg1.intermarche.com/pt/Content/images/boitmal/produit/zoom/3B69CCD1D22119150AD46AAF10E61DE1.jpg,,,,,,,,2025-01-22T23:59:59.999999999Z,PROSPECTUS,12,2
20612,5029053550176,,Huggies,"Toalhitas Bebé Natural Care, 3x56un.",,3.39,3.39,0,,€/Unidade,,,https://driveimg1.intermarche.com/pt/Content/images/boitmal/produit/zoom/606C7A48D796733AA1083F7F306A9EF8.jpg,,,,,,,,2025-01-15T23:59:59.999999999Z,PROSPECTUS,12,2
20620,7613031497126,375.0,Nestlé,"Cereais fitness chocolate preto, embalagem de 375g",,2.99,7.97,0,kg,€/Kg,,,https://driveimg1.intermarche.com/pt/Content/images/boitmal/produit/zoom/20CCA311279667ADD25FA01E9050F1D6.jpg,,,,,,,,2025-01-22T23:59:59.999999999Z,PROSPECTUS,12,2
20918,5000116110964,840.0,Capitão Iglo,"30 douradinhos, embalagem de 840g",,8.99,10.7,0,kg,€/Kg,,Tipo de stockagem,https://driveimg1.intermarche.com/pt/Content/images/boitmal/produit/zoom/3C52B0905F2F1ACE3D67359B13FE0331.jpg,,,,,,,,2025-01-15T23:59:59.999999999Z,PROSPECTUS,12,2
20967,5601027002593,175.0,Manhãzitos,5 manhãzitos choco chips,Embalagem de 175 g,2.24,12.8,0,kg,€/Kg,,,https://driveimg1.intermarche.com/pt/Content/images/boitmal/produit/zoom/6EB4FB571FE310CEFF50998F54BCFA17.jpg,,,,,,,,2025-01-15T23:59:59.999999999Z,PROSPECTUS,12,2
2204,5604260265060,800.0,PorSi,Posta pescada-do-cabo nº 5 para cozer,Embalagem de 800 g,5.99,7.49,0,kg,€/Kg,,Tipo de stockagem,https://driveimg1.intermarche.com/pt/Content/images/boitmal/produit/zoom/2199C930F5A2CBBFAA405A6AAAD026E2.jpg,,,,,,,,2025-01-22T23:59:59.999999999Z,PROSPECTUS,12,2
22942,5604260280957,130.0,PorSi Viva Bem,Tortitas de milho com sal,Embalagem de 130g,0.79,6.08,0,kg,€/Kg,,,https://driveimg1.intermarche.com/pt/Content/images/boitmal/produit/zoom/562B6DCDAFB6B157FF55E2CE5C354748.jpg,,,,,,,,2025-01-22T23:59:59.999999999Z,PROSPECTUS,12,2
22943,5604260280964,130.0,PorSi Viva Bem,Tortitas de milho sem sal,Embalagem de 130g,0.79,6.08,0,kg,€/Kg,,,https://driveimg1.intermarche.com/pt/Content/images/boitmal/produit/zoom/E24B7AB652120DBF2BA68756AF0B6F0B.jpg,,,,,,,,2025-01-22T23:59:59.999999999Z,PROSPECTUS,12,2
2407,5608543000133,18.0,Tetley,Chá verde,Embalagem de 20g,0.95,52.78,0,kg,€/Kg,,,https://driveimg1.intermarche.com/pt/Content/images/boitmal/produit/zoom/41193B0BE32FD225777DDB9DE2467E1D.jpg,,,,,,,,2025-01-15T23:59:59.999999999Z,PROSPECTUS,12,2
2413,5608543000201,10.0,Tetley,Infusão de cidreira,Embalagem de 10g,0.89,89.0,0,kg,€/Kg,,,https://driveimg1.intermarche.com/pt/Content/images/boitmal/produit/zoom/98442B20F3051D0E89761CAF7E730030.jpg,,,,,,,,2025-01-15T23:59:59.999999999Z,PROSPECTUS,12,2
24369,5601050033045,620.0,Danone,"Iogurte líquido morango / kiwi corpos danone, embalagem de 4 x 155g",,1.89,3.05,0,kg,€/Kg,,,https://driveimg1.intermarche.com/pt/Content/images/boitmal/produit/zoom/4DF8E752E36F802BC82CCB72970E5D9F.jpg,,,,,,,,2025-01-15T23:59:59.999999999Z,PROSPECTUS,12,2
24371,5601050033014,620.0,Danone,"Iogurte líquido pinacolada corpos danone, embalagem de 4 x 155g",,1.89,3.05,0,kg,€/Kg,,,https://driveimg1.intermarche.com/pt/Content/images/boitmal/produit/zoom/6B78DED571E8DAF3CF098A27E97064BA.jpg,,,,,,,,2025-01-15T23:59:59.999999999Z,PROSPECTUS,12,2
2483,7613032607463,250.0,Cerelac,"Papa infantil não láctea 8 cereais e mel +6 meses, de 250g",,2.39,9.56,0,kg,€/Kg,,,https://driveimg1.intermarche.com/pt/Content/images/boitmal/produit/zoom/D8960B1BDF9EC6F37D85F527DA09587D.jpg,,,,,,,,2025-01-15T23:59:59.999999999Z,PROSPECTUS,12,2
2500,7613033129025,250.0,Cerelac,"Papa infantil não láctea bolacha maria +6 meses, de 250g",,2.39,9.56,0,kg,€/Kg,,,https://driveimg1.intermarche.com/pt/Content/images/boitmal/produit/zoom/86F8E21230827C4A87CCDAA9CDA276AE.jpg,,,,,,,,2025-01-15T23:59:59.999999999Z,PROSPECTUS,12,2
25214,7613035930551,90.0,Nestlé,"Fruta para bebé maçã banana morango +8 meses, embalagem de 90g",,0.74,8.22,0,kg,€/Kg,,,https://driveimg1.intermarche.com/pt/Content/images/boitmal/produit/zoom/A2E1B043C34553B91FFED35123D220EC.jpg,,,,,,,,2025-01-15T23:59:59.999999999Z,PROSPECTUS,12,2
25861,5603722509759,800.0,Mimosa,"Leite com chocolate, embalagem de 4 x 200 ml",,1.49,1.86,800,L,€/L,,,https://driveimg1.intermarche.com/pt/Content/images/boitmal/produit/zoom/4FE9754297F54084EBC31D72FBB55E4F.jpg,,,,,,,,2025-01-15T23:59:59.999999999Z,PROSPECTUS,12,2
26598,8711000357477,,LOr,"Café sontuoso intensidade 8, 10 cápsulas",,4.39,4.39,10,,€/Unidade,,,https://driveimg1.intermarche.com/pt/Content/images/boitmal/produit/zoom/6483A3AAB4F3D08446040ADF6E97320F.jpg,,,,,,,,2025-01-15T23:59:59.999999999Z,PROSPECTUS,12,2
27479,5054563019257,,Sensodyne,Escova Dentes Gengiva Extra Suave,1 un.,2.99,2.99,0,,€/Unidade,,,https://driveimg1.intermarche.com/pt/Content/images/boitmal/produit/zoom/08AA003FDF68BB0CCFA7094ED2F064E2.jpg,,,,,,,,2025-01-15T23:59:59.999999999Z,PROSPECTUS,12,2
2749,8410063046532,350.0,Pescanova,"Miolo de camarão 80/100, embalagem de 350g",,6.99,19.97,0,kg,€/Kg,,Tipo de stockagem,https://driveimg1.intermarche.com/pt/Content/images/boitmal/produit/zoom/0EA75135180DC26543A97F342303334A.jpg,,,,,,,,2025-01-15T23:59:59.999999999Z,PROSPECTUS,12,2
27547,7613036101417,240.0,Cerelac,Seleção da natureza papa infantil láctea aveia manga banana +6 meses,Embalagem de 240g,2.99,12.46,0,kg,€/Kg,,,https://driveimg1.intermarche.com/pt/Content/images/boitmal/produit/zoom/9A1D77EE17F24474E65CF475B4161F9F.jpg,,,,,,,,2025-01-15T23:59:59.999999999Z,PROSPECTUS,12,2
28063,5603722516726,130.0,Primor,Manteiga s/ lactose,Embalagem de 130g,1.79,13.77,0,kg,€/Kg,,Produtos Bio,https://driveimg1.intermarche.com/pt/Content/images/boitmal/produit/zoom/34F1B20CE191519273B27FBF452F5B33.jpg,,,,,,,,2025-01-15T23:59:59.999999999Z,PROSPECTUS,12,2
28678,5605173897348,2000.0,Maçã da Beira Alta IGP,Maçã Golden,Embalagem de 2 kg,2.45,1.23,0,kg,€/Kg,,,https://driveimg1.intermarche.com/pt/Content/images/boitmal/produit/zoom/FD501586D19B3686949652632F7B3864.jpg,,,,,,,,2025-01-15T23:59:59.999999999Z,PROSPECTUS,12,2
31433,5604321027040,200.0,Cemporcento,"Bolachas marinheiras naturais, embalagem de 200g",,1.99,9.95,0,kg,€/Kg,,,https://driveimg1.intermarche.com/pt/Content/images/boitmal/produit/zoom/FF489A385613596F2A9FFE4BEBF4FC13.jpg,,,,,,,,2025-01-22T23:59:59.999999999Z,PROSPECTUS,12,2
31592,8434165446984,200.0,Cuétara,Bolacha Maria,Embalagem de 200g,0.74,3.7,0,kg,€/Kg,,,https://driveimg1.intermarche.com/pt/Content/images/boitmal/produit/zoom/98137D95BE32968213D30AE23547531F.jpg,,,,,,,,2025-01-15T23:59:59.999999999Z,PROSPECTUS,12,2
31610,8434165459991,265.0,Cuétara,Bolacha maria de chocolate,Embalagem de 265g,1.49,5.62,0,kg,€/Kg,,,https://driveimg1.intermarche.com/pt/Content/images/boitmal/produit/zoom/0E029E96E5E4F93452EE8845637434BF.jpg,,,,,,,,2025-01-15T23:59:59.999999999Z,PROSPECTUS,12,2
32336,5999884034612,250.0,Hell,Bebida Energética Apple,250 ml,0.79,3.16,250,L,€/L,,,https://driveimg1.intermarche.com/pt/Content/images/boitmal/produit/zoom/86E86029E30A4AE7E317DF9B881E3EBF.jpg,,,,,,,,2025-01-15T23:59:59.999999999Z,PROSPECTUS,12,2
32337,5999884034506,250.0,Hell,Bebida Energética Red Grape,250 ml,0.79,3.16,250,L,€/L,,,https://driveimg1.intermarche.com/pt/Content/images/boitmal/produit/zoom/82C99EE98CBF145ED4CFF4CAB7C29881.jpg,,,,,,,,2025-01-15T23:59:59.999999999Z,PROSPECTUS,12,2
35418,8410436321167,100.0,Sonasol,Bloco sanitário desinfetante eucalipto,Embalagem de 2 x 50 g,2.99,29.9,0,kg,€/Kg,,,https://driveimg1.intermarche.com/pt/Content/images/boitmal/produit/zoom/2218A2279726B6E8FC50ECCA7B714890.jpg,,,,,,,,2025-01-15T23:59:59.999999999Z,PROSPECTUS,12,2
35499,5601151973769,3500.0,Sumol,"Refrigerante com gás de laranja, 2 x 1.75 l",,2.78,0.79,3500,L,€/L,,,https://driveimg1.intermarche.com/pt/Content/images/boitmal/produit/zoom/15C97042A71F49C362C4C213EA28900F.jpg,,,,,,,,2025-01-15T23:59:59.999999999Z,PROSPECTUS,12,2
35542,7613036867405,,Nescafé,"Café em cápsulas dolce gusto ristreto intenso, embalagem de 210g",,9.99,9.99,30,,€/Unidade,,,https://driveimg1.intermarche.com/pt/Content/images/boitmal/produit/zoom/FC99456EA03268527FE0EC549A21D081.jpg,,,,,,,,2025-01-15T23:59:59.999999999Z,PROSPECTUS,12,2
35652,5603722517440,750.0,Mimosa,"Bebida cálcio sem lactose + proteína, embalagem de 3 x 250 ml",,2.69,3.59,750,L,€/L,,,https://driveimg1.intermarche.com/pt/Content/images/boitmal/produit/zoom/3BF01E4C848A88E512E9DE591C8608E4.jpg,https://driveimg1.intermarche.com/pt/Content/images/boitmal/produit/zoom/125C9D1092125B3BF7F626465A710366.jpg,https://driveimg1.intermarche.com/pt/Content/images/boitmal/produit/zoom/D55403D07574DB9841CBC2E986BD092B.jpg,https://driveimg1.intermarche.com/pt/Content/images/boitmal/produit/zoom/9CE43F9767873E3B88A8F371593A237D.jpg,,,,,2025-01-22T23:59:59.999999999Z,PROSPECTUS,12,2
35753,8001841240640,270.0,Pantene,Creme para pentear caracóis,270 ml,5.99,22.19,270,L,€/L,,,https://driveimg1.intermarche.com/pt/Content/images/boitmal/produit/zoom/574B3E314AF635DCDB9A6448E3C017C1.jpg,,,,,,,,2025-01-15T23:59:59.999999999Z,PROSPECTUS,12,2
35888,5601151973752,3500.0,Sumol,"Refrigerante com gás de ananás, 2 x 1.75 l",,2.59,0.74,3500,L,€/L,,,https://driveimg1.intermarche.com/pt/Content/images/boitmal/produit/zoom/088D8DA34921F50F39B725B4135D000A.jpg,,,,,,,,2025-01-15T23:59:59.999999999Z,PROSPECTUS,12,2
35983,5601027972735,700.0,Bimbo,Pão de forma torradas familiares,Embalagem de 700 g,1.99,2.84,0,kg,€/Kg,,,https://driveimg1.intermarche.com/pt/Content/images/boitmal/produit/zoom/6F4E1280EFC32C3DD99C945770A284F8.jpg,,,,,,,,2025-01-15T23:59:59.999999999Z,PROSPECTUS,12,2
36768,5604260298198,400.0,PorSi,Creme de Coentros sem Batata,Embalagem de 400 g,1.49,3.73,0,kg,€/Kg,,,https://driveimg1.intermarche.com/pt/Content/images/boitmal/produit/zoom/DA11B82F944212F634532707DD36862D.jpg,,,,,,,,2025-01-15T23:59:59.999999999Z,PROSPECTUS,12,2
36772,5604260300471,31.0,PorSi,Gelatina melancia 0% açúcar,Embalagem de 31 g,0.97,31.29,0,kg,€/Kg,,,https://driveimg1.intermarche.com/pt/Content/images/boitmal/produit/zoom/1D870FF079289AF0E590E4205DEE946B.jpg,,,,,,,,2025-01-22T23:59:59.999999999Z,PROSPECTUS,12,2
36900,5604260283354,250.0,PorSi Viva Bem,Sementes de linhaça dourada,Embalagem de 250 g,0.99,3.96,0,kg,€/Kg,,,https://driveimg1.intermarche.com/pt/Content/images/boitmal/produit/zoom/E2D2DD8A9E17D4CE17D04DE895B76C83.jpg,,,,,,,,2025-01-22T23:59:59.999999999Z,PROSPECTUS,12,2
372,8711200532391,260.0,Calvé,"Molho big burguer, embalagem de 260g",,1.94,7.46,0,kg,€/Kg,,,https://driveimg1.intermarche.com/pt/Content/images/boitmal/produit/zoom/274182EF6D0EFA8A84998CA913A7016C.jpg,https://driveimg1.intermarche.com/pt/Content/images/boitmal/produit/zoom/122719564EBC4BB4D52F039A6C0EDAF1.jpg,,,,,,,2025-01-15T23:59:59.999999999Z,PROSPECTUS,12,2
37443,7613037040869,250.0,Nestum,"Nestum zero espelta/aveia, embalagem de 250g",,2.14,8.56,0,kg,€/Kg,,,https://driveimg1.intermarche.com/pt/Content/images/boitmal/produit/zoom/BF80E2BF1A95765256612BEC5A65D8DD.jpg,,,,,,,,2025-01-15T23:59:59.999999999Z,PROSPECTUS,12,2
37444,7613036955799,250.0,Nestum,"Nestum zero mel, embalagem de 250g",,2.14,8.56,0,kg,€/Kg,,,https://driveimg1.intermarche.com/pt/Content/images/boitmal/produit/zoom/5B200610F8E9504D3552A7693F67BE32.jpg,,,,,,,,2025-01-15T23:59:59.999999999Z,PROSPECTUS,12,2
37900,5601119305007,210.0,Nobre,"Salsicha hot dog, frasco de 250g",,2.39,11.38,0,kg,€/Kg,,,https://driveimg1.intermarche.com/pt/Content/images/boitmal/produit/zoom/68E53CA887C0767923F878238ADB6D84.jpg,,,,,,,,2025-01-15T23:59:59.999999999Z,PROSPECTUS,12,2
37923,5604260300990,1000.0,PorSi Viva Bem,Bebida de Amêndoa,1 litro,1.25,1.25,1000,L,€/L,,,https://driveimg1.intermarche.com/pt/Content/images/boitmal/produit/zoom/74B05726BD16B03D5A528D4778757940.jpg,,,,,,,,2025-01-22T23:59:59.999999999Z,PROSPECTUS,12,2
37989,8410063071206,1000.0,Pescanova,"Tiras do mar, embalagem de 1 kg",,7.49,7.49,0,kg,€/Kg,,Tipo de stockagem,https://driveimg1.intermarche.com/pt/Content/images/boitmal/produit/zoom/05601F6E04A5D43B974FEF47AA3F0757.jpg,,,,,,,,2025-01-15T23:59:59.999999999Z,PROSPECTUS,12,2
38321,2696806000000,250.0,Padaria,Pão gémeos,250 g,0.59,2.36,0,kg,€/Kg,,,https://driveimg1.intermarche.com/pt/Content/images/boitmal/produit/zoom/A99E9F55D9FD5180D848A5ADDB578F15.jpg,,,,,,,,2025-01-15T23:59:59.999999999Z,PROSPECTUS,12,2
38557,5601027004764,315.0,Manhãzitos,Manhãzitos® planetus 9x2 un.,Embalagem de 315g,2.94,9.33,0,kg,€/Kg,,,https://driveimg1.intermarche.com/pt/Content/images/boitmal/produit/zoom/C011546637B7E58FA3E5267C7A9C6DFA.jpg,,,,,,,,2025-01-15T23:59:59.999999999Z,PROSPECTUS,12,2
388,8712566156115,71.0,Knorr,"Sopa de rabo de boi, 70g",,1.6,22.54,0,kg,€/Kg,,,https://driveimg1.intermarche.com/pt/Content/images/boitmal/produit/zoom/3A7D2F019E799AC69E8329E3FE5B92BA.jpg,,,,,,,,2025-01-15T23:59:59.999999999Z,PROSPECTUS,12,2
40362,5604260301423,350.0,PorSi,Esparregado de espinafres,Embalagem de 350 g,1.35,3.86,0,kg,€/Kg,,Tipo de stockagem,https://driveimg1.intermarche.com/pt/Content/images/boitmal/produit/zoom/234BA2AF47AD5665EBFD89AF35BFBCAB.jpg,,,,,,,,2025-01-22T23:59:59.999999999Z,PROSPECTUS,12,2
40583,5604260302741,850.0,PorSi,Ervilhas cozidas,Embalagem 850 g,1.39,1.64,0,kg,€/Kg,,,https://driveimg1.intermarche.com/pt/Content/images/boitmal/produit/zoom/673934E15CAE22B3EBBBEBEB80EAEF0A.jpg,,,,,,,,2025-01-22T23:59:59.999999999Z,PROSPECTUS,12,2
40750,5604260304165,1000.0,PorSi,Detergente liquido loiça limão,Garrafa de 1 litro,0.89,0.89,1000,L,€/L,,,https://driveimg1.intermarche.com/pt/Content/images/boitmal/produit/zoom/2532D260202FF646D416E5D63E3F4DF5.jpg,,,,,,,,2025-01-15T23:59:59.999999999Z,PROSPECTUS,12,2
40925,8710522652138,240.0,Calvé,"Maionese top down, embalagem de 240g",,1.59,6.63,0,kg,€/Kg,,,https://driveimg1.intermarche.com/pt/Content/images/boitmal/produit/zoom/ECF2C8ABFC985CAC5B87AA78A2E96931.jpg,https://driveimg1.intermarche.com/pt/Content/images/boitmal/produit/zoom/8E23B17512BCD2C444A6228885CC4217.jpg,https://driveimg1.intermarche.com/pt/Content/images/boitmal/produit/zoom/8E23B17512BCD2C444A6228885CC4217.jpg,https://driveimg1.intermarche.com/pt/Content/images/boitmal/produit/zoom/8E23B17512BCD2C444A6228885CC4217.jpg,https://driveimg1.intermarche.com/pt/Content/images/boitmal/produit/zoom/8E23B17512BCD2C444A6228885CC4217.jpg,,,,2025-01-15T23:59:59.999999999Z,PROSPECTUS,12,2
41099,5604260303885,100.0,PorSi,Comida húmida para gatinhos com frango e leite,100 g,0.39,3.9,0,kg,€/Kg,,,https://driveimg1.intermarche.com/pt/Content/images/boitmal/produit/zoom/F1059BC34B44729D318CE93EE864DB2D.jpg,,,,,,,,2025-01-15T23:59:59.999999999Z,PROSPECTUS,12,2
41300,5601050036596,440.0,Danone,"Iogurte oikos manga papaya, embalagem de 4 x 110g",,1.99,4.52,0,kg,€/Kg,,,https://driveimg1.intermarche.com/pt/Content/images/boitmal/produit/zoom/407B76EA9B8AB5CE288E3F687A8DBF84.jpg,,,,,,,,2025-01-15T23:59:59.999999999Z,PROSPECTUS,12,2
41714,5604260307746,750.0,PorSi Viva Bem,"Iogurte natural 0%,  6 x 125 g",,1.24,1.65,0,kg,€/Kg,,,https://driveimg1.intermarche.com/pt/Content/images/boitmal/produit/zoom/6F36834B96B5F12A8DC2C812AED78D88.jpg,,,,,,,,2025-01-22T23:59:59.999999999Z,PROSPECTUS,12,2
43215,5603722519802,300.0,Castelões,"Queijo curado fatias sem lactose, 2x150g",,3.49,11.63,0,kg,€/Kg,,,https://driveimg1.intermarche.com/pt/Content/images/boitmal/produit/zoom/00AFD4E031A3F72FB642915439BD8EFE.jpg,,,,,,,,2025-01-15T23:59:59.999999999Z,PROSPECTUS,12,2
43478,5604260312542,750.0,PorSi,"Spray wc anticalcário, 750 ml",,1.49,1.99,750,L,€/L,,,https://driveimg1.intermarche.com/pt/Content/images/boitmal/produit/zoom/AD814B68261A108B54252A1652B1518D.jpg,,,,,,,,2025-01-15T23:59:59.999999999Z,PROSPECTUS,12,2
43719,5604260312313,450.0,PorSi,"Mistura de frutos exóticos, embalagem de 450g",,2.99,6.64,0,kg,€/Kg,,Tipo de stockagem,https://driveimg1.intermarche.com/pt/Content/images/boitmal/produit/zoom/29016CD4E3CFB1CF21ED9B36ADF36932.jpg,,,,,,,,2025-01-22T23:59:59.999999999Z,PROSPECTUS,12,2
43852,5604260310524,1000.0,PorSi Viva Bem,Farinha trigo integral,Embalagem de 1 kg,0.79,0.79,0,kg,€/Kg,,,https://driveimg1.intermarche.com/pt/Content/images/boitmal/produit/zoom/8737A22D62AD882A21942B38FEEF41E2.jpg,,,,,,,,2025-01-22T23:59:59.999999999Z,PROSPECTUS,12,2
44716,5600961109689,250.0,Prozis,"Manteiga de amendoim crocante, 250g",,2.49,9.96,0,kg,€/Kg,,,https://driveimg1.intermarche.com/pt/Content/images/boitmal/produit/zoom/E30480D83856A991B8DDEB5DD0E60694.jpg,,,,,,,,2025-01-22T23:59:59.999999999Z,PROSPECTUS,12,2
44914,5601119345379,160.0,Nobre,"Vegalia especialidade vegetariana de soja, lata com 8 unidades",,2.09,13.06,0,kg,€/Kg,,,https://driveimg1.intermarche.com/pt/Content/images/boitmal/produit/zoom/8AC478A6669D2DB4609CB7280CA417C4.jpg,,,,,,,,2025-01-22T23:59:59.999999999Z,PROSPECTUS,12,2
44948,5604260313273,250.0,PorSi Bio,Mel de néctar multifloral bio,Frasco de 250g,3.29,13.16,0,kg,€/Kg,,Produtos Bio,https://driveimg1.intermarche.com/pt/Content/images/boitmal/produit/zoom/31C947C55452B58F8A77204579DA2099.jpg,,,,,,,,2025-01-22T23:59:59.999999999Z,PROSPECTUS,12,2
45674,5604260311613,130.0,PorSi Bio,Tortitas milho bio,Embalagem de 130g,0.99,7.62,0,kg,€/Kg,,Produtos Bio,https://driveimg1.intermarche.com/pt/Content/images/boitmal/produit/zoom/776790D7C529BCBD22D454E42CE0EA6C.jpg,,,,,,,,2025-01-22T23:59:59.999999999Z,PROSPECTUS,12,2
45675,5604260311620,130.0,PorSi Bio,Tortitas arroz bio,Embalagem de 130g,1.29,9.92,0,kg,€/Kg,,Produtos Bio,https://driveimg1.intermarche.com/pt/Content/images/boitmal/produit/zoom/7D4E57EB607C957038F66E2D353FFB30.jpg,,,,,,,,2025-01-22T23:59:59.999999999Z,PROSPECTUS,12,2
46128,3083681137811,450.0,Bonduelle,"Milho sem resíduos de pesticidas, embalagem de 450g",,2.59,5.76,0,kg,€/Kg,,,https://driveimg1.intermarche.com/pt/Content/images/boitmal/produit/zoom/EC051C59563F4690C90E354F78286A70.jpg,,,,,,,,2025-01-15T23:59:59.999999999Z,PROSPECTUS,12,2
46216,5603722519925,480.0,Mimosa,"Iogurte batido magro com mirtilos sem lactose, 4 x 120 g",,1.99,4.15,0,kg,€/Kg,,,https://driveimg1.intermarche.com/pt/Content/images/boitmal/produit/zoom/6208D58EB4ADB7DBE2D23DC13048F924.jpg,,,,,,,,2025-01-15T23:59:59.999999999Z,PROSPECTUS,12,2
46824,5603722518270,720.0,Mimosa,"Iogurte magro aroma multi sabores de morango/coco, 6x120g",,1.99,2.76,0,kg,€/Kg,,,https://driveimg1.intermarche.com/pt/Content/images/boitmal/produit/zoom/C1F13564A32ADE4727C9B834FE2B8090.jpg,,,,,,,,2025-01-15T23:59:59.999999999Z,PROSPECTUS,12,2
4683,5000116102112,284.0,Iglo green,"10 douradinhos vegetais, embalagem de 280g",,1.99,7.01,0,kg,€/Kg,,Tipo de stockagem,https://driveimg1.intermarche.com/pt/Content/images/boitmal/produit/zoom/9647FA42094BBF886BD913E723EFD96A.jpg,,,,,,,,2025-01-22T23:59:59.999999999Z,PROSPECTUS,12,2
46854,5604260320660,1000.0,PorSi,"Arroz Thai Jasmim, 1 kg",,1.99,1.99,0,kg,€/Kg,,,https://driveimg1.intermarche.com/pt/Content/images/boitmal/produit/zoom/348CC6C115B4BC640D22FCA9445AC7AC.jpg,,,,,,,,2025-01-15T23:59:59.999999999Z,PROSPECTUS,12,2
47106,7613287613806,,Nescafé,"Café espresso buondi intenso, 16 cápsulas",,8.99,8.99,30,,€/Unidade,,,https://driveimg1.intermarche.com/pt/Content/images/boitmal/produit/zoom/E40A3E7241DABB11EAC194DA9AD5C029.jpg,,,,,,,,2025-01-15T23:59:59.999999999Z,PROSPECTUS,12,2
47427,3574661552576,,Carefree,Pensos diários flexiform,Embalagem de 56 unidades,3.66,3.66,0,,€/Unidade,,,https://driveimg1.intermarche.com/pt/Content/images/boitmal/produit/zoom/832BF84A6001979629D33F10002F8C39.jpg,,,,,,,,2025-01-15T23:59:59.999999999Z,PROSPECTUS,12,2
47435,5604260316991,750.0,PorSi,"Spray desinfetante multiusos, 750 ml",,1.79,2.39,750,L,€/L,,,https://driveimg1.intermarche.com/pt/Content/images/boitmal/produit/zoom/B0B80D3053C6D76D77A7527F2950F0DC.jpg,,,,,,,,2025-01-15T23:59:59.999999999Z,PROSPECTUS,12,2
47777,5604260320134,160.0,PorSi,Galão,16 cápsulas,3.49,21.81,0,kg,€/Kg,,,https://driveimg1.intermarche.com/pt/Content/images/boitmal/produit/zoom/622B7CF0482B57DB51970F9FB85E34D4.jpg,https://driveimg1.intermarche.com/pt/Content/images/boitmal/produit/zoom/62481A8FF61C1D90AD7A2D41D5674278.jpg,https://driveimg1.intermarche.com/pt/Content/images/boitmal/produit/zoom/62481A8FF61C1D90AD7A2D41D5674278.jpg,https://driveimg1.intermarche.com/pt/Content/images/boitmal/produit/zoom/62481A8FF61C1D90AD7A2D41D5674278.jpg,https://driveimg1.intermarche.com/pt/Content/images/boitmal/produit/zoom/62481A8FF61C1D90AD7A2D41D5674278.jpg,https://driveimg1.intermarche.com/pt/Content/images/boitmal/produit/zoom/62481A8FF61C1D90AD7A2D41D5674278.jpg,https://driveimg1.intermarche.com/pt/Content/images/boitmal/produit/zoom/62481A8FF61C1D90AD7A2D41D5674278.jpg,,2025-01-15T23:59:59.999999999Z,PROSPECTUS,12,2
47845,5604260320271,126.0,PorSi,Barras de cereais forma arandos,6 x 21 g,1.39,11.03,0,kg,€/Kg,,,https://driveimg1.intermarche.com/pt/Content/images/boitmal/produit/zoom/510BAB6DC94E26303B168B0AE32B380D.jpg,,,,,,,,2025-01-15T23:59:59.999999999Z,PROSPECTUS,12,2
48346,5604260319787,150.0,PorSi Viva Bem,Queijo edam light fatias,Embalagem de 150g,1.89,12.6,0,kg,€/Kg,,,https://driveimg1.intermarche.com/pt/Content/images/boitmal/produit/zoom/829318A362A8EFE42CBF257DCBCD7044.jpg,,,,,,,,2025-01-15T23:59:59.999999999Z,PROSPECTUS,12,2
48922,8006540417072,300.0,Pantene,Máscara Caracóis Perfeitos,300 ml,4.94,16.47,300,L,€/L,,,https://driveimg1.intermarche.com/pt/Content/images/boitmal/produit/zoom/025366923064A3F3F548E755A8D57055.jpg,,,,,,,,2025-01-15T23:59:59.999999999Z,PROSPECTUS,12,2
49075,8006540877029,385.0,Pantene,"Champô aqualight, 385 ml",,3.89,10.1,385,L,€/L,,,https://driveimg1.intermarche.com/pt/Content/images/boitmal/produit/zoom/E32E6931F93D04C28A5B5DFF75BDC9F3.jpg,,,,,,,,2025-01-15T23:59:59.999999999Z,PROSPECTUS,12,2
49359,5601146700066,6000.0,Sagres,"Cerveja com álcool, pack 24 x 0.25 l",,11.49,1.92,6000,L,€/L,,,https://driveimg1.intermarche.com/pt/Content/images/boitmal/produit/zoom/67C6D1253BB0D82F02E1633DF741EA25.jpg,https://driveimg1.intermarche.com/pt/Content/images/boitmal/produit/zoom/B2E3D57423A20C8E7B4C1173F1457C2E.jpg,,,,,,,2025-01-15T23:59:59.999999999Z,PROSPECTUS,12,2
49418,8410500012861,1200.0,Actimel Danone,"Probiótico natural 0%, 12 x 100 g",,4.99,4.16,0,kg,€/Kg,,,https://driveimg1.intermarche.com/pt/Content/images/boitmal/produit/zoom/31841197B3A773C57C73C74FF0227CFD.jpg,,,,,,,,2025-01-15T23:59:59.999999999Z,PROSPECTUS,12,2
49542,5604260323906,1000.0,PorSi Viva Bem,Bebida de amêndoa s/ açúcar,Embalagem de 1 litro,1.35,1.35,1000,L,€/L,,,https://driveimg1.intermarche.com/pt/Content/images/boitmal/produit/zoom/F89BE6092FFDF79437CA524ACE479BA7.jpg,,,,,,,,2025-01-22T23:59:59.999999999Z,PROSPECTUS,12,2
49621,5604260320578,800.0,PorSi,Creme de Cenoura,800 g,2.49,3.11,0,kg,€/Kg,,,https://driveimg1.intermarche.com/pt/Content/images/boitmal/produit/zoom/2DC1D716E236CAAE7BC4DC70EF7BDC83.jpg,,,,,,,,2025-01-22T23:59:59.999999999Z,PROSPECTUS,12,2
49774,8445290218018,90.0,Gerber,"Nutrição infantil bio pera, maçã e banana, 90g",,0.89,9.89,0,kg,€/Kg,,,https://driveimg1.intermarche.com/pt/Content/images/boitmal/produit/zoom/B421D75A282E6244E7D672186B792D85.jpg,,,,,,,,2025-01-15T23:59:59.999999999Z,PROSPECTUS,12,3
49995,8445290170736,800.0,NAN,Leite Transição Optipro 3 +10 Meses,Embalagem de 800g,11.63,14.54,0,kg,€/Kg,,,https://driveimg1.intermarche.com/pt/Content/images/boitmal/produit/zoom/04AEC96DB6A5F805D25E7E9E11EE5586.jpg,,,,,,,,2025-01-15T23:59:59.999999999Z,PROSPECTUS,12,3
50393,5411188136613,1000.0,Alpro,"Bebida de aveia not milk clássica vegan, de 1 l",,1.99,1.99,1000,L,€/L,,,https://driveimg1.intermarche.com/pt/Content/images/boitmal/produit/zoom/6821B4EC371AD517DBE48650010725D9.jpg,,,,,,,,2025-01-22T23:59:59.999999999Z,PROSPECTUS,12,3
50654,7613287218797,110.0,Nestlé,"Saqueta de fruta banana e morango +12m, 110g",,0.84,7.64,0,kg,€/Kg,,,https://driveimg1.intermarche.com/pt/Content/images/boitmal/produit/zoom/F59987C4DA3FED323F3E6B858D23FD51.jpg,,,,,,,,2025-01-15T23:59:59.999999999Z,PROSPECTUS,12,3
51184,7322540671391,,Colhogar,"Papel higiénico 3 folhas protect rosa, 12 rolos",,5.49,5.49,12,,€/Unidade,,,https://driveimg1.intermarche.com/pt/Content/images/boitmal/produit/zoom/EA1AC296DB17C4C14D0A24F5D95ABC43.jpg,https://driveimg1.intermarche.com/pt/Content/images/boitmal/produit/zoom/7B4B406F13A97F9AB0B8D30B52E4FD6E.jpg,https://driveimg1.intermarche.com/pt/Content/images/boitmal/produit/zoom/CB9378758C91DF5315C3626B83667064.jpg,https://driveimg1.intermarche.com/pt/Content/images/boitmal/produit/zoom/961A5CD83FE2ECDDD9A0F020A5B4ADD1.jpg,,,,,2025-01-15T23:59:59.999999999Z,PROSPECTUS,12,3
51302,5600961159158,65.0,Prozis,"Barra proteica de amendoim, embalagem de 65g",,1.49,22.92,0,kg,€/Kg,,,https://driveimg1.intermarche.com/pt/Content/images/boitmal/produit/zoom/54B4B59AFCBA57F6B07530E795E0CA56.jpg,,,,,,,,2025-01-22T23:59:59.999999999Z,PROSPECTUS,12,3
51369,5000116125791,1400.0,Capitão Iglo,"50 douradinhos de peixe ómega 3 iglo, embalagem de 1.4 kg",,13.99,9.99,0,kg,€/Kg,,Tipo de stockagem,https://driveimg1.intermarche.com/pt/Content/images/boitmal/produit/zoom/6C5BC15FEE115209F2EC3E0B9DBA1CCD.jpg,,,,,,,,2025-01-15T23:59:59.999999999Z,PROSPECTUS,12,3
5163,5601119225459,110.0,Nobre,"Peito de peru fatias finas, embalagem de 110g",,2.39,21.73,0,kg,€/Kg,,,https://driveimg1.intermarche.com/pt/Content/images/boitmal/produit/zoom/974FB18B55CA4E77D8BC07F3A9C285B6.jpg,,,,,,,,2025-01-22T23:59:59.999999999Z,PROSPECTUS,12,3
52297,3023290072134,160.0,Lindahls,"Iogurte sólido proteico pêssego maracujá, embalagem de 160 g",,1.19,7.44,0,kg,€/Kg,,,https://driveimg1.intermarche.com/pt/Content/images/boitmal/produit/zoom/8E044D245812210B87881DDCE4C62971.jpg,,,,,,,,2025-01-22T23:59:59.999999999Z,PROSPECTUS,12,3
52299,3023290072035,160.0,Lindahls,"Iogurte sólido proteico morango lima, embalagem de 160 g",,1.19,7.44,0,kg,€/Kg,,,https://driveimg1.intermarche.com/pt/Content/images/boitmal/produit/zoom/3FA8DBA052D28654C7C833F137C987A5.jpg,,,,,,,,2025-01-22T23:59:59.999999999Z,PROSPECTUS,12,3
52328,8720181385100,2520.0,Skip,"Detergente máquina roupa líquido baby, 56 doses",,9.99,3.96,2520,L,€/L,,,https://driveimg1.intermarche.com/pt/Content/images/boitmal/produit/zoom/37DC97A7700AEDD1F57E9521FBF4BEA2.jpg,,,,,,,,2025-01-15T23:59:59.999999999Z,PROSPECTUS,12,3
52377,8720181385131,,Skip,Detergente Máquina Roupa Líquido Sabão Natural,100 Doses,11.99,11.99,0,,€/Unidade,,,https://driveimg1.intermarche.com/pt/Content/images/boitmal/produit/zoom/B7482844827C04E8BE654EF9B7B49DD3.jpg,,,,,,,,2025-01-15T23:59:59.999999999Z,PROSPECTUS,12,3
5244,5601151510759,845.0,Compal,"Feijão encarnado, lata de 850g",,1.74,2.06,0,kg,€/Kg,,,https://driveimg1.intermarche.com/pt/Content/images/boitmal/produit/zoom/DE636824D87F41FA8614ED32FEFF81FF.jpg,,,,,,,,2025-01-15T23:59:59.999999999Z,PROSPECTUS,12,3
52786,5900020043481,310.0,Nestlé,"Cereais Protein Fitness 0% Cacau, 310g",,2.99,9.65,0,kg,€/Kg,,,https://driveimg1.intermarche.com/pt/Content/images/boitmal/produit/zoom/619233658842A9E70E868A5A69A9679E.jpg,,,,,,,,2025-01-22T23:59:59.999999999Z,PROSPECTUS,12,3
52788,5900020043832,80.0,Nestlé,"Barras de Cereais Protein Fitness 0% Cacau, 80g",,1.74,21.75,0,kg,€/Kg,,,https://driveimg1.intermarche.com/pt/Content/images/boitmal/produit/zoom/7E4A3C5552FC27CE6A83D366162140DD.jpg,,,,,,,,2025-01-22T23:59:59.999999999Z,PROSPECTUS,12,3
52831,5411188139386,750.0,Alpro,"Bebida soja alto teor proteína, 750 ml",,1.59,2.12,750,L,€/L,,,https://driveimg1.intermarche.com/pt/Content/images/boitmal/produit/zoom/49ADB141EE7D3ED699ADC3A17F20F163.jpg,,,,,,,,2025-01-22T23:59:59.999999999Z,PROSPECTUS,12,3
52897,8720181392917,1332.0,Comfort,"Amaciador concentrado essência pure, 74 doses",,3.49,2.62,1332,L,€/L,,,https://driveimg1.intermarche.com/pt/Content/images/boitmal/produit/zoom/F5C0D70B94DAAFB0949EA4EE48242D35.jpg,https://driveimg1.intermarche.com/pt/Content/images/boitmal/produit/zoom/6C81AB307354BD851AD24288672BBAB9.jpg,https://driveimg1.intermarche.com/pt/Content/images/boitmal/produit/zoom/6C81AB307354BD851AD24288672BBAB9.jpg,,,,,,2025-01-15T23:59:59.999999999Z,PROSPECTUS,12,3
52941,8720181386510,2700.0,Skip,"Detergente líquido máquina de roupa sabão natural, 60 doses",,7.99,2.96,2700,L,€/L,,,https://driveimg1.intermarche.com/pt/Content/images/boitmal/produit/zoom/E86C320C5CE9CDD2DA45593DF7CE710E.jpg,https://driveimg1.intermarche.com/pt/Content/images/boitmal/produit/zoom/F78D7BA1CEEC1BA7836B80E309E4D243.jpg,https://driveimg1.intermarche.com/pt/Content/images/boitmal/produit/zoom/F78D7BA1CEEC1BA7836B80E309E4D243.jpg,,,,,,2025-01-15T23:59:59.999999999Z,PROSPECTUS,12,3
53245,8410376065077,208.0,Gullon,"Bolachas dibus magic mix & go, 208g",,1.29,6.2,0,kg,€/Kg,,,https://driveimg1.intermarche.com/pt/Content/images/boitmal/produit/zoom/7656D702777E0FFE2E0B137FEF921189.jpg,,,,,,,,2025-01-15T23:59:59.999999999Z,PROSPECTUS,12,3
53248,5059319025681,700.0,KelloggS,"Cereais special k, 700g",,4.89,6.99,0,kg,€/Kg,,,https://driveimg1.intermarche.com/pt/Content/images/boitmal/produit/zoom/683E2EE80CD2F162E680878080887459.jpg,,,,,,,,2025-01-15T23:59:59.999999999Z,PROSPECTUS,12,3
53667,5054563109705,75.0,Sensodyne,Pasta de Dentes Multiprotection Branqueadora,Embalagem de 75ml,3.95,52.67,75,L,€/L,,,https://driveimg1.intermarche.com/pt/Content/images/boitmal/produit/zoom/887FAC0AD5C65C350DF43A4B1C19F382.jpg,https://driveimg1.intermarche.com/pt/Content/images/boitmal/produit/zoom/79C3CD129F06F9A8E203F1CDCCF40417.jpg,https://driveimg1.intermarche.com/pt/Content/images/boitmal/produit/zoom/79C3CD129F06F9A8E203F1CDCCF40417.jpg,https://driveimg1.intermarche.com/pt/Content/images/boitmal/produit/zoom/79C3CD129F06F9A8E203F1CDCCF40417.jpg,https://driveimg1.intermarche.com/pt/Content/images/boitmal/produit/zoom/79C3CD129F06F9A8E203F1CDCCF40417.jpg,,,,2025-01-15T23:59:59.999999999Z,PROSPECTUS,12,3
53942,5603722523298,1000.0,Matinal,"Bebida de leite sem lactose livre, 1l",,1.25,1.25,1000,L,€/L,,,https://driveimg1.intermarche.com/pt/Content/images/boitmal/produit/zoom/3F3F185EBF624903AC3031EAC11A6631.jpg,,,,,,,,2025-01-15T23:59:59.999999999Z,PROSPECTUS,12,3
54269,4005900422705,750.0,Nivea,"Gel de Banho Care & Relax, 750ml",,6.65,8.87,750,L,€/L,,,https://driveimg1.intermarche.com/pt/Content/images/boitmal/produit/zoom/C3BE8AF07697936FE0EC46EA396D20AE.jpg,,,,,,,,2025-01-15T23:59:59.999999999Z,PROSPECTUS,12,3
54722,5603722522338,960.0,Mimosa,"Iogurte sem lactose multisabores, 8x120g",,2.99,3.11,0,kg,€/Kg,,,https://driveimg1.intermarche.com/pt/Content/images/boitmal/produit/zoom/7D18C03CBFD8BA36E9674714236CF359.jpg,,,,,,,,2025-01-15T23:59:59.999999999Z,PROSPECTUS,12,3
5985,5604422145209,1000.0,Macieira,"Brandy, garrafa de 1l",,15.39,15.39,1000,L,€/L,,,https://driveimg1.intermarche.com/pt/Content/images/boitmal/produit/zoom/37C436F862C365D2BAC7E678CC3E6C1F.jpg,,,,,,,,2025-01-15T23:59:59.999999999Z,PROSPECTUS,12,3
6460,8410436216777,53.0,Sonasol,Bloco Sanitário Poder Activo Floral,Embalagem de 50 g,1.98,37.36,0,kg,€/Kg,,,https://driveimg1.intermarche.com/pt/Content/images/boitmal/produit/zoom/428A90D17C72E1CEA455915A18AE3510.jpg,,,,,,,,2025-01-15T23:59:59.999999999Z,PROSPECTUS,12,3
8397,5601050016017,600.0,Danone,"Danacol morango, embalagem de 6 x 100 g",,2.99,4.98,0,kg,€/Kg,,,https://driveimg1.intermarche.com/pt/Content/images/boitmal/produit/zoom/F76543BD64340CC9668C447CAE3F75A1.jpg,,,,,,,,2025-01-22T23:59:59.999999999Z,PROSPECTUS,12,3
8400,5601050033779,620.0,Danone,"Iogurte activia líquido cereais, embalagem de 4 x 155 g",,1.99,3.21,0,kg,€/Kg,,,https://driveimg1.intermarche.com/pt/Content/images/boitmal/produit/zoom/3AC3707CF655B8CC61D2C80E4828D7C8.jpg,,,,,,,,2025-01-15T23:59:59.999999999Z,PROSPECTUS,12,3
8413,8410500008932,600.0,Danone,"Actimel iogurte líquido de morango, de 6 x 100g",,2.89,4.82,0,kg,€/Kg,,,https://driveimg1.intermarche.com/pt/Content/images/boitmal/produit/zoom/F5F985DE2C1FEBCCE4ED6002098F416C.jpg,,,,,,,,2025-01-15T23:59:59.999999999Z,PROSPECTUS,12,3
8434,5601050033731,620.0,Danone,"Iogurte activia líquido 0% lima/limão, embalagem de 4 x 155g",,1.99,3.21,0,kg,€/Kg,,,https://driveimg1.intermarche.com/pt/Content/images/boitmal/produit/zoom/B41EA750EA9360556362913E488E9E4D.jpg,,,,,,,,2025-01-15T23:59:59.999999999Z,PROSPECTUS,12,3
8537,5601119957206,120.0,Campofrio,"Peito frango forno lenha fatias clássicas, embalagem de 120g",,2.39,19.92,0,kg,€/Kg,,,https://driveimg1.intermarche.com/pt/Content/images/boitmal/produit/zoom/A5EDB423B7786C27645C35469FF56E84.jpg,,,,,,,,2025-01-15T23:59:59.999999999Z,PROSPECTUS,12,3
8802,5601244202363,400.0,Terra Nostra,"Queijo em fatias, embalagem de 400g",,4.09,10.23,0,kg,€/Kg,,,https://driveimg1.intermarche.com/pt/Content/images/boitmal/produit/zoom/035A5C69BE8C551B825128DC308F8F7B.jpg,,,,,,,,2025-01-15T23:59:59.999999999Z,PROSPECTUS,12,3
9273,5603344641011,120.0,General,Potas gigantes em caldeirada,Embalagem de 120g,1.39,11.58,0,kg,€/Kg,,,https://driveimg1.intermarche.com/pt/Content/images/boitmal/produit/zoom/5C3202FA402A5C49870336F4F29BB11A.jpg,,,,,,,,2025-01-15T23:59:59.999999999Z,PROSPECTUS,12,3
9308,5603722501449,130.0,Primor,Manteiga com sal marinho,Embalagem de 130g,1.79,13.77,0,kg,€/Kg,,,https://driveimg1.intermarche.com/pt/Content/images/boitmal/produit/zoom/CA758C9B9113DE2055E3D0A84CEAE09C.jpg,,,,,,,,2025-01-15T23:59:59.999999999Z,PROSPECTUS,12,3
958,5601019012401,500.0,Guloso,Polpa de Tomate,Embalagem de 500g,1.09,2.18,0,kg,€/Kg,,,https://driveimg1.intermarche.com/pt/Content/images/boitmal/produit/zoom/0CE0E0ED1941D8AA40077B3BCCD426E3.jpg,,,,,,,,2025-01-15T23:59:59.999999999Z,PROSPECTUS,12,3
962,5601019012517,210.0,Guloso,"Passata de manjericão/oregãos, embalagem de 210g",,0.74,3.52,0,kg,€/Kg,,,https://driveimg1.intermarche.com/pt/Content/images/boitmal/produit/zoom/FB183AA35B0A4E7518DB0F29131C2068.jpg,,,,,,,,2025-01-15T23:59:59.999999999Z,PROSPECTUS,12,3
9692,5604260270644,1000.0,PorSi,Lasanha à Bolonhesa,Embalagem de 1 kg,4.49,4.49,0,kg,€/Kg,,,https://driveimg1.intermarche.com/pt/Content/images/boitmal/produit/zoom/595A20D8C881F56034BBF0051C161610.jpg,,,,,,,,2025-01-15T23:59:59.999999999Z,PROSPECTUS,12,3
9293,5603722493942,250.0,Primor,Manteiga pasteurizada com sal cuvet,Embalagem de 250g,2.29,9.16,0,kg,€/Kg,,,https://driveimg1.intermarche.com/pt/Content/images/boitmal/produit/zoom/F3F4D9FDF2A69DC31DE35D801759C2EE.jpg,,,,,,,,2025-01-15T23:59:59.999999999Z,PROSPECTUS,12,3
40749,5604260304158,1000.0,PorSi,Detergente liquido loiça clássico,Garrafa de 1 litro,0.89,0.89,1000,L,€/L,,,https://driveimg1.intermarche.com/pt/Content/images/boitmal/produit/zoom/AF2F1189F25F58E20EE8C7BA2141119A.jpg,,,,,,,,2025-01-15T23:59:59.999999999Z,PROSPECTUS,12,3
25597,5601151979303,1200.0,Bongo,"Néctar 8 frutos, pack 6 x 200 ml",,2.29,1.91,1200,L,€/L,,,https://driveimg1.intermarche.com/pt/Content/images/boitmal/produit/zoom/58E322AC82399BF9CBCFBEBC2BD370F4.jpg,,,,,,,,2025-01-15T23:59:59.999999999Z,PROSPECTUS,12,3
16365,5604055112005,1000.0,Fastio,"Água sem gás, garrafa de 1 l",,0.47,0.47,1000,L,€/L,,,https://driveimg1.intermarche.com/pt/Content/images/boitmal/produit/zoom/D9A5DA87896331814D054CBE16430809.jpg,,,,,,,,2025-01-15T23:59:59.999999999Z,PROSPECTUS,12,3
405,8712566410910,275.0,Calvé,"Ketchup, embalagem de 275g",,1.68,6.11,0,kg,€/Kg,,,https://driveimg1.intermarche.com/pt/Content/images/boitmal/produit/zoom/9E63EED4B27A252289B8979C188F5B40.jpg,https://driveimg1.intermarche.com/pt/Content/images/boitmal/produit/zoom/0D7B165FF00CA45BD8F6AC077E3CA1EC.jpg,https://driveimg1.intermarche.com/pt/Content/images/boitmal/produit/zoom/0D7B165FF00CA45BD8F6AC077E3CA1EC.jpg,https://driveimg1.intermarche.com/pt/Content/images/boitmal/produit/zoom/0D7B165FF00CA45BD8F6AC077E3CA1EC.jpg,,,,,2025-01-15T23:59:59.999999999Z,PROSPECTUS,12,3
40744,5604260303243,1000.0,PorSi,Batata pré-frita cubos,Embalagem de 1 kg,1.95,1.95,0,kg,€/Kg,,Tipo de stockagem,https://driveimg1.intermarche.com/pt/Content/images/boitmal/produit/zoom/3D9E98983039F8B79E05FF428EA3F4FC.jpg,,,,,,,,2025-01-15T23:59:59.999999999Z,PROSPECTUS,12,3
18488,5600744051013,220.0,Saborosa,"Bolacha de manteiga belga original, embalagem de 220g",,1.59,7.23,0,kg,€/Kg,,,https://driveimg1.intermarche.com/pt/Content/images/boitmal/produit/zoom/435E3C8EAE2EA4A45A8BB3A81B14CF20.jpg,,,,,,,,2025-01-15T23:59:59.999999999Z,PROSPECTUS,12,3
36924,5604260296651,1500.0,PorSi,Refrigerante lima-limão,Garrafa de 1.5 l,0.74,0.49,1500,L,€/L,,,https://driveimg1.intermarche.com/pt/Content/images/boitmal/produit/zoom/2A1424B586D4DC563639874DB1FA87A8.jpg,,,,,,,,2025-01-15T23:59:59.999999999Z,PROSPECTUS,12,3
42576,5604260304615,200.0,PorSi,Molho bechamel,Embalagem de 200g,0.99,4.95,0,kg,€/Kg,,,https://driveimg1.intermarche.com/pt/Content/images/boitmal/produit/zoom/6EB95311E9A7982125D3313FC46AEA69.jpg,https://driveimg1.intermarche.com/pt/Content/images/boitmal/produit/zoom/873E688259483F162720EC00DE7C700F.jpg,https://driveimg1.intermarche.com/pt/Content/images/boitmal/produit/zoom/873E688259483F162720EC00DE7C700F.jpg,https://driveimg1.intermarche.com/pt/Content/images/boitmal/produit/zoom/873E688259483F162720EC00DE7C700F.jpg,https://driveimg1.intermarche.com/pt/Content/images/boitmal/produit/zoom/873E688259483F162720EC00DE7C700F.jpg,,,,2025-01-15T23:59:59.999999999Z,PROSPECTUS,12,3
11496,5601049213991,200.0,Mimosa,"Nata uht, embalagem de 200 ml",,0.84,4.2,200,L,€/L,,,https://driveimg1.intermarche.com/pt/Content/images/boitmal/produit/zoom/8FC5ABCE23EB48F851FFE29C53BFA5D9.jpg,,,,,,,,2025-01-15T23:59:59.999999999Z,PROSPECTUS,12,3
1484,5601326000122,1000.0,Pato real,Arroz carolino malandrinho,Embalagem de 1 kg,1.79,1.79,0,kg,€/Kg,,,https://driveimg1.intermarche.com/pt/Content/images/boitmal/produit/zoom/EF54F6404384A19B3FBA2850089F9FBC.jpg,,,,,,,,2025-01-15T23:59:59.999999999Z,PROSPECTUS,12,3
17827,5603344531022,110.0,General,Atum posta em óleo,Embalagem de 110g,0.94,8.55,0,kg,€/Kg,,,https://driveimg1.intermarche.com/pt/Content/images/boitmal/produit/zoom/6CF8780AD6CFF5E4D2703538338330A5.jpg,,,,,,,,2025-01-15T23:59:59.999999999Z,PROSPECTUS,12,3
29612,5604260283545,1000.0,PorSi Viva Bem,Bebida de Arroz,1 l,1.15,1.15,1000,L,€/L,,,https://driveimg1.intermarche.com/pt/Content/images/boitmal/produit/zoom/1CC67FBC1159B7AB53C4B66B360A0BCF.jpg,,,,,,,,2025-01-22T23:59:59.999999999Z,PROSPECTUS,12,3
35441,5604260291168,780.0,PorSi,Cogumelos laminados,780 g,2.19,2.81,0,kg,€/Kg,,,https://driveimg1.intermarche.com/pt/Content/images/boitmal/produit/zoom/F874C2D913FFAAA6855A523B2803F053.jpg,,,,,,,,2025-01-15T23:59:59.999999999Z,PROSPECTUS,12,3
36898,5604260283330,150.0,PorSi Viva Bem,Sementes de chia,Embalagem de 150 g,1.12,7.47,0,kg,€/Kg,,,https://driveimg1.intermarche.com/pt/Content/images/boitmal/produit/zoom/A6D637610619A091E79E344FF6715B60.jpg,,,,,,,,2025-01-22T23:59:59.999999999Z,PROSPECTUS,12,3
44234,8710522854815,257.0,Calvé,"Mostarda top down, embalagem de 257g",,1.68,6.54,0,kg,€/Kg,,,https://driveimg1.intermarche.com/pt/Content/images/boitmal/produit/zoom/63AC7BC5BB2C7D5CE58B458BE855CC4A.jpg,,,,,,,,2025-01-15T23:59:59.999999999Z,PROSPECTUS,12,3
4687,5000116105212,375.0,Iglo,"Ervilhas, embalagem de 375g",,1.89,5.04,0,kg,€/Kg,,Tipo de stockagem,https://driveimg1.intermarche.com/pt/Content/images/boitmal/produit/zoom/6C528FEBBEDC5462386A3AB117EEBFD4.jpg,,,,,,,,2025-01-15T23:59:59.999999999Z,PROSPECTUS,12,3
2203,5604260265053,600.0,PorSi,"Postas pescada nº3, para fritar",Embalagem de 600 g,4.29,7.15,0,kg,€/Kg,,Tipo de stockagem,https://driveimg1.intermarche.com/pt/Content/images/boitmal/produit/zoom/7A77B7539C8308C7CB11C2AB6DA1EAAE.jpg,,,,,,,,2025-01-22T23:59:59.999999999Z,PROSPECTUS,12,3
47934,5604260319565,96.0,PorSi,Café Espresso Vellutato intensidade 7,16 cápsulas,3.49,36.35,0,kg,€/Kg,,,https://driveimg1.intermarche.com/pt/Content/images/boitmal/produit/zoom/55CCF612142A42C8831C49805F97F920.jpg,,,,,,,,2025-01-15T23:59:59.999999999Z,PROSPECTUS,12,3
11471,5601029004076,120.0,Bom Petisco,Atum posta ao natural,Embalagem de 120 g,1.29,10.75,0,kg,€/Kg,,,https://driveimg1.intermarche.com/pt/Content/images/boitmal/produit/zoom/D148E1488041C84EB0524ADACAE78B3A.jpg,,,,,,,,2025-01-22T23:59:59.999999999Z,PROSPECTUS,12,3
21766,7613035487840,90.0,Nestlé,Fruta para bebé banana laranja bolacha +6 meses,Embalagem de 90g,0.74,8.22,0,kg,€/Kg,,,https://driveimg1.intermarche.com/pt/Content/images/boitmal/produit/zoom/A8104E7B3738DD14CEF192706B16EFC4.jpg,,,,,,,,2025-01-15T23:59:59.999999999Z,PROSPECTUS,12,3
38934,5601164863217,500.0,Somersby,"Sidra de maçã, lata de 500 ml",,1.25,2.5,500,L,€/L,,,https://driveimg1.intermarche.com/pt/Content/images/boitmal/produit/zoom/A3D6F4DDF9AFF4F9F8F47269DBD60191.jpg,,,,,,,,2025-01-15T23:59:59.999999999Z,PROSPECTUS,12,3
43768,7613287121783,187.0,Smarties,"Smarties mini chocolate, 187g",,3.38,18.07,0,kg,€/Kg,,,https://driveimg1.intermarche.com/pt/Content/images/boitmal/produit/zoom/044C78E073B5B5B26D68268157615A9F.jpg,https://driveimg1.intermarche.com/pt/Content/images/boitmal/produit/zoom/E8FEE980732B87942B93ED2D1ABFFA78.jpg,https://driveimg1.intermarche.com/pt/Content/images/boitmal/produit/zoom/E8FEE980732B87942B93ED2D1ABFFA78.jpg,https://driveimg1.intermarche.com/pt/Content/images/boitmal/produit/zoom/E8FEE980732B87942B93ED2D1ABFFA78.jpg,https://driveimg1.intermarche.com/pt/Content/images/boitmal/produit/zoom/E8FEE980732B87942B93ED2D1ABFFA78.jpg,,,,2025-01-15T23:59:59.999999999Z,PROSPECTUS,12,3
45431,5601050036893,300.0,Danone,"Yopro líquido manga, embalagem de 300g",,1.99,6.63,0,kg,€/Kg,,,https://driveimg1.intermarche.com/pt/Content/images/boitmal/produit/zoom/1E004FD89D8A20EC3FC964ADAE11A7AF.jpg,,,,,,,,2025-01-15T23:59:59.999999999Z,PROSPECTUS,12,3
24370,5601050033052,620.0,Danone,"Iogurte líquido morango / framboesa corpos danone, embalagem de 4 x 155g",,1.89,3.05,0,kg,€/Kg,,,https://driveimg1.intermarche.com/pt/Content/images/boitmal/produit/zoom/B53E7B84291132B08A3B77128B6BF1A5.jpg,,,,,,,,2025-01-15T23:59:59.999999999Z,PROSPECTUS,12,3
37633,5604260301010,130.0,PorSi Viva Bem,Queijo fresco sem lactose,Embalagem de 2 x 62.5 g,1.39,10.69,0,kg,€/Kg,,,https://driveimg1.intermarche.com/pt/Content/images/boitmal/produit/zoom/0BD00600A5EFECD54200A9C3335536F6.jpg,,,,,,,,2025-01-22T23:59:59.999999999Z,PROSPECTUS,12,3
39625,5607233533951,385.0,Panrico,Pão cerealia 100% integral,Embalagem de 385g,1.89,4.91,0,kg,€/Kg,,,https://driveimg1.intermarche.com/pt/Content/images/boitmal/produit/zoom/41D40B955E0A17EB04A654C74F17935A.jpg,,,,,,,,2025-01-15T23:59:59.999999999Z,PROSPECTUS,12,3
8391,5601049159992,1000.0,Mimosa,"Leite especial cálcio + vitamina d magro, de 1l",,0.98,0.98,1000,L,€/L,,,https://driveimg1.intermarche.com/pt/Content/images/boitmal/produit/zoom/22E6964D6A2F2B922BCB40BB341AE902.jpg,,,,,,,,2025-01-15T23:59:59.999999999Z,PROSPECTUS,12,3
1845,5604260035854,190.0,PorSi,"Batata frita, queijo e ervas",Embalagem de 190g,1.71,9.0,0,kg,€/Kg,,,https://driveimg1.intermarche.com/pt/Content/images/boitmal/produit/zoom/E9E6993B7202404AB95C04A2C893A1AC.jpg,,,,,,,,2025-01-15T23:59:59.999999999Z,PROSPECTUS,12,3
419,8718114882536,50.0,Knorr,"Sopa de cebola, embalagem de 50g",,1.6,32.0,0,kg,€/Kg,,,https://driveimg1.intermarche.com/pt/Content/images/boitmal/produit/zoom/40DE8A4B0CCB6E254052E81CFB00180A.jpg,,,,,,,,2025-01-15T23:59:59.999999999Z,PROSPECTUS,12,3
42163,5604260306220,400.0,PorSi Bio,Leite de coco bio,400 ml,1.43,3.58,400,L,€/L,,Produtos Bio,https://driveimg1.intermarche.com/pt/Content/images/boitmal/produit/zoom/14E5F5482763952951C79BEC9B95CCF8.jpg,,,,,,,,2025-01-22T23:59:59.999999999Z,PROSPECTUS,12,3
43005,5604260309733,400.0,PorSi,Lentilhas,Embalagem de 400 g,1.39,3.48,0,kg,€/Kg,,,https://driveimg1.intermarche.com/pt/Content/images/boitmal/produit/zoom/0ED92A9E5FE2367DE2FACD429329BB10.jpg,https://driveimg1.intermarche.com/pt/Content/images/boitmal/produit/zoom/7FF14A4382E03DCEDDA8EC54E5664DA5.jpg,https://driveimg1.intermarche.com/pt/Content/images/boitmal/produit/zoom/7FF14A4382E03DCEDDA8EC54E5664DA5.jpg,https://driveimg1.intermarche.com/pt/Content/images/boitmal/produit/zoom/7FF14A4382E03DCEDDA8EC54E5664DA5.jpg,,,,,2025-01-22T23:59:59.999999999Z,PROSPECTUS,12,3
2314,5604260271856,355.0,PorSi,Cogumelos inteiros,Embalagem de 355 g,1.29,3.63,0,kg,€/Kg,,,https://driveimg1.intermarche.com/pt/Content/images/boitmal/produit/zoom/01F5BA204144BDCBC76F253B25332909.jpg,,,,,,,,2025-01-15T23:59:59.999999999Z,PROSPECTUS,12,3
50033,5601050037593,300.0,Yopro,"Iogurte liquido pêssego maragujá, 300g",,1.99,6.63,0,kg,€/Kg,,,https://driveimg1.intermarche.com/pt/Content/images/boitmal/produit/zoom/FBD4E9C7CBF6F8731249673D25B3B2EC.jpg,,,,,,,,2025-01-15T23:59:59.999999999Z,PROSPECTUS,12,3
22953,8411660670236,750.0,Sanytol,Desinfetante Multiusos,Embalagem de 750 ml,2.49,3.32,750,L,€/L,,,https://driveimg1.intermarche.com/pt/Content/images/boitmal/produit/zoom/1EEAA97664C33C6BEBEA4FA4B7290F03.jpg,,,,,,,,2025-01-15T23:59:59.999999999Z,PROSPECTUS,12,3
24368,5601050033021,620.0,Danone,"Iogurte líquido corpos danone, embalagem de 4 x 155g",,1.89,3.05,0,kg,€/Kg,,,https://driveimg1.intermarche.com/pt/Content/images/boitmal/produit/zoom/6EEC58F892743EDA98060B1AE2CB4E38.jpg,,,,,,,,2025-01-15T23:59:59.999999999Z,PROSPECTUS,12,3
29915,5600826202982,500.0,Prozis,"Manteiga de amendoim cremosa, 500g",,3.69,7.38,0,kg,€/Kg,,,https://driveimg1.intermarche.com/pt/Content/images/boitmal/produit/zoom/6FD303317CEA9E34214EB728EB0D5CFB.jpg,,,,,,,,2025-01-22T23:59:59.999999999Z,PROSPECTUS,12,3
39862,5604321029143,400.0,Cemporcento,"Farinha de aveia integral, embalagem de 400g",,1.1,2.75,0,kg,€/Kg,,,https://driveimg1.intermarche.com/pt/Content/images/boitmal/produit/zoom/B5FC553D6C7CF45D1AC0F98298800CCD.jpg,,,,,,,,2025-01-22T23:59:59.999999999Z,PROSPECTUS,12,3
41384,5601050036602,440.0,Danone,"Iogurte grego oikos stracciatella, embalagem de 4 x 110g",,1.99,4.52,0,kg,€/Kg,,,https://driveimg1.intermarche.com/pt/Content/images/boitmal/produit/zoom/4F7A349ED222FA644F51711D6A4D74B4.jpg,,,,,,,,2025-01-15T23:59:59.999999999Z,PROSPECTUS,12,3
48345,5604260318414,150.0,PorSi Viva Bem,Queijo gouda fatias 0% lactose,Embalagem de 150g,1.79,11.93,0,kg,€/Kg,,,https://driveimg1.intermarche.com/pt/Content/images/boitmal/produit/zoom/22C952CD8FFE4AA93EF3C9EB4961E5EF.jpg,,,,,,,,2025-01-22T23:59:59.999999999Z,PROSPECTUS,12,3
50416,8410500028268,900.0,Danone,"Iogurte Natural Oikos,  900g",,4.19,4.66,0,kg,€/Kg,,,https://driveimg1.intermarche.com/pt/Content/images/boitmal/produit/zoom/BE2729F7AF85DB2F2D16166480DF9AA2.jpg,,,,,,,,2025-01-15T23:59:59.999999999Z,PROSPECTUS,12,3
9299,5603722497254,1500.0,Pleno,"Tisana chá de cidreira e tília, garrafa de 1,5 l",,1.59,1.06,1500,L,€/L,,,https://driveimg1.intermarche.com/pt/Content/images/boitmal/produit/zoom/192748706F742E810B6FDFE78ABDE277.jpg,,,,,,,,2025-01-22T23:59:59.999999999Z,PROSPECTUS,12,3
10280,8410469002781,,Colhogar,"Papel higiénico compacto ultra suave xxl, 12 rolos",,5.74,5.74,12,,€/Unidade,,,https://driveimg1.intermarche.com/pt/Content/images/boitmal/produit/zoom/25C6AA40EDFE818F3044E21D30E55D7F.jpg,,,,,,,,2025-01-15T23:59:59.999999999Z,PROSPECTUS,12,3
43500,5604260309436,330.0,PorSi Bio,Bio doce de morango,Embalagem de 330g,2.59,7.85,0,kg,€/Kg,,Produtos Bio,https://driveimg1.intermarche.com/pt/Content/images/boitmal/produit/zoom/1EF19F8EC76B45EBB9ADD81D20FDEA94.jpg,https://driveimg1.intermarche.com/pt/Content/images/boitmal/produit/zoom/EAE59109BAA999CBD1E9EB5D9057ECD1.jpg,https://driveimg1.intermarche.com/pt/Content/images/boitmal/produit/zoom/EAE59109BAA999CBD1E9EB5D9057ECD1.jpg,https://driveimg1.intermarche.com/pt/Content/images/boitmal/produit/zoom/EAE59109BAA999CBD1E9EB5D9057ECD1.jpg,https://driveimg1.intermarche.com/pt/Content/images/boitmal/produit/zoom/EAE59109BAA999CBD1E9EB5D9057ECD1.jpg,,,,2025-01-22T23:59:59.999999999Z,PROSPECTUS,12,3
44252,5601019012890,210.0,Guloso,"Tomate frito, embalagem de 210g",,0.86,4.1,0,kg,€/Kg,,,https://driveimg1.intermarche.com/pt/Content/images/boitmal/produit/zoom/8B263589AC7E30970A012A4A83920952.jpg,,,,,,,,2025-01-15T23:59:59.999999999Z,PROSPECTUS,12,3
47782,5604260319985,1000.0,PorSi Viva Bem,Bebida avelã,1 litro,1.29,1.29,1000,L,€/L,,,https://driveimg1.intermarche.com/pt/Content/images/boitmal/produit/zoom/094EAEBDE5D57C017BB756A541CFD9A9.jpg,,,,,,,,2025-01-22T23:59:59.999999999Z,PROSPECTUS,12,3
4786,5010029000061,430.0,Weetabix,"Cereais, embalagem de 430g",,3.14,7.3,0,kg,€/Kg,,,https://driveimg1.intermarche.com/pt/Content/images/boitmal/produit/zoom/232982B37BEBBB4A68E8B55711F4EB74.jpg,,,,,,,,2025-01-22T23:59:59.999999999Z,PROSPECTUS,12,3
5093,5601050033755,620.0,Danone,"Iogurte activia líquido 0% morango/kiwi, embalagem de 4 x 155 g",,1.99,3.21,0,kg,€/Kg,,,https://driveimg1.intermarche.com/pt/Content/images/boitmal/produit/zoom/29B41AE598716D0550D815AA0FE86025.jpg,,,,,,,,2025-01-15T23:59:59.999999999Z,PROSPECTUS,12,3
52158,5604260327904,400.0,PorSi Viva Bem,"Gelatina de Manga e Maracujá 8kcal ,  4x100g",,1.09,2.73,0,kg,€/Kg,,,https://driveimg1.intermarche.com/pt/Content/images/boitmal/produit/zoom/92F20412CBF55A09DFC51A947EE96A10.jpg,,,,,,,,2025-01-22T23:59:59.999999999Z,PROSPECTUS,12,3
9300,5603722497261,1500.0,Pleno,"Tisana chá verde/limão, garrafa de 1,5 l",,1.59,1.06,1500,L,€/L,,,https://driveimg1.intermarche.com/pt/Content/images/boitmal/produit/zoom/7EF2B204E50EAE71668E7C4A97DD36C7.jpg,,,,,,,,2025-01-22T23:59:59.999999999Z,PROSPECTUS,12,3
14510,5411188116592,1000.0,Alpro,"Bebida coco, embalagem de 1l",,1.99,1.99,1000,L,€/L,,,https://driveimg1.intermarche.com/pt/Content/images/boitmal/produit/zoom/3169716B6C6ACB981FBF106D130524DA.jpg,,,,,,,,2025-01-22T23:59:59.999999999Z,PROSPECTUS,12,3
21749,7613035766532,250.0,Nestum,"Nestum chocolate, embalagem de 250g",,2.14,8.56,0,kg,€/Kg,,,https://driveimg1.intermarche.com/pt/Content/images/boitmal/produit/zoom/56615AB89B36DE078E553AF04539E1E0.jpg,,,,,,,,2025-01-15T23:59:59.999999999Z,PROSPECTUS,12,3
24821,5604321028757,200.0,Cemporcento,"Bolachas marinheiras chia, embalagem de 200g",,1.99,9.95,0,kg,€/Kg,,,https://driveimg1.intermarche.com/pt/Content/images/boitmal/produit/zoom/A32F22B72B6F1F6892FBBFA5180DFAA2.jpg,,,,,,,,2025-01-22T23:59:59.999999999Z,PROSPECTUS,12,3
2748,8410063044521,200.0,Pescanova,"Miolo de camarão cozido 40/60, 200 g",,5.99,29.95,0,kg,€/Kg,,Tipo de stockagem,https://driveimg1.intermarche.com/pt/Content/images/boitmal/produit/zoom/D50FF0C33F27025B364B2A0F02EC1F36.jpg,,,,,,,,2025-01-15T23:59:59.999999999Z,PROSPECTUS,12,3
32342,5603722517334,200.0,Milhafre,Queijo açoriano fatias de textura cremosa,Embalagem de 200g,2.09,10.45,0,kg,€/Kg,,,https://driveimg1.intermarche.com/pt/Content/images/boitmal/produit/zoom/171D35F4FE014EB04FB3B5636B039DB0.jpg,,,,,,,,2025-01-15T23:59:59.999999999Z,PROSPECTUS,12,3
42847,5604260307999,1000.0,PorSi Bio,Bio bebida aveia,embalagem de 1 litro,1.19,1.19,1000,L,€/L,,Produtos Bio,https://driveimg1.intermarche.com/pt/Content/images/boitmal/produit/zoom/C923FB353F4DBBE9E2E788A0B1D8F2AA.jpg,,,,,,,,2025-01-15T23:59:59.999999999Z,PROSPECTUS,12,3
42854,5604260307296,640.0,PorSi Viva Bem,"Iogurte liquido sem lactose natural açucarado,  4 x 160 g",,1.49,2.33,0,kg,€/Kg,,,https://driveimg1.intermarche.com/pt/Content/images/boitmal/produit/zoom/BFFC1EE1378B2F95511697C6045E2642.jpg,https://driveimg1.intermarche.com/pt/Content/images/boitmal/produit/zoom/7C663AC200E1004692928EC8D0355E81.jpg,https://driveimg1.intermarche.com/pt/Content/images/boitmal/produit/zoom/7C663AC200E1004692928EC8D0355E81.jpg,https://driveimg1.intermarche.com/pt/Content/images/boitmal/produit/zoom/7C663AC200E1004692928EC8D0355E81.jpg,https://driveimg1.intermarche.com/pt/Content/images/boitmal/produit/zoom/7C663AC200E1004692928EC8D0355E81.jpg,,,,2025-01-22T23:59:59.999999999Z,PROSPECTUS,12,3
44240,8410500010539,1200.0,Danone,"Iogurte líquido de morango kids, pack 12 x 100 g",,4.99,4.16,0,kg,€/Kg,,,https://driveimg1.intermarche.com/pt/Content/images/boitmal/produit/zoom/675F0D6784FF916C81A6BE90AA600C99.jpg,,,,,,,,2025-01-15T23:59:59.999999999Z,PROSPECTUS,12,3
52152,5604260327874,400.0,PorSi Viva Bem,"Gelatina de Morango 8kcal,  4x100g",,1.09,2.73,0,kg,€/Kg,,,https://driveimg1.intermarche.com/pt/Content/images/boitmal/produit/zoom/D9941CA1ACDDD64BBF251F86AFFE838E.jpg,,,,,,,,2025-01-22T23:59:59.999999999Z,PROSPECTUS,12,3
5247,5601151720752,845.0,Compal,"Feijão frade, lata de 850g",,1.74,2.06,0,kg,€/Kg,,,https://driveimg1.intermarche.com/pt/Content/images/boitmal/produit/zoom/748A199E3B15682C5E3E960F2EBA8A1A.jpg,,,,,,,,2025-01-15T23:59:59.999999999Z,PROSPECTUS,12,3
8672,5601164902589,5000.0,Super Bock,"Cerveja com álcool, pack 20 x 25 cl",,9.99,2.0,5000,L,€/L,,,https://driveimg1.intermarche.com/pt/Content/images/boitmal/produit/zoom/2F3621A27B73789EDA7DDA7347F7A8AE.jpg,,,,,,,,2025-01-15T23:59:59.999999999Z,PROSPECTUS,12,3
979,5601024134471,750.0,Oliveira da Serra,Azeite Virgem,Embalagem de 750 ml,7.29,9.72,750,L,€/L,,,https://driveimg1.intermarche.com/pt/Content/images/boitmal/produit/zoom/E26F25C9E42D7D1738A837046251B635.jpg,,,,,,,,2025-01-15T23:59:59.999999999Z,PROSPECTUS,12,3
21767,7613035487871,90.0,Nestlé,"Fruta para bebé multifrutas +4 meses, embalagem de 90g",,0.74,8.22,0,kg,€/Kg,,,https://driveimg1.intermarche.com/pt/Content/images/boitmal/produit/zoom/1B1A7DCEC52C23E2760C4FE3A24A75EE.jpg,,,,,,,,2025-01-15T23:59:59.999999999Z,PROSPECTUS,12,3
43820,5604260312559,750.0,PorSi,Spray tira gorduras,Embalagem de 750 ml,1.49,1.99,750,L,€/L,,,https://driveimg1.intermarche.com/pt/Content/images/boitmal/produit/zoom/5A8C5507FE897868931863ECE4A05799.jpg,,,,,,,,2025-01-15T23:59:59.999999999Z,PROSPECTUS,12,4
44744,5000116126200,250.0,Iglo green,"11 nuggets de proteína vegetal, embalagem de 250g",,3.99,15.96,0,kg,€/Kg,,Tipo de stockagem,https://driveimg1.intermarche.com/pt/Content/images/boitmal/produit/zoom/BD72F77675F63E6DB4973004D403E888.jpg,,,,,,,,2025-01-22T23:59:59.999999999Z,PROSPECTUS,12,4
45405,3023290053508,150.0,Lindahls,"Pudim de baunilha + proteína, 150g",,1.69,11.27,0,kg,€/Kg,,,https://driveimg1.intermarche.com/pt/Content/images/boitmal/produit/zoom/CD482C5BF61320A2B85EA62D20469CB9.jpg,,,,,,,,2025-01-22T23:59:59.999999999Z,PROSPECTUS,12,4
6061,5608527000562,5000.0,Dom Campos,"Vinho branco região da península de setúbal, bag in box",Garrafa de 5 l,7.99,1.6,5000,L,€/L,,,https://driveimg1.intermarche.com/pt/Content/images/boitmal/produit/zoom/BA44EC5E1422F4CEC2E3E732DF2E9AB6.jpg,,,,,,,,2025-01-15T23:59:59.999999999Z,PROSPECTUS,12,4
1141,5601082026930,55.0,Delta Q,Cápsulas de café qharacter,Embalagem de 60g,3.59,65.27,0,kg,€/Kg,,,https://driveimg1.intermarche.com/pt/Content/images/boitmal/produit/zoom/ED78713935358B06CEC6FAE9E6288EA3.jpg,,,,,,,,2025-01-15T23:59:59.999999999Z,PROSPECTUS,12,4
11974,5603722508752,200.0,Castelões,"Queijo em fatias original, embalagem de 200g",,2.09,10.45,0,kg,€/Kg,,,https://driveimg1.intermarche.com/pt/Content/images/boitmal/produit/zoom/9709716796DE3B121923F09B97DF17ED.jpg,,,,,,,,2025-01-15T23:59:59.999999999Z,PROSPECTUS,12,4
1327,5601164115606,1000.0,Super Bock,"Cerveja com álcool, garrafa de 1l",,1.79,1.79,1000,L,€/L,,,https://driveimg1.intermarche.com/pt/Content/images/boitmal/produit/zoom/73F2D859CCD8D2800F2C691289AD7AE3.jpg,,,,,,,,2025-01-15T23:59:59.999999999Z,PROSPECTUS,12,4
14344,3387390406719,150.0,Nestlé,"Barras de cereais nesquik, embalagem de 150g",,2.39,15.93,0,kg,€/Kg,,,https://driveimg1.intermarche.com/pt/Content/images/boitmal/produit/zoom/4878F7C89F5570C091D36337F3638AB8.jpg,,,,,,,,2025-01-15T23:59:59.999999999Z,PROSPECTUS,12,4
14372,8712100599392,550.0,Calvé,"Ketchup top down, embalagem de 550g",,2.89,5.25,0,kg,€/Kg,,,https://driveimg1.intermarche.com/pt/Content/images/boitmal/produit/zoom/6D3218F33B22BC3205033BC41E176600.jpg,https://driveimg1.intermarche.com/pt/Content/images/boitmal/produit/zoom/FE7F103C359D2D1FD7BF3FDC8DD381BA.jpg,https://driveimg1.intermarche.com/pt/Content/images/boitmal/produit/zoom/FE7F103C359D2D1FD7BF3FDC8DD381BA.jpg,https://driveimg1.intermarche.com/pt/Content/images/boitmal/produit/zoom/FE7F103C359D2D1FD7BF3FDC8DD381BA.jpg,,,,,2025-01-15T23:59:59.999999999Z,PROSPECTUS,12,4
19046,5000116110414,480.0,Capitão Iglo,"8 hamburguers sem glúten frango, embalagem de 480g",,7.99,16.65,0,kg,€/Kg,,Tipo de stockagem,https://driveimg1.intermarche.com/pt/Content/images/boitmal/produit/zoom/B74DC0C9C4A898B602612BD394B808F5.jpg,,,,,,,,2025-01-15T23:59:59.999999999Z,PROSPECTUS,12,4
2083,5604260193691,1000.0,PorSi,Néctar light de laranja prisma,Embalagem de 1 l,1.49,1.49,1000,L,€/L,,,https://driveimg1.intermarche.com/pt/Content/images/boitmal/produit/zoom/1D4D0AA75BBD1937F2A8A67DCCFD70DB.jpg,,,,,,,,2025-01-22T23:59:59.999999999Z,PROSPECTUS,12,4
29591,3387390339505,375.0,Nestlé,"Cereais golden grahams, embalagem de 380g",,2.99,7.97,0,kg,€/Kg,,,https://driveimg1.intermarche.com/pt/Content/images/boitmal/produit/zoom/52B010047394B5E18C21D533AA60A41C.jpg,,,,,,,,2025-01-15T23:59:59.999999999Z,PROSPECTUS,12,4
33090,5411188112709,1000.0,Alpro,"Bebida amêndoa torrada sem açúcar, embalagem de 1litro",,1.99,1.99,1000,L,€/L,,,https://driveimg1.intermarche.com/pt/Content/images/boitmal/produit/zoom/66C6488BDB769AFC2D2A2697199C34D6.jpg,,,,,,,,2025-01-22T23:59:59.999999999Z,PROSPECTUS,12,4
35462,8410500023652,300.0,Yopro,"Iogurte liquido proteína yopro morango/framboesa, 300g",,1.99,6.63,0,kg,€/Kg,,,https://driveimg1.intermarche.com/pt/Content/images/boitmal/produit/zoom/0355698CE2ECE716D8F24A21D83D0BA6.jpg,,,,,,,,2025-01-15T23:59:59.999999999Z,PROSPECTUS,12,4
36709,5604260296750,250.0,PorSi,Queijo fresco ligth,Embalagem de 4 x 62.5 g,2.59,10.36,0,kg,€/Kg,,,https://driveimg1.intermarche.com/pt/Content/images/boitmal/produit/zoom/C4EE542A1994DE7774B9C54C8888B672.jpg,,,,,,,,2025-01-22T23:59:59.999999999Z,PROSPECTUS,12,4
36899,5604260283347,200.0,PorSi Viva Bem,Sementes de girassol,Embalagem de 200 g,0.99,4.95,0,kg,€/Kg,,,https://driveimg1.intermarche.com/pt/Content/images/boitmal/produit/zoom/58B92FDE2988473703108F9C38BFC87E.jpg,,,,,,,,2025-01-22T23:59:59.999999999Z,PROSPECTUS,12,4
38417,5411188124689,1000.0,Alpro,"Bebida aveia sem açúcar, embalagem de 1l",,1.99,1.99,1000,L,€/L,,,https://driveimg1.intermarche.com/pt/Content/images/boitmal/produit/zoom/242D83F75D71A1E8390A9D4AC652F0B9.jpg,,,,,,,,2025-01-22T23:59:59.999999999Z,PROSPECTUS,12,4
41221,5604260307951,200.0,PorSi Viva Bem,Sementes de abóbora,Embalagem de 200 g,1.89,9.45,0,kg,€/Kg,,,https://driveimg1.intermarche.com/pt/Content/images/boitmal/produit/zoom/490A3FBC8D1728D50D62350E36AD23EB.jpg,,,,,,,,2025-01-22T23:59:59.999999999Z,PROSPECTUS,12,4
41582,5601050036626,440.0,Danone,"Iogurte grego café, embalagem de 4 x 110g",,1.99,4.52,0,kg,€/Kg,,,https://driveimg1.intermarche.com/pt/Content/images/boitmal/produit/zoom/EF95F2D28E70847A0AC4BCB56F85C051.jpg,,,,,,,,2025-01-15T23:59:59.999999999Z,PROSPECTUS,12,4
41623,5604260303588,4000.0,PorSi,Areia para gatos aglomerante compacta perfumada,Embalagem de 4 kg,3.99,1.0,0,kg,€/Kg,,,https://driveimg1.intermarche.com/pt/Content/images/boitmal/produit/zoom/643C2D97D6A503321FA315B5E172F9CE.jpg,,,,,,,,2025-01-15T23:59:59.999999999Z,PROSPECTUS,12,4
46483,5604260314744,750.0,PorSi,Spray antibacteriano,750 ml,1.79,2.39,750,L,€/L,,,https://driveimg1.intermarche.com/pt/Content/images/boitmal/produit/zoom/94B56427FA30DF7BACCDDC0D63635ACF.jpg,,,,,,,,2025-01-15T23:59:59.999999999Z,PROSPECTUS,12,4
46484,5604260314768,750.0,PorSi,Spray limpeza casa de banho,750 ml,1.59,2.12,750,L,€/L,,,https://driveimg1.intermarche.com/pt/Content/images/boitmal/produit/zoom/10784C2150AAC13CD1DE10B8535A90B6.jpg,,,,,,,,2025-01-15T23:59:59.999999999Z,PROSPECTUS,12,4
48262,5604260321858,375.0,PorSi,"Cereais Fruta e Fibra, 375 g",,1.87,4.99,0,kg,€/Kg,,,https://driveimg1.intermarche.com/pt/Content/images/boitmal/produit/zoom/FCF4ACF7C60B73C2BBF42AA1DCB47310.jpg,,,,,,,,2025-01-15T23:59:59.999999999Z,PROSPECTUS,12,4
49990,5603722520785,180.0,Matinal,"Queijo fresco cottage magro, 180g",,1.69,9.39,0,kg,€/Kg,,,https://driveimg1.intermarche.com/pt/Content/images/boitmal/produit/zoom/677495AD158EEB0AAFC85AB2D4806010.jpg,,,,,,,,2025-01-15T23:59:59.999999999Z,PROSPECTUS,12,4
52337,8720181392955,1368.0,Comfort,"Amaciador roupa concentrado creations flor de lótus e lima, 76 doses",,3.99,2.92,1368,L,€/L,,,https://driveimg1.intermarche.com/pt/Content/images/boitmal/produit/zoom/AA557AEC063D2D449E9AD9A05E65B1FD.jpg,,,,,,,,2025-01-15T23:59:59.999999999Z,PROSPECTUS,12,4
52339,8720181392924,1368.0,Comfort,"Amaciador Roupa Concentrado Creations Lírios e Morango, 76 doses",,3.99,2.92,1368,L,€/L,,,https://driveimg1.intermarche.com/pt/Content/images/boitmal/produit/zoom/CE8FB9A40EB58A232C2FDE5C1B9A52E7.jpg,,,,,,,,2025-01-15T23:59:59.999999999Z,PROSPECTUS,12,4
7043,2894074000000,150.0,Campofrio,Peito de peru forno lenha,1 un = 150 gr (aprox.),2.52,16.79,0,,€/Kg,,,https://driveimg1.intermarche.com/pt/Content/images/boitmal/produit/zoom/EF3CEFEECAD2391EED6F65839052F87D.jpg,,,,,,,,2025-01-15T23:59:59.999999999Z,PROSPECTUS,12,4
8534,5601119957183,120.0,Campofrio,"Peito peru forno lenha fatias clássicas, embalagem de 120g",,2.39,19.92,0,kg,€/Kg,,,https://driveimg1.intermarche.com/pt/Content/images/boitmal/produit/zoom/623D6B2EB3EE61B2128AE1B5E62C0910.jpg,,,,,,,,2025-01-15T23:59:59.999999999Z,PROSPECTUS,12,4
1146,5601082027029,55.0,Delta Q,Café em cápsulas deqafeitatus,Embalagem de 55 g,3.59,65.27,0,kg,€/Kg,,,https://driveimg1.intermarche.com/pt/Content/images/boitmal/produit/zoom/245DF90A4F20DF617A9331E6A54D24B0.jpg,,,,,,,,2025-01-15T23:59:59.999999999Z,PROSPECTUS,12,4
12230,7613034192264,250.0,Cerelac,Papa infantil para preparar com leite +6 meses,Embalagem de 250g,1.84,7.36,0,kg,€/Kg,,,https://driveimg1.intermarche.com/pt/Content/images/boitmal/produit/zoom/71A50A4D3564A93E8A6CF702B1916C84.jpg,,,,,,,,2025-01-15T23:59:59.999999999Z,PROSPECTUS,12,4
17665,8712100745591,754.0,Calvé,"Maionese top down, embalagem de 753 g",,3.69,4.89,0,kg,€/Kg,,,https://driveimg1.intermarche.com/pt/Content/images/boitmal/produit/zoom/C6F00A8AA4D7D21E56D34CFA61170423.jpg,,,,,,,,2025-01-15T23:59:59.999999999Z,PROSPECTUS,12,4
26177,5603722514470,1000.0,Matinal,"Leite seleccionado leve, de 1l",,1.05,1.05,1000,L,€/L,,,https://driveimg1.intermarche.com/pt/Content/images/boitmal/produit/zoom/3414EC19C8611CE7E0D99781254117D1.jpg,,,,,,,,2025-01-15T23:59:59.999999999Z,PROSPECTUS,12,4
37368,5604260300518,31.0,PorSi,Gelatina morango 0% açúcar,Embalagem de 31 g,0.97,31.29,0,kg,€/Kg,,,https://driveimg1.intermarche.com/pt/Content/images/boitmal/produit/zoom/ED72603CF70EFE117DB8D71FCC17B8C0.jpg,,,,,,,,2025-01-22T23:59:59.999999999Z,PROSPECTUS,12,4
44804,3023290048924,150.0,Lindahls,"Pudim de chocolate + proteína, 150g",,1.69,11.27,0,kg,€/Kg,,,https://driveimg1.intermarche.com/pt/Content/images/boitmal/produit/zoom/989B5F16D9E5F4A7EB2B3AE42115DF4A.jpg,,,,,,,,2025-01-22T23:59:59.999999999Z,PROSPECTUS,12,4
46481,5604260314799,750.0,PorSi,Spray multisuperfícies,750 ml,1.59,2.12,750,L,€/L,,,https://driveimg1.intermarche.com/pt/Content/images/boitmal/produit/zoom/68B05B54F1F082CB9A5B0620169B53B8.jpg,,,,,,,,2025-01-15T23:59:59.999999999Z,PROSPECTUS,12,4
47021,5604260318322,150.0,PorSi Viva Bem,"Iogurte morango skyr 0%, 150 g",,0.69,4.6,0,kg,€/Kg,,,https://driveimg1.intermarche.com/pt/Content/images/boitmal/produit/zoom/6115F0FD7BCBA2A6097B8DE8B44DA1EC.jpg,,,,,,,,2025-01-22T23:59:59.999999999Z,PROSPECTUS,12,4
48085,5604260319145,2000.0,PorSi,"Iogurte cremeo vários sabores, 16 x 125 g",,4.99,2.5,0,kg,€/Kg,,,https://driveimg1.intermarche.com/pt/Content/images/boitmal/produit/zoom/9EB3444AAE60DA230D9A0A81989B0C95.jpg,,,,,,,,2025-01-15T23:59:59.999999999Z,PROSPECTUS,12,4
51896,8719200253377,400.0,Planta,"Creme vegetal para barrar original, 400g",,2.54,6.35,0,kg,€/Kg,,,https://driveimg1.intermarche.com/pt/Content/images/boitmal/produit/zoom/0265DFAAA6CC23B5D28B5523E860ECEF.jpg,,,,,,,,2025-01-15T23:59:59.999999999Z,PROSPECTUS,12,4
8068,5011417544679,400.0,Finish,Abrilhantador p/ máquina de lavar loiça,Garrafa de 400 ml,3.99,9.98,400,L,€/L,,,https://driveimg1.intermarche.com/pt/Content/images/boitmal/produit/zoom/5D045CC65EE222532216DB5B0BF2A582.jpg,,,,,,,,2025-01-15T23:59:59.999999999Z,PROSPECTUS,12,4
815,5000116106172,250.0,Capitão Iglo,"Douradinhos de frango, 10 unidades, embalagem de 250g",,3.49,13.96,0,kg,€/Kg,,Tipo de stockagem,https://driveimg1.intermarche.com/pt/Content/images/boitmal/produit/zoom/C5A8F3400BD1CDAA3A658C1B6BE7A4E1.jpg,,,,,,,,2025-01-15T23:59:59.999999999Z,PROSPECTUS,12,4
8415,8410500007836,600.0,Danone,"Actimel iogurte líquido tutti frutti, embalagem de 6 x 100g",,2.89,4.82,0,kg,€/Kg,,,https://driveimg1.intermarche.com/pt/Content/images/boitmal/produit/zoom/0712AE23BC1EFB6DA91FF7C37F68326A.jpg,,,,,,,,2025-01-15T23:59:59.999999999Z,PROSPECTUS,12,4
14346,3387390406849,150.0,Nestlé,"Barras cereais chocapic, embalagem de 150g",,2.39,15.93,0,kg,€/Kg,,,https://driveimg1.intermarche.com/pt/Content/images/boitmal/produit/zoom/A9E143A7AE167B7B2DF153E69E157760.jpg,,,,,,,,2025-01-15T23:59:59.999999999Z,PROSPECTUS,12,4
14437,5411188110835,1000.0,Alpro,"Bebida de soja de amêndoa, embalagem de 1 litro",,1.99,1.99,1000,L,€/L,,,https://driveimg1.intermarche.com/pt/Content/images/boitmal/produit/zoom/7737749B389B841C77AB65B76665C756.jpg,,,,,,,,2025-01-22T23:59:59.999999999Z,PROSPECTUS,12,4
14508,5411188115496,1000.0,Alpro,"Bebida de soja sem acucar 1l, embalagem de 1l",,1.99,1.99,1000,L,€/L,,,https://driveimg1.intermarche.com/pt/Content/images/boitmal/produit/zoom/08FB7DF3E9A91E663DF63A6991F64B9B.jpg,,,,,,,,2025-01-22T23:59:59.999999999Z,PROSPECTUS,12,4
2403,5608543000072,20.0,Tetley,"Chá de mel, limão e ginseng",Embalagem de 20g,0.95,47.5,0,kg,€/Kg,,,https://driveimg1.intermarche.com/pt/Content/images/boitmal/produit/zoom/9B1217457C8CB66C8447C64453800613.jpg,,,,,,,,2025-01-15T23:59:59.999999999Z,PROSPECTUS,12,4
37367,5010029000092,215.0,Weetabix,"Cereais weetabix originais, embalagem de 215 g",,2.39,11.12,0,kg,€/Kg,,,https://driveimg1.intermarche.com/pt/Content/images/boitmal/produit/zoom/E63E3B5AF976AFAE0CA9401ECBA76B16.jpg,,,,,,,,2025-01-22T23:59:59.999999999Z,PROSPECTUS,12,4
37928,5604260300631,360.0,PorSi Viva Bem,Esparregado de espinafres sem lactose,Embalagem de 360 g,2.29,6.36,0,kg,€/Kg,,Tipo de stockagem,https://driveimg1.intermarche.com/pt/Content/images/boitmal/produit/zoom/CAC3708405497DA68E45D2D05D69A99D.jpg,,,,,,,,2025-01-22T23:59:59.999999999Z,PROSPECTUS,12,4
