identifier,produitEan13,capacite,marque,libelle,conditionnement,prix,unitPrice,volume,typeProduit_uniteByCode,unit_value,pictogrammes_0,pictogrammes_libelleCategorie,images_0,images_1,images_2,images_3,avantages_dateFin,avantages_categorie,nro_paginas,page,images_4,images_5
12997,2892527000000,300.0,Legumes,Courgette Categoria II,,0.36,1.19,0,,€/Kg,,,https://driveimg1.intermarche.com/pt/Content/images/boitmal/produit/zoom/323B806C0CB557ED0F5B2CB32A998FDE.jpg,,,,2025-09-03T23:59:59+01:00,PROSPECTUS,12,1,,
14372,8712100599392,550.0,Calvé,"Ketchup top down, embalagem de 550g",,2.59,4.71,0,kg,€/Kg,,,https://driveimg1.intermarche.com/pt/Content/images/boitmal/produit/zoom/6D3218F33B22BC3205033BC41E176600.jpg,https://driveimg1.intermarche.com/pt/Content/images/boitmal/produit/zoom/FE7F103C359D2D1FD7BF3FDC8DD381BA.jpg,https://driveimg1.intermarche.com/pt/Content/images/boitmal/produit/zoom/FE7F103C359D2D1FD7BF3FDC8DD381BA.jpg,https://driveimg1.intermarche.com/pt/Content/images/boitmal/produit/zoom/FE7F103C359D2D1FD7BF3FDC8DD381BA.jpg,2025-09-03T23:59:59+01:00,PROSPECTUS,12,1,,
1709,5604055111060,6000.0,Fastio,"Água mineral sem gás, embalagem de 6 l",,1.49,0.25,6000,L,€/L,,,https://driveimg1.intermarche.com/pt/Content/images/boitmal/produit/zoom/6EFB8FD4D0614752BB5925C1048B82B3.jpg,,,,2025-09-03T23:59:59+01:00,PROSPECTUS,12,1,,
15161,5604260274246,1000.0,PorSi,Cenouras Programa Origens,Embalagem de 1 kg,0.89,0.89,0,kg,€/Kg,,,https://driveimg1.intermarche.com/pt/Content/images/boitmal/produit/zoom/558C3AC1450C10C8B2395D06441C5423.jpg,,,,2025-09-03T23:59:59+01:00,PROSPECTUS,12,1,,
27896,3600542139984,400.0,Garnier,Champô Ultra Suave Riqueza D'Argão,Embalagem de 250 ml,2.94,7.35,400,L,€/L,,,https://driveimg1.intermarche.com/pt/Content/images/boitmal/produit/zoom/7293457F28DEF21E8565EC96AA514271.jpg,,,,2025-09-03T23:59:59+01:00,PROSPECTUS,12,1,,
6819,8712566125982,420.0,Olá,"Gelado perna de pau, embalagem de 6 x 70 ml",,2.99,7.12,420,L,€/L,,Tipo de stockagem,https://driveimg1.intermarche.com/pt/Content/images/boitmal/produit/zoom/CDB6594198A7D84CB46AB7CA0CA9C95D.jpg,https://driveimg1.intermarche.com/pt/Content/images/boitmal/produit/zoom/CDF3DFE8D09454EBB2363B5EF224B65F.jpg,https://driveimg1.intermarche.com/pt/Content/images/boitmal/produit/zoom/CDF3DFE8D09454EBB2363B5EF224B65F.jpg,https://driveimg1.intermarche.com/pt/Content/images/boitmal/produit/zoom/CDF3DFE8D09454EBB2363B5EF224B65F.jpg,2025-09-03T23:59:59+01:00,PROSPECTUS,12,1,,
18376,5601027009769,480.0,Panrico,Pão de forma sem côdea 9 cereais,Embalagem de 480g,1.99,4.15,0,kg,€/Kg,,,https://driveimg1.intermarche.com/pt/Content/images/boitmal/produit/zoom/202DA3E3189533F2DED569B04263CF8C.jpg,,,,2025-09-03T23:59:59+01:00,PROSPECTUS,12,1,,
30414,4015400917304,480.0,Fairy,Detergente Liquido Loiça Original,480 ml,2.54,5.29,480,L,€/L,,,https://driveimg1.intermarche.com/pt/Content/images/boitmal/produit/zoom/BDA62A6B9333A70897E09AEAD0B62BBF.jpg,,,,2025-09-03T23:59:59+01:00,PROSPECTUS,12,1,,
13833,2892579000000,300.0,Legumes,Pepino,1 un = 300 gr  (aprox.),0.45,1.49,0,,€/Kg,,,https://driveimg1.intermarche.com/pt/Content/images/boitmal/produit/zoom/BD2734BFC4704D52A466FC85B929304E.jpg,,,,2025-09-03T23:59:59+01:00,PROSPECTUS,12,1,,
5143,5601096201309,750.0,Casal Garcia,"Vinho verde branco, garrafa de 0.75 l",,3.49,4.65,750,L,€/L,,,https://driveimg1.intermarche.com/pt/Content/images/boitmal/produit/zoom/C499325EC5B55389E1608DCDF3310034.jpg,,,,2025-09-03T23:59:59+01:00,PROSPECTUS,12,1,,
25538,7613035800281,1500.0,Friskies,Ração para gato esterilizado com peru,"Embalagem de 1,5 kg",5.84,3.89,0,kg,€/Kg,,,https://driveimg1.intermarche.com/pt/Content/images/boitmal/produit/zoom/FF9C78F9FCA49B5C5370D6F754BBF1C8.jpg,,,,2025-09-03T23:59:59+01:00,PROSPECTUS,12,1,,
21767,7613035487871,90.0,Nestlé,"Fruta para bebé multifrutas +4 meses, embalagem de 90g",,0.65,7.22,0,kg,€/Kg,,,https://driveimg1.intermarche.com/pt/Content/images/boitmal/produit/zoom/1B1A7DCEC52C23E2760C4FE3A24A75EE.jpg,,,,2025-09-03T23:59:59+01:00,PROSPECTUS,12,1,,
10116,8410104702601,,Finish,Limpa máquina loiça regular,,3.99,3.99,1,,€/Unidade,,,https://driveimg1.intermarche.com/pt/Content/images/boitmal/produit/zoom/928CE798A3F3B183700718A418930AB8.jpg,,,,2025-09-03T23:59:59+01:00,PROSPECTUS,12,1,,
9279,5603533652002,1000.0,Frize,"Água com gás limão, pack 4 x 0.25 l",,2.09,2.09,1000,L,€/L,,,https://driveimg1.intermarche.com/pt/Content/images/boitmal/produit/zoom/11B7A1FE3C8011649267813E9487639D.jpg,,,,2025-09-03T23:59:59+01:00,PROSPECTUS,12,1,,
31516,8435257039107,1280.0,Nestlé,"Yoggi liquido morango, embalagem de 8x160g",,3.89,3.04,0,kg,€/Kg,,,https://driveimg1.intermarche.com/pt/Content/images/boitmal/produit/zoom/919C3780A665F064AD1803A3631A5911.jpg,,,,2025-09-03T23:59:59+01:00,PROSPECTUS,12,1,,
45029,3600542369794,400.0,Garnier,"Champô Ultra Suave camomila, 400 ml",,3.79,9.48,400,L,€/L,,,https://driveimg1.intermarche.com/pt/Content/images/boitmal/produit/zoom/3D84CCE5242E797E89883507C54F8153.jpg,,,,2025-09-03T23:59:59+01:00,PROSPECTUS,12,1,,
37444,7613036955799,250.0,Nestum,"Nestum zero mel, embalagem de 250g",,2.24,8.96,0,kg,€/Kg,,,https://driveimg1.intermarche.com/pt/Content/images/boitmal/produit/zoom/5B200610F8E9504D3552A7693F67BE32.jpg,,,,2025-09-03T23:59:59+01:00,PROSPECTUS,12,1,,
10597,8712100326356,360.0,Olá,"Gelado fizz limão, embalagem de 6 x 60 ml",,2.99,8.31,360,L,€/L,,Tipo de stockagem,https://driveimg1.intermarche.com/pt/Content/images/boitmal/produit/zoom/234F906CA10C5C87A7F2D2188B0A37DA.jpg,,,,2025-09-03T23:59:59+01:00,PROSPECTUS,12,1,,
10095,8435257040899,640.0,Nestlé,"Iogurte líquido yoggi morango, embalagem de 4 x 160g",,1.99,3.11,0,kg,€/Kg,,,https://driveimg1.intermarche.com/pt/Content/images/boitmal/produit/zoom/BCBB1C4518CDF8045B46EB41CD173E54.jpg,,,,2025-09-03T23:59:59+01:00,PROSPECTUS,12,1,,
32075,7613036496230,340.0,Purina One,Comida húmida para gato indoor em molho com atum,Embalagem de 340g,2.59,7.62,0,kg,€/Kg,,,https://driveimg1.intermarche.com/pt/Content/images/boitmal/produit/zoom/3841879E8C072CCA15A9C44E736AF30F.jpg,,,,2025-09-03T23:59:59+01:00,PROSPECTUS,12,1,,
26047,8412600070994,650.0,Bimbo,Pão de forma s/ côdea,Embalagem de 650 g,2.14,3.29,0,kg,€/Kg,,,https://driveimg1.intermarche.com/pt/Content/images/boitmal/produit/zoom/29A6957961BACB180F45AAA47CD1FB78.jpg,,,,2025-09-03T23:59:59+01:00,PROSPECTUS,12,1,,
14897,2892245000000,4000.0,Fruta,Melancia Riscada,Vendido ao peso | 1 un = 4kg (aprox.),2.36,0.59,0,,€/Kg,,,https://driveimg1.intermarche.com/pt/Content/images/boitmal/produit/zoom/499A6B9B1699D69723890E8129338912.jpg,,,,2025-09-03T23:59:59+01:00,PROSPECTUS,12,1,,
21523,5602417101582,5000.0,Courelas d'Alqueva,Vinho bag-in-box branco,Garrafa de 5 l,6.49,1.3,5000,L,€/L,,,https://driveimg1.intermarche.com/pt/Content/images/boitmal/produit/zoom/4D3F0DF38C3F94ABA8EE403D35C64B7B.jpg,,,,2025-09-03T23:59:59+01:00,PROSPECTUS,12,1,,
41065,5604649919805,300.0,Fruta,Abacate categoria II,Embalagem de 300 g,1.99,6.63,0,kg,€/Kg,,,https://driveimg1.intermarche.com/pt/Content/images/boitmal/produit/zoom/93A72763F7A087227DE3798E6EF50F82.jpg,,,,2025-09-03T23:59:59+01:00,PROSPECTUS,12,1,,
13894,2891044000000,1000.0,Porco,Entremeada sem Entrecosto,Vendido ao peso a partir de 1 kg,4.89,4.89,0,,€/Kg,,,https://driveimg1.intermarche.com/pt/Content/images/boitmal/produit/zoom/033DDCE7C7F9A9CD99F0A4BEB2F74462.jpg,,,,2025-09-03T23:59:59+01:00,PROSPECTUS,12,1,,
12888,2892090000000,500.0,Fruta,Manga Avião,1 un=500 gr (aprox.),2.0,3.99,0,,€/Kg,,,https://driveimg1.intermarche.com/pt/Content/images/boitmal/produit/zoom/A3E5B8447376E0E91C2C4BB7B1444B76.jpg,https://driveimg1.intermarche.com/pt/Content/images/boitmal/produit/zoom/842EA0C904154D230A3A6F63A245D264.jpg,,,2025-09-03T23:59:59+01:00,PROSPECTUS,12,1,,
13817,2892582000000,250.0,Legumes,Pimento Verde,1 un = 250 gr  (aprox.),0.5,1.99,0,,€/Kg,,,https://driveimg1.intermarche.com/pt/Content/images/boitmal/produit/zoom/65E0131049B6BD4E669549F70B795EC0.jpg,,,,2025-09-03T23:59:59+01:00,PROSPECTUS,12,1,,
14896,2892259000000,800.0,Fruta,Meloa Canteloupe,1un=800 g (aprox.),1.19,1.49,0,,€/Kg,,,https://driveimg1.intermarche.com/pt/Content/images/boitmal/produit/zoom/E74C4DF9251AE472CD4A5B0B6EF7098B.jpg,,,,2025-09-03T23:59:59+01:00,PROSPECTUS,12,1,,
11967,5601049612336,250.0,Mimosa,"Manteiga com sal, embalagem de 250g",,2.19,8.76,0,kg,€/Kg,,,https://driveimg1.intermarche.com/pt/Content/images/boitmal/produit/zoom/2C2D066D904F137421CA4F472DC07738.jpg,https://driveimg1.intermarche.com/pt/Content/images/boitmal/produit/zoom/B59AE74FD0DBE6C3112F001AFF69E867.jpg,https://driveimg1.intermarche.com/pt/Content/images/boitmal/produit/zoom/BB9196C3025886DBB6F20EDD70A1CA7A.jpg,,2025-09-03T23:59:59+01:00,PROSPECTUS,12,1,,
13934,2891062000000,250.0,Porco,Rojões,1 un = 250 gr  (aprox.),1.12,4.49,0,,€/Kg,,,https://driveimg1.intermarche.com/pt/Content/images/boitmal/produit/zoom/925F2FDC1F925A7FD71EE6165315B22E.jpg,,,,2025-09-03T23:59:59+01:00,PROSPECTUS,12,1,,
13821,2892597000000,200.0,Legumes,Tomate Cacho,1 un = 200 gr (aprox.),0.32,1.59,0,,€/Kg,,,https://driveimg1.intermarche.com/pt/Content/images/boitmal/produit/zoom/FD67F77AFAB450B6A4FA38E0279E6686.jpg,,,,2025-09-03T23:59:59+01:00,PROSPECTUS,12,1,,
13866,2891048000000,1000.0,Porco,Bifanas,Vendido ao peso a partir de 1 kg,4.49,4.49,0,,€/Kg,,,https://driveimg1.intermarche.com/pt/Content/images/boitmal/produit/zoom/72DE0DA6B485199AC995C629E3E4D279.jpg,,,,2025-09-03T23:59:59+01:00,PROSPECTUS,12,1,,
405,8712566410910,275.0,Calvé,"Ketchup, embalagem de 275g",,1.48,5.38,0,kg,€/Kg,,,https://driveimg1.intermarche.com/pt/Content/images/boitmal/produit/zoom/9E63EED4B27A252289B8979C188F5B40.jpg,https://driveimg1.intermarche.com/pt/Content/images/boitmal/produit/zoom/0D7B165FF00CA45BD8F6AC077E3CA1EC.jpg,https://driveimg1.intermarche.com/pt/Content/images/boitmal/produit/zoom/0D7B165FF00CA45BD8F6AC077E3CA1EC.jpg,https://driveimg1.intermarche.com/pt/Content/images/boitmal/produit/zoom/0D7B165FF00CA45BD8F6AC077E3CA1EC.jpg,2025-09-03T23:59:59+01:00,PROSPECTUS,12,1,,
52362,5604260330508,375.0,PorSi,Pão Cachorro 375 G,,1.09,2.91,0,kg,€/Kg,,,https://driveimg1.intermarche.com/pt/Content/images/boitmal/produit/zoom/6A85B03BDD56397EB032380B3AC6B299.jpg,,,,2025-09-03T23:59:59+01:00,PROSPECTUS,12,1,,
54632,5603722523045,1000.0,Gresso,"Leite UHT Meio Gordo, 1L",,0.87,0.87,1000,L,€/L,,,https://driveimg1.intermarche.com/pt/Content/images/boitmal/produit/zoom/ECF816693AC2579C9FB595FD8ABD96D7.jpg,,,,2025-09-03T23:59:59+01:00,PROSPECTUS,12,1,,
13048,2893561000000,250.0,Marisco,Ameijoa Branca Vietnamita Congelada,Vendido a partir de 250 gr  (aprox.),0.5,1.99,0,,€/Kg,,Avantages !,https://driveimg1.intermarche.com/pt/Content/images/boitmal/produit/zoom/EB1BC296FF41180E6F3E1626AD4F78AA.jpg,,,,2025-09-03T23:59:59+01:00,PROSPECTUS,12,1,,
13893,2891043000000,1000.0,Porco,Entrecosto,Vendido ao peso a partir de 1 kg,5.99,5.99,0,,€/Kg,,,https://driveimg1.intermarche.com/pt/Content/images/boitmal/produit/zoom/AA05EE99D302D59771FCC108473E0700.jpg,,,,2025-09-03T23:59:59+01:00,PROSPECTUS,12,1,,
15353,5604260270767,800.0,PorSi,Tentaculos Pota 800G,,5.99,7.49,0,kg,€/Kg,,Tipo de stockagem,https://driveimg1.intermarche.com/pt/Content/images/boitmal/produit/zoom/128F261413C21AAB7F3D56DDA49E8026.jpg,,,,2025-09-03T23:59:59+01:00,PROSPECTUS,12,1,,
15577,5604260279166,125.0,PorSi,Framboesa,Embalagem com 125g,1.59,12.72,0,kg,€/Kg,,,https://driveimg1.intermarche.com/pt/Content/images/boitmal/produit/zoom/B88FD29FAEF1BF8CB6DEB86AC94C2B60.jpg,,,,2025-09-03T23:59:59+01:00,PROSPECTUS,12,1,,
36712,5604260294879,200.0,PorSi,Queijo Gouda Fatiado 200G,,1.69,8.45,0,kg,€/Kg,,,https://driveimg1.intermarche.com/pt/Content/images/boitmal/produit/zoom/DA95A9507FFD36014042570F7367B99A.jpg,,,,2025-09-03T23:59:59+01:00,PROSPECTUS,12,1,,
36729,5604260296804,480.0,PorSi,Pêssego Metades Em Calda 840G,,1.99,4.15,0,kg,€/Kg,,,https://driveimg1.intermarche.com/pt/Content/images/boitmal/produit/zoom/6B402AC3951DE97E3A72B10B1D0F88FE.jpg,,,,2025-09-03T23:59:59+01:00,PROSPECTUS,12,1,,
5272,5601164902312,4800.0,Super Bock,"Cerveja com álcool, pack 24 x 0.20 l",,9.99,2.08,4800,L,€/L,,,https://driveimg1.intermarche.com/pt/Content/images/boitmal/produit/zoom/A98E5FF8E5DDF166F2B333F0EE0114E7.jpg,https://driveimg1.intermarche.com/pt/Content/images/boitmal/produit/zoom/C2C2858ADC421F33AF17C6115D108100.jpg,,,2025-09-03T23:59:59+01:00,PROSPECTUS,12,1,,
11613,5601164864467,1320.0,Somersby,"Sidra maçã, pack 4 x 0.33 l",,3.89,2.95,1320,L,€/L,,,https://driveimg1.intermarche.com/pt/Content/images/boitmal/produit/zoom/F0118862B10C3F3FD894ACFE7A34A6C9.jpg,,,,2025-09-03T23:59:59+01:00,PROSPECTUS,12,1,,
12943,2892087000000,1500.0,Fruta,Mamão,"1 un = 1,5 kg (aprox.)",5.84,3.89,0,,€/Kg,,,https://driveimg1.intermarche.com/pt/Content/images/boitmal/produit/zoom/E92859558CF3617793775ADAD1A11B14.jpg,,,,2025-09-03T23:59:59+01:00,PROSPECTUS,12,1,,
13625,2893620000000,300.0,Peixaria,Salmão de viveiro à posta,1 un. = 300 g (aprox.),3.3,10.99,0,,€/Kg,,,https://driveimg1.intermarche.com/pt/Content/images/boitmal/produit/zoom/A170DAF9DE78983CFA7E8DD1EFE6A371.jpg,,,,2025-09-03T23:59:59+01:00,PROSPECTUS,12,1,,
16365,5604055112005,1000.0,Fastio,"Água sem gás, garrafa de 1 l",,0.47,0.47,1000,L,€/L,,,https://driveimg1.intermarche.com/pt/Content/images/boitmal/produit/zoom/D9A5DA87896331814D054CBE16430809.jpg,,,,2025-09-03T23:59:59+01:00,PROSPECTUS,12,1,,
34877,5604260285464,1500.0,PorSi,Maçã royal gala categoria II Programa Origens,Embalagem de 1.5 kg,1.99,1.33,0,kg,€/Kg,,,https://driveimg1.intermarche.com/pt/Content/images/boitmal/produit/zoom/F091E3663EBAE6E7A8981702DFBCC609.jpg,,,,2025-09-03T23:59:59+01:00,PROSPECTUS,12,1,,
36523,5604260295661,2500.0,PorSi,Batata pré-frita palito,"Embalagem de 2,5 kg",4.45,1.78,0,kg,€/Kg,,Tipo de stockagem,https://driveimg1.intermarche.com/pt/Content/images/boitmal/produit/zoom/5CD0ECED2F64941F1ED73448F895103A.jpg,,,,2025-09-03T23:59:59+01:00,PROSPECTUS,12,1,,
48138,5604260323302,2000.0,PorSi,Amaciador Roupa Concentrado Spa 80D,,1.69,0.85,2000,L,€/L,,,https://driveimg1.intermarche.com/pt/Content/images/boitmal/produit/zoom/B55A72265AD19CED3CBED903155DF619.jpg,,,,2025-09-03T23:59:59+01:00,PROSPECTUS,12,1,,
50386,8445290290014,30.0,Maggi,"Molho suculento frango no forno com alho e cebola em saqueta, 30g",,0.89,29.67,0,kg,€/Kg,,,https://driveimg1.intermarche.com/pt/Content/images/boitmal/produit/zoom/0DEECC66FD9482A59A0436C06913C5D2.jpg,,,,2025-09-03T23:59:59+01:00,PROSPECTUS,12,1,,
51837,8711327587205,2000.0,Lipton,Ice tea lipton pessego 2l,,1.99,1.0,2000,L,€/L,,,https://driveimg1.intermarche.com/pt/Content/images/boitmal/produit/zoom/337078DD8DFA2309401BA5C925E0DABA.jpg,,,,2025-09-03T23:59:59+01:00,PROSPECTUS,12,1,,
979,5601024134471,750.0,Oliveira da Serra,Azeite Virgem,Embalagem de 750 ml,4.99,6.65,750,L,€/L,,,https://driveimg1.intermarche.com/pt/Content/images/boitmal/produit/zoom/E26F25C9E42D7D1738A837046251B635.jpg,,,,2025-09-03T23:59:59+01:00,PROSPECTUS,12,1,,
10161,8410199030900,85.0,LayS,"Aperitivos 3ds cones, embalagem de 90g",,1.19,14.0,0,kg,€/Kg,,,https://driveimg1.intermarche.com/pt/Content/images/boitmal/produit/zoom/CABD9E02E15FE0A39A1EB6AA89751DFE.jpg,,,,2025-09-03T23:59:59+01:00,PROSPECTUS,12,1,,
10509,8435250297955,256.0,Nestlé,"Iogurte mix in smarties baunilha, embalagem de 2 x 128 g",,2.19,8.55,0,kg,€/Kg,,,https://driveimg1.intermarche.com/pt/Content/images/boitmal/produit/zoom/5355941DC0922592DB9EDB46788FEE19.jpg,,,,2025-09-03T23:59:59+01:00,PROSPECTUS,12,1,,
10859,3023290400395,230.0,Nestlé,"Iogurte mix in kit kat, embalagem de 2 x 115g",,2.19,9.52,0,kg,€/Kg,,,https://driveimg1.intermarche.com/pt/Content/images/boitmal/produit/zoom/46A338E8D7EAC63B8EF63808F7DF5998.jpg,,,,2025-09-03T23:59:59+01:00,PROSPECTUS,12,1,,
1114,5601066300780,500.0,Nacional,"Massa de maçarrão riscado, embalagem de 500g",,0.89,1.78,0,kg,€/Kg,,,https://driveimg1.intermarche.com/pt/Content/images/boitmal/produit/zoom/6E823110DFCFAB922E5CE2EEC9376131.jpg,,,,2025-09-03T23:59:59+01:00,PROSPECTUS,12,1,,
11466,5601018004605,200.0,Gresso,Nata uht para bater 200 ml,,0.85,4.25,200,L,€/L,,,https://driveimg1.intermarche.com/pt/Content/images/boitmal/produit/zoom/6D55411BE639B830632A68D20D002036.jpg,,,,2025-09-03T23:59:59+01:00,PROSPECTUS,12,1,,
12471,8435257040868,640.0,Nestlé,"Iogurte líquido yoggi morango/banana, embalagem de 4 x 160g",,1.99,3.11,0,kg,€/Kg,,,https://driveimg1.intermarche.com/pt/Content/images/boitmal/produit/zoom/E92C48D7A1A5BA67322D0E6250F5BAFF.jpg,,,,2025-09-03T23:59:59+01:00,PROSPECTUS,12,1,,
13852,2891020000000,100.0,Novilho,Fígado,1 un = 100 gr (aprox.),0.6,5.99,0,,€/Kg,,,https://driveimg1.intermarche.com/pt/Content/images/boitmal/produit/zoom/7F21D014BF856223502CE366D77F0F5C.jpg,,,,2025-09-03T23:59:59+01:00,PROSPECTUS,12,1,,
14172,5601226006460,1500.0,Ucal,"Leite com chocolate original, embalagem de 6 x 250 ml",,4.89,3.26,1500,L,€/L,,,https://driveimg1.intermarche.com/pt/Content/images/boitmal/produit/zoom/DBA6B505928AF15261880350BAEA1A97.jpg,,,,2025-09-03T23:59:59+01:00,PROSPECTUS,12,1,,
15687,5000116109234,700.0,Iglo,"Ervilhas, embalagem de 700g",,3.39,4.84,0,kg,€/Kg,,Tipo de stockagem,https://driveimg1.intermarche.com/pt/Content/images/boitmal/produit/zoom/AC9F197DD289CE6E6A9903FC824FDD75.jpg,,,,2025-09-03T23:59:59+01:00,PROSPECTUS,12,1,,
16022,5601146703609,5000.0,Sagres,Cerveja Mini,20 x 0.25 l,9.79,1.96,5000,L,€/L,,,https://driveimg1.intermarche.com/pt/Content/images/boitmal/produit/zoom/DB02895A50A259FB6B3AB495851D234D.jpg,,,,2025-09-03T23:59:59+01:00,PROSPECTUS,12,1,,
19022,5603722509742,800.0,Agros,"Leite com chocolate, embalagem de 4 x 200 ml",,1.6,2.0,800,L,€/L,,,https://driveimg1.intermarche.com/pt/Content/images/boitmal/produit/zoom/86A34AF1051A1750347A4FF58912A923.jpg,,,,2025-09-03T23:59:59+01:00,PROSPECTUS,12,1,,
22395,8712100745614,412.0,HellmannS,"Mionese top down, embalagem de 410g",,2.99,7.26,0,kg,€/Kg,,,https://driveimg1.intermarche.com/pt/Content/images/boitmal/produit/zoom/69FC39D7436E837B71E260D76DC0DC69.jpg,https://driveimg1.intermarche.com/pt/Content/images/boitmal/produit/zoom/8441A970BF19CB238C08CCCD9712CAB2.jpg,https://driveimg1.intermarche.com/pt/Content/images/boitmal/produit/zoom/8441A970BF19CB238C08CCCD9712CAB2.jpg,https://driveimg1.intermarche.com/pt/Content/images/boitmal/produit/zoom/8441A970BF19CB238C08CCCD9712CAB2.jpg,2025-09-03T23:59:59+01:00,PROSPECTUS,12,1,,
26091,7613036115575,550.0,Nestlé,Cereais estrelitas,Embalagem de 550g,3.49,6.35,0,kg,€/Kg,,,https://driveimg1.intermarche.com/pt/Content/images/boitmal/produit/zoom/90505B63FB20AF187537F3B46DDB9B86.jpg,,,,2025-09-03T23:59:59+01:00,PROSPECTUS,12,1,,
35559,5601151973738,3500.0,Pepsi,"Refrigerante com gás max zero, pack de 2 x 1.75 l",,1.35,0.39,3500,L,€/L,,,https://driveimg1.intermarche.com/pt/Content/images/boitmal/produit/zoom/698445C2558FCB105ECA616759C001D7.jpg,,,,2025-09-03T23:59:59+01:00,PROSPECTUS,12,1,,
35766,8722700231974,525.0,Olá,"Gelado calippo morango, embalagem de 5 x 105 ml",,2.99,5.7,525,L,€/L,,Tipo de stockagem,https://driveimg1.intermarche.com/pt/Content/images/boitmal/produit/zoom/531730A222ACEDBD98926EAA599E0283.jpg,,,,2025-09-03T23:59:59+01:00,PROSPECTUS,12,1,,
36505,5604260294732,1000.0,PorSi,Óleo Girassol 1L,,1.75,1.75,1000,L,€/L,,,https://driveimg1.intermarche.com/pt/Content/images/boitmal/produit/zoom/7244D65CAED49A0848F5F70ACCADCC80.jpg,,,,2025-09-03T23:59:59+01:00,PROSPECTUS,12,1,,
41297,5601050036534,440.0,Danone,"Iogurte oikos pêssego, embalagem de 4 x 110g",,2.09,4.75,0,kg,€/Kg,,,https://driveimg1.intermarche.com/pt/Content/images/boitmal/produit/zoom/C2BCC90FB2B192B3C8BC1E9CCF0DA4AF.jpg,,,,2025-09-03T23:59:59+01:00,PROSPECTUS,12,1,,
41384,5601050036602,440.0,Danone,"Iogurte grego oikos stracciatella, embalagem de 4 x 110g",,2.09,4.75,0,kg,€/Kg,,,https://driveimg1.intermarche.com/pt/Content/images/boitmal/produit/zoom/4F7A349ED222FA644F51711D6A4D74B4.jpg,,,,2025-09-03T23:59:59+01:00,PROSPECTUS,12,1,,
43016,5601164862401,1200.0,Somersby,"Sidra de maçã, pack 6 x 0.2 l",,4.49,3.74,1200,L,€/L,,,https://driveimg1.intermarche.com/pt/Content/images/boitmal/produit/zoom/FCDFBF5D64A9352BB7E6E300DF12194B.jpg,,,,2025-09-03T23:59:59+01:00,PROSPECTUS,12,1,,
43625,5604260309047,140.0,PorSi,Fiambre Cubos 2X70G,,1.29,9.21,0,kg,€/Kg,,,https://driveimg1.intermarche.com/pt/Content/images/boitmal/produit/zoom/798CE7FD19298D3D78CE3B58BC9C32ED.jpg,https://driveimg1.intermarche.com/pt/Content/images/boitmal/produit/zoom/257270CA2E82FDBD7804782135AFF633.jpg,https://driveimg1.intermarche.com/pt/Content/images/boitmal/produit/zoom/257270CA2E82FDBD7804782135AFF633.jpg,https://driveimg1.intermarche.com/pt/Content/images/boitmal/produit/zoom/257270CA2E82FDBD7804782135AFF633.jpg,2025-09-03T23:59:59+01:00,PROSPECTUS,12,1,,
46620,5604260317066,,PorSi,Guardanapo 33X33Cm 3 Folhas 70 Unidades,,1.39,1.39,0,,€/Unidade,,,https://driveimg1.intermarche.com/pt/Content/images/boitmal/produit/zoom/B9F0B68038DB220227FD1D2D1311F61C.jpg,,,,2025-09-03T23:59:59+01:00,PROSPECTUS,12,1,,
48433,5606999034627,500.0,Zespri,Kiwi,embalagem de 500 g,2.99,5.98,0,kg,€/Kg,,,https://driveimg1.intermarche.com/pt/Content/images/boitmal/produit/zoom/34EBA363B12F1AAFEAFEDD5AF1DD43B7.jpg,,,,2025-09-03T23:59:59+01:00,PROSPECTUS,12,1,,
48766,8722700231998,525.0,Olá,"Gelado calippo cola, 5 x 105 ml",,2.99,5.7,525,L,€/L,,Tipo de stockagem,https://driveimg1.intermarche.com/pt/Content/images/boitmal/produit/zoom/FB3E50854D288187B03A79CB54A90499.jpg,,,,2025-09-03T23:59:59+01:00,PROSPECTUS,12,1,,
54633,5603722523052,1000.0,Gresso,"Leite Uht Magro, 1L",,0.87,0.87,1000,L,€/L,,,https://driveimg1.intermarche.com/pt/Content/images/boitmal/produit/zoom/62FAA0AA671FC5B53B3DDBACCC92B900.jpg,,,,2025-09-03T23:59:59+01:00,PROSPECTUS,12,1,,
55288,7613034578266,20.0,Nestle,"Tablete de Chocolate de Leite Extrafino, 20g",,0.94,47.0,0,kg,€/Kg,,,https://driveimg1.intermarche.com/pt/Content/images/boitmal/produit/zoom/4A24BB91F260332AF1BD24FB0AB32D28.jpg,,,,2025-09-03T23:59:59+01:00,PROSPECTUS,12,1,,
8417,8410500006020,600.0,Danone,"Actimel magro natural, embalagem de 6 x 100g",,2.99,4.98,0,kg,€/Kg,,,https://driveimg1.intermarche.com/pt/Content/images/boitmal/produit/zoom/729A5232D0A334A9B7BE031706F8AD19.jpg,,,,2025-09-03T23:59:59+01:00,PROSPECTUS,12,1,,
10512,8435250439577,232.0,Nestlé,"Iogurte mix in nesquik, embalagem de 2 x 115g",,2.19,9.44,0,kg,€/Kg,,,https://driveimg1.intermarche.com/pt/Content/images/boitmal/produit/zoom/6C2207480393D760FBF1824B2B4CD877.jpg,,,,2025-09-03T23:59:59+01:00,PROSPECTUS,12,1,,
1116,5601066301152,500.0,Nacional,"Massa de cotovelos, embalagem de 500g",,0.89,1.78,0,kg,€/Kg,,,https://driveimg1.intermarche.com/pt/Content/images/boitmal/produit/zoom/8DDB0C745E67458BAC26BBF8F8ADAE50.jpg,,,,2025-09-03T23:59:59+01:00,PROSPECTUS,12,1,,
11501,5601049612084,125.0,Mimosa,"Manteiga com sal, embalagem de 130g",,1.39,11.12,0,kg,€/Kg,,,https://driveimg1.intermarche.com/pt/Content/images/boitmal/produit/zoom/C0A3DF0B7623AAEE8B7C1B9626AECDDA.jpg,https://driveimg1.intermarche.com/pt/Content/images/boitmal/produit/zoom/1207D37BB442FDD5C918BE023189F00C.jpg,,,2025-09-03T23:59:59+01:00,PROSPECTUS,12,1,,
1188,5601119007970,200.0,Nobre,"Salsichas de porco, lata de 200g",,1.99,9.95,0,kg,€/Kg,,,https://driveimg1.intermarche.com/pt/Content/images/boitmal/produit/zoom/F480FC52D56464F3C1B867155F4A37B9.jpg,,,,2025-09-03T23:59:59+01:00,PROSPECTUS,12,1,,
1279,5601151123362,1000.0,Bongo,"Néctar de 8 frutos, garrafa de 1l",,1.35,1.35,1000,L,€/L,,,https://driveimg1.intermarche.com/pt/Content/images/boitmal/produit/zoom/DDDD7150C72E25EE2FF7F3F4EC28BE9B.jpg,,,,2025-09-03T23:59:59+01:00,PROSPECTUS,12,1,,
1292,5601151354452,1000.0,Compal,"Néctar vital equilibrio manga e laranja, 1 l",,1.49,1.49,1000,L,€/L,,,https://driveimg1.intermarche.com/pt/Content/images/boitmal/produit/zoom/1F825A70CAB773F623AA6F5B800DE1F4.jpg,,,,2025-09-03T23:59:59+01:00,PROSPECTUS,12,1,,
13566,2893560000000,250.0,Congelado de Aquicultura,Camarão Congelado 20/30,1 un = 250 gr  (aprox.),2.5,9.99,0,,€/Kg,,Avantages !,https://driveimg1.intermarche.com/pt/Content/images/boitmal/produit/zoom/863DB9F10BE616A55736AB7A17BC6BB5.jpg,,,,2025-09-03T23:59:59+01:00,PROSPECTUS,12,1,,
13848,2891015000000,150.0,Novilho,Entremeada Novilho,1 un=150 gr (aprox),1.42,9.49,0,,€/Kg,,,https://driveimg1.intermarche.com/pt/Content/images/boitmal/produit/zoom/E3E6C57F8100820E9FD4FEA74DC60325.jpg,,,,2025-09-03T23:59:59+01:00,PROSPECTUS,12,1,,
16939,7622210475411,171.0,Triunfo,"Bolacha digestiva go canela, embalagem de 170g",,1.84,10.76,0,kg,€/Kg,,,https://driveimg1.intermarche.com/pt/Content/images/boitmal/produit/zoom/D9C53D2478AF2B3727D495A573D3A599.jpg,,,,2025-09-03T23:59:59+01:00,PROSPECTUS,12,1,,
18161,5601164884465,1320.0,Somersby,Sidra frutos vermelhos,pack 4 x 0.33 l,3.89,2.95,1320,L,€/L,,,https://driveimg1.intermarche.com/pt/Content/images/boitmal/produit/zoom/507246A606E1CB1D17B01F2DC7199F50.jpg,,,,2025-09-03T23:59:59+01:00,PROSPECTUS,12,1,,
20202,5601151976456,1000.0,Frize,"Água com gás limão/pepino/gengibre, pack 4 x 0.25 l",,2.09,2.09,1000,L,€/L,,,https://driveimg1.intermarche.com/pt/Content/images/boitmal/produit/zoom/8CC607BECDA933771553297655559077.jpg,,,,2025-09-03T23:59:59+01:00,PROSPECTUS,12,1,,
2108,5604260246700,400.0,PorSi,Mistura De Cogumelos 400G,,1.89,4.73,0,kg,€/Kg,,Tipo de stockagem,https://driveimg1.intermarche.com/pt/Content/images/boitmal/produit/zoom/8881C9C9F9B97137D76194419016634E.jpg,,,,2025-09-03T23:59:59+01:00,PROSPECTUS,12,1,,
22307,5601019012647,390.0,Guloso,"Tomate em pedaços, embalagem de 390g",,1.45,3.72,0,kg,€/Kg,,,https://driveimg1.intermarche.com/pt/Content/images/boitmal/produit/zoom/5ED4DE98BAC903A7106FCD013B7A79FA.jpg,,,,2025-09-03T23:59:59+01:00,PROSPECTUS,12,1,,
22335,5000116110940,420.0,Capitão Iglo,"15 douradinhos, embalagem de 420g",,4.99,11.88,0,kg,€/Kg,,Tipo de stockagem,https://driveimg1.intermarche.com/pt/Content/images/boitmal/produit/zoom/3973A8C90F686ECB72E76C3B0A0492D4.jpg,,,,2025-09-03T23:59:59+01:00,PROSPECTUS,12,1,,
22840,7613035268388,125.0,Nestlé,"Tablete de chocolate leite, embalagem de 130g",,2.19,17.52,0,kg,€/Kg,,,https://driveimg1.intermarche.com/pt/Content/images/boitmal/produit/zoom/AA1F9149962828BE7A13B8577DE5A654.jpg,,,,2025-09-03T23:59:59+01:00,PROSPECTUS,12,1,,
2285,5604260270156,420.0,PorSi,Chispalhada 420G,,2.29,5.45,0,kg,€/Kg,,,https://driveimg1.intermarche.com/pt/Content/images/boitmal/produit/zoom/FABA5344CCBAC89B724665B6840FCEC0.jpg,,,,2025-09-03T23:59:59+01:00,PROSPECTUS,12,1,,
34760,7613036912709,28.0,Maggi,"Suculento no forno ervas, embalagem de 40g",,0.89,31.79,0,kg,€/Kg,,,https://driveimg1.intermarche.com/pt/Content/images/boitmal/produit/zoom/76C2A3A48D30703422BAF9E59F656EBB.jpg,,,,2025-09-03T23:59:59+01:00,PROSPECTUS,12,1,,
35138,5603722517655,960.0,Mimosa,"Iogurte sólido aroma morango, ananás e banana, 8 x 120 g",,1.89,1.97,0,kg,€/Kg,,,https://driveimg1.intermarche.com/pt/Content/images/boitmal/produit/zoom/7070B93AC2DB23DCF61734D801E40E6D.jpg,,,,2025-09-03T23:59:59+01:00,PROSPECTUS,12,1,,
36521,5604260295326,1500.0,PorSi,"Refrigerante Laranja S/Gás 1,5L",,0.99,0.66,1500,L,€/L,,,https://driveimg1.intermarche.com/pt/Content/images/boitmal/produit/zoom/A6AF9ACD344C832F0E5F8232BBCCDC50.jpg,,,,2025-09-03T23:59:59+01:00,PROSPECTUS,12,1,,
41226,5601050036572,440.0,Danone,"Oikos morango, embalagem de 4 x 110g",,2.09,4.75,0,kg,€/Kg,,,https://driveimg1.intermarche.com/pt/Content/images/boitmal/produit/zoom/2653493E2B1190B7D8AE6B95BAB9D958.jpg,,,,2025-09-03T23:59:59+01:00,PROSPECTUS,12,1,,
41445,5604260304851,250.0,PorSi,Massa Fresca Tagliatelle 250G,,0.89,3.56,0,kg,€/Kg,,,https://driveimg1.intermarche.com/pt/Content/images/boitmal/produit/zoom/3C27035F6F6BA780354EA1186FE77DAF.jpg,,,,2025-09-03T23:59:59+01:00,PROSPECTUS,12,1,,
41979,5601050036244,160.0,Danone,"Yopro manteiga amendoim banana, embalagem de 160g",,1.19,7.44,0,kg,€/Kg,,,https://driveimg1.intermarche.com/pt/Content/images/boitmal/produit/zoom/FA86300496543407BC1BC50B2C72D742.jpg,,,,2025-09-03T23:59:59+01:00,PROSPECTUS,12,1,,
43542,5604260309962,2000.0,PorSi,Amaciador Concentrado Jojoba 2L,,1.69,0.85,2000,L,€/L,,,https://driveimg1.intermarche.com/pt/Content/images/boitmal/produit/zoom/6B2C0ED9EBB7028DFF63C98BA2CD7526.jpg,,,,2025-09-03T23:59:59+01:00,PROSPECTUS,12,2,,
46185,5601050037203,440.0,Danone,"Iogurte oikos coco, embalagem de 4 x 110g",,2.09,4.75,0,kg,€/Kg,,,https://driveimg1.intermarche.com/pt/Content/images/boitmal/produit/zoom/61327B54ADC5403B46177C1EF4A095FB.jpg,,,,2025-09-03T23:59:59+01:00,PROSPECTUS,12,2,,
46306,5604260315000,500.0,PorSi,Brócolos E Couve-Flor 500 G,,1.79,3.58,0,kg,€/Kg,,,https://driveimg1.intermarche.com/pt/Content/images/boitmal/produit/zoom/8C271325A66865A5963027880DF66EE1.jpg,,,,2025-09-03T23:59:59+01:00,PROSPECTUS,12,2,,
47807,5604260316724,250.0,Porsi Select - Programa Origens,Secretos De Porco Preto Do Alentejo 250 G,,4.49,17.96,0,kg,€/Kg,,,https://driveimg1.intermarche.com/pt/Content/images/boitmal/produit/zoom/6A87D20A3CF16F872AA7C71D8779E2D2.jpg,,,,2025-09-03T23:59:59+01:00,PROSPECTUS,12,2,,
48137,5604260323319,2000.0,PorSi,Amaciador Roupa Concentrado Talco 80D,,1.69,0.85,2000,L,€/L,,,https://driveimg1.intermarche.com/pt/Content/images/boitmal/produit/zoom/19A86120D5B46985AF96636938E62EA9.jpg,,,,2025-09-03T23:59:59+01:00,PROSPECTUS,12,2,,
48238,8410199023094,170.0,LayS,"Lays gourmet corte fino, embalagem de 180 g",,2.69,15.82,0,kg,€/Kg,,,https://driveimg1.intermarche.com/pt/Content/images/boitmal/produit/zoom/AA6FA3F91FCD11341E4CD77B7FF49E06.jpg,,,,2025-09-03T23:59:59+01:00,PROSPECTUS,12,2,,
49216,5604260296187,2000.0,PorSi,Gelado Baunilha 2L,,2.79,1.4,2000,L,€/L,,Tipo de stockagem,https://driveimg1.intermarche.com/pt/Content/images/boitmal/produit/zoom/0908A0385BFD96193C64A2ABB3B6DD71.jpg,https://driveimg1.intermarche.com/pt/Content/images/boitmal/produit/zoom/4F7476FE04D885EAAD823A3B68E382DF.jpg,,,2025-09-03T23:59:59+01:00,PROSPECTUS,12,2,,
50040,3600542297943,200.0,Ambre Solaire,Leite Hidratante c/ Aloé Vera,Embalagem de 200 ml,3.89,19.45,200,L,€/L,,,https://driveimg1.intermarche.com/pt/Content/images/boitmal/produit/zoom/21079F2C68ABB9D7610DECFCD2F36297.jpg,,,,2025-09-03T23:59:59+01:00,PROSPECTUS,12,2,,
53079,8711327591011,650.0,Viennetta,"Gelado caramelo salgado, 650 ml",,2.59,3.98,650,L,€/L,,Tipo de stockagem,https://driveimg1.intermarche.com/pt/Content/images/boitmal/produit/zoom/B05E55484D079FDCAE0B99F040C539B7.jpg,https://driveimg1.intermarche.com/pt/Content/images/boitmal/produit/zoom/96C8E669282C188787DB043E8B0F9711.jpg,https://driveimg1.intermarche.com/pt/Content/images/boitmal/produit/zoom/96C8E669282C188787DB043E8B0F9711.jpg,,2025-09-03T23:59:59+01:00,PROSPECTUS,12,2,,
53278,8711327609464,550.0,Magnum,"Mini gelados 3 chocolates, 10 x 55ml",,5.69,10.35,550,L,€/L,,Tipo de stockagem,https://driveimg1.intermarche.com/pt/Content/images/boitmal/produit/zoom/E455797042074BCBD6AEA5FF9E693444.jpg,https://driveimg1.intermarche.com/pt/Content/images/boitmal/produit/zoom/FDA672B3DD4AECCDE2AA248E968B655B.jpg,https://driveimg1.intermarche.com/pt/Content/images/boitmal/produit/zoom/FDA672B3DD4AECCDE2AA248E968B655B.jpg,,2025-09-03T23:59:59+01:00,PROSPECTUS,12,2,,
54578,5604260332847,200.0,Labell Men,"Desodorizante Antitranspirante Invisible, 200ml",,1.39,6.95,200,L,€/L,,,https://driveimg1.intermarche.com/pt/Content/images/boitmal/produit/zoom/9F97A1D9614F72330708B76934B0733F.jpg,,,,2025-09-03T23:59:59+01:00,PROSPECTUS,12,2,,
54684,8711327611924,330.0,Magnum,"6 gelados mini chocolate e amêndoa, 330 ml",,5.99,18.15,330,L,€/L,,Tipo de stockagem,https://driveimg1.intermarche.com/pt/Content/images/boitmal/produit/zoom/779A2D41120BAD2364A0B6F639CCEACA.jpg,,,,2025-09-03T23:59:59+01:00,PROSPECTUS,12,2,,
55049,5601027119567,450.0,Bimbo,"Pão de Forma 10 Cereais e Sementes sem Côdea, 450g",,1.99,4.42,0,kg,€/Kg,,,https://driveimg1.intermarche.com/pt/Content/images/boitmal/produit/zoom/599690F08967F62D33B6420CCF1AEF7E.jpg,,,,2025-09-03T23:59:59+01:00,PROSPECTUS,12,2,,
6818,8712566118625,390.0,Olá,"Gelado supermaxi, embalagem de 6 x 65 ml",,2.99,7.67,390,L,€/L,,Tipo de stockagem,https://driveimg1.intermarche.com/pt/Content/images/boitmal/produit/zoom/35BED764F4AC2EA1C9F5BA3B815AD204.jpg,https://driveimg1.intermarche.com/pt/Content/images/boitmal/produit/zoom/C78EEEF4719F48D1D9E8F75D0F700815.jpg,https://driveimg1.intermarche.com/pt/Content/images/boitmal/produit/zoom/C78EEEF4719F48D1D9E8F75D0F700815.jpg,https://driveimg1.intermarche.com/pt/Content/images/boitmal/produit/zoom/C78EEEF4719F48D1D9E8F75D0F700815.jpg,2025-09-03T23:59:59+01:00,PROSPECTUS,12,2,,
8631,5601151123355,600.0,Bongo,"Néctar 8 frutos, pack 3 x 200 ml",,1.35,2.25,600,L,€/L,,,https://driveimg1.intermarche.com/pt/Content/images/boitmal/produit/zoom/2565665062010B52BA8746DE00C37EBE.jpg,,,,2025-09-03T23:59:59+01:00,PROSPECTUS,12,2,,
959,5601019012418,1000.0,Guloso,Polpa de Tomate,Embalagem de 1 kg,1.79,1.79,0,kg,€/Kg,,,https://driveimg1.intermarche.com/pt/Content/images/boitmal/produit/zoom/3946132CDF77B4B5ABC4B3B587DC5572.jpg,,,,2025-09-03T23:59:59+01:00,PROSPECTUS,12,2,,
1009,5601038300077,80.0,Knorr,"Caldo de galinha 8 cubos, embalagem de 80g",,1.49,18.63,0,kg,€/Kg,,,https://driveimg1.intermarche.com/pt/Content/images/boitmal/produit/zoom/CFDBB6C1885F48FB7941F504CD886192.jpg,,,,2025-09-03T23:59:59+01:00,PROSPECTUS,12,2,,
10094,8435257040776,640.0,Nestlé,"Iogurte líquido yoggi banana, embalagem de 4 x 160 g",,1.99,3.11,0,kg,€/Kg,,,https://driveimg1.intermarche.com/pt/Content/images/boitmal/produit/zoom/6885FCEF2FEF4752D565E64A3BDEE242.jpg,,,,2025-09-03T23:59:59+01:00,PROSPECTUS,12,2,,
1108,5601066300087,500.0,Nacional,"Massa de cotovelinhos, embalagem de 500g",,0.89,1.78,0,kg,€/Kg,,,https://driveimg1.intermarche.com/pt/Content/images/boitmal/produit/zoom/85D4AC87404986F6E33A67AEEDC0D0E8.jpg,,,,2025-09-03T23:59:59+01:00,PROSPECTUS,12,2,,
11463,5601018001642,250.0,Gresso,"Manteiga com sal, embalagem de 250g",,2.14,8.56,0,kg,€/Kg,,,https://driveimg1.intermarche.com/pt/Content/images/boitmal/produit/zoom/3A5F1036925C0C6B8D6C067104A96CDE.jpg,https://driveimg1.intermarche.com/pt/Content/images/boitmal/produit/zoom/7AC5179CFF33BEA38B382077FB05A477.jpg,,,2025-09-03T23:59:59+01:00,PROSPECTUS,12,2,,
11650,5601192201104,200.0,Agros,Nata uht 200 ml,,0.89,4.45,200,L,€/L,,,https://driveimg1.intermarche.com/pt/Content/images/boitmal/produit/zoom/478AC7EFE77B8590BBD8EF6C88C17807.jpg,,,,2025-09-03T23:59:59+01:00,PROSPECTUS,12,2,,
11687,5601244202158,400.0,Terra Nostra,"Queijo fatias redução de gordura, embalagem de 400g",,4.29,10.73,0,kg,€/Kg,,,https://driveimg1.intermarche.com/pt/Content/images/boitmal/produit/zoom/1F91460A767DF4AF90E45E918A360294.jpg,,,,2025-09-03T23:59:59+01:00,PROSPECTUS,12,2,,
1189,5601119007987,250.0,Nobre,"Salsichas de porco, lata de 250g",,1.67,6.68,0,kg,€/Kg,,,https://driveimg1.intermarche.com/pt/Content/images/boitmal/produit/zoom/0B023C2ECBDBE7AB09A89A8810925D65.jpg,,,,2025-09-03T23:59:59+01:00,PROSPECTUS,12,2,,
11942,5603533492202,1000.0,Frize,"Água com gás groselha, pack 4 x 0.25 l",,2.09,2.09,1000,L,€/L,,,https://driveimg1.intermarche.com/pt/Content/images/boitmal/produit/zoom/9F272D120CD1620A52E8FDFD1398797A.jpg,,,,2025-09-03T23:59:59+01:00,PROSPECTUS,12,2,,
11963,5603722505775,250.0,Mimosa,"Manteiga sem sal, embalagem de 250g",,2.19,8.76,0,kg,€/Kg,,,https://driveimg1.intermarche.com/pt/Content/images/boitmal/produit/zoom/9BCF64C54A7D7626D65710EBF82436CC.jpg,https://driveimg1.intermarche.com/pt/Content/images/boitmal/produit/zoom/1EA90F949357E7F98D48732996035C6E.jpg,https://driveimg1.intermarche.com/pt/Content/images/boitmal/produit/zoom/1F0AD169BB42B947BB5B96F6E89FDECD.jpg,,2025-09-03T23:59:59+01:00,PROSPECTUS,12,2,,
11987,5604055112821,2500.0,Fastio,"Água mineral sem gás, garrafa de 2,5 l",,1.09,0.44,2500,L,€/L,,,https://driveimg1.intermarche.com/pt/Content/images/boitmal/produit/zoom/FB893DB3E3427BD2F4F475F8A8AF7AFA.jpg,,,,2025-09-03T23:59:59+01:00,PROSPECTUS,12,2,,
1218,5601126039148,1000.0,Sical,"Café 5 estrelas grão, embalagem de 1 kg",,15.39,15.39,0,kg,€/Kg,,,https://driveimg1.intermarche.com/pt/Content/images/boitmal/produit/zoom/F30913D07FB49FD462FB35C8623DC586.jpg,https://driveimg1.intermarche.com/pt/Content/images/boitmal/produit/zoom/352FFCFAE868D5178905BD9725C43B6E.jpg,,,2025-09-03T23:59:59+01:00,PROSPECTUS,12,2,,
12519,8712100417054,416.0,HellmannS,"Maionese, frasco, embalagem de 420g",,2.99,7.19,0,kg,€/Kg,,,https://driveimg1.intermarche.com/pt/Content/images/boitmal/produit/zoom/6AB870EF622544FC82599432CC32DE9B.jpg,https://driveimg1.intermarche.com/pt/Content/images/boitmal/produit/zoom/6731B805B2B4B445CCCFD0D614219E37.jpg,https://driveimg1.intermarche.com/pt/Content/images/boitmal/produit/zoom/6731B805B2B4B445CCCFD0D614219E37.jpg,https://driveimg1.intermarche.com/pt/Content/images/boitmal/produit/zoom/6731B805B2B4B445CCCFD0D614219E37.jpg,2025-09-03T23:59:59+01:00,PROSPECTUS,12,2,,
1281,5601151136140,1000.0,Compal,"Nectar vital equilibrio ananásemcoco, embalagem de 1l",,1.49,1.49,1000,L,€/L,,,https://driveimg1.intermarche.com/pt/Content/images/boitmal/produit/zoom/8767C13FE6BC314E1156E753BCDBEE55.jpg,,,,2025-09-03T23:59:59+01:00,PROSPECTUS,12,2,,
1300,5601151653456,1000.0,Compal,"Néctar vital equilibrio laranja/maracujá, embalagem de 1l",,1.49,1.49,1000,L,€/L,,,https://driveimg1.intermarche.com/pt/Content/images/boitmal/produit/zoom/66D7AD0BA2BE04FFDAEDA995E24E80A5.jpg,,,,2025-09-03T23:59:59+01:00,PROSPECTUS,12,2,,
13567,2893562000000,250.0,Marisco,Ameijoa Castanha Vietnamita Congelada,vendido ao peso a partir de 250 g,0.75,2.99,0,,€/Kg,,Avantages !,https://driveimg1.intermarche.com/pt/Content/images/boitmal/produit/zoom/33CC3279E2741F227440A7AFDC3AEEF9.jpg,,,,2025-09-03T23:59:59+01:00,PROSPECTUS,12,2,,
13884,2891106000000,2000.0,PorSi Select,Frango do Campo Inteiro c/ Miúdos Programa Origens,Vendido ao peso,8.58,4.29,0,,€/Kg,,,https://driveimg1.intermarche.com/pt/Content/images/boitmal/produit/zoom/4004CE88E12A24D0AD85684C27210FBB.jpg,,,,2025-09-03T23:59:59+01:00,PROSPECTUS,12,2,,
1426,5601255312112,1000.0,Caçarola,"Arroz carolino, embalagem de 1kg",,1.19,1.19,0,kg,€/Kg,,,https://driveimg1.intermarche.com/pt/Content/images/boitmal/produit/zoom/947C9C91099FF9E267C19F6B97A6C031.jpg,,,,2025-09-03T23:59:59+01:00,PROSPECTUS,12,2,,
14302,5000116109104,500.0,Iglo,"Ervilhas primavera, embalagem de 500g",,2.98,5.96,0,kg,€/Kg,,Tipo de stockagem,https://driveimg1.intermarche.com/pt/Content/images/boitmal/produit/zoom/331AE4FF3620F211D8048BD43B1F93FF.jpg,,,,2025-09-03T23:59:59+01:00,PROSPECTUS,12,2,,
14340,3387390326291,141.0,Nestlé,"Barras fitness com morango, embalagem de 140g",,2.39,16.95,0,kg,€/Kg,,,https://driveimg1.intermarche.com/pt/Content/images/boitmal/produit/zoom/3A9BF700A100B0328316208A3B97640F.jpg,,,,2025-09-03T23:59:59+01:00,PROSPECTUS,12,2,,
14346,3387390406849,150.0,Nestlé,"Barras cereais chocapic, embalagem de 150g",,2.39,15.93,0,kg,€/Kg,,,https://driveimg1.intermarche.com/pt/Content/images/boitmal/produit/zoom/A9E143A7AE167B7B2DF153E69E157760.jpg,,,,2025-09-03T23:59:59+01:00,PROSPECTUS,12,2,,
14370,8712100544132,72.0,Knorr,"Molho cervejeira 8 cubos, embalagem de 70g",,1.59,22.08,0,kg,€/Kg,,,https://driveimg1.intermarche.com/pt/Content/images/boitmal/produit/zoom/4BA8D4D54E6D8F06F977BA78E61BEE2F.jpg,,,,2025-09-03T23:59:59+01:00,PROSPECTUS,12,2,,
14458,7613034678607,90.0,Nestlé,"Fruta para bebé banana maçã +4 meses, embalagem de 90g",,0.65,7.22,0,kg,€/Kg,,,https://driveimg1.intermarche.com/pt/Content/images/boitmal/produit/zoom/0F3547F16577E97D821E3E9FDD9F17B9.jpg,,,,2025-09-03T23:59:59+01:00,PROSPECTUS,12,2,,
14698,7613034570512,90.0,Nestlé,"Fruta para bebé 4 frutas +4 meses, embalagem de 90g",,0.65,7.22,0,kg,€/Kg,,,https://driveimg1.intermarche.com/pt/Content/images/boitmal/produit/zoom/3717C2AF583A80AD83A765BB8032F767.jpg,,,,2025-09-03T23:59:59+01:00,PROSPECTUS,12,2,,
14908,2893723000000,600.0,Peixaria,Dourada Pequena,"Vendido ao peso, de 200 a 600 g",4.49,7.49,0,,€/Kg,,,https://driveimg1.intermarche.com/pt/Content/images/boitmal/produit/zoom/AFF5C8795A7F86F3C0C55DCFF44363C3.jpg,,,,2025-09-03T23:59:59+01:00,PROSPECTUS,12,2,,
1495,5601363100380,300.0,Pála-Pála,"Batata frita caseira rodela, embalagem de 300g",,1.79,5.97,0,kg,€/Kg,,,https://driveimg1.intermarche.com/pt/Content/images/boitmal/produit/zoom/2550CC98E3B2E3C63B7A972B31C2AB65.jpg,,,,2025-09-03T23:59:59+01:00,PROSPECTUS,12,2,,
15398,5604260278039,1500.0,PorSi,Amaciador  p/ roupa concentrado Aromaterapia,Embalagem com 60 doses,2.19,1.46,1500,L,€/L,,,https://driveimg1.intermarche.com/pt/Content/images/boitmal/produit/zoom/A34CA50BD5140F3567823C4B325B98EF.jpg,,,,2025-09-03T23:59:59+01:00,PROSPECTUS,12,2,,
16003,5000116109630,300.0,Capitão Iglo,"12 douradinhos forníssimo, embalagem de 300g",,3.98,13.27,0,kg,€/Kg,,Tipo de stockagem,https://driveimg1.intermarche.com/pt/Content/images/boitmal/produit/zoom/544992A31EAE2C5ED6C344C7B21BC2DA.jpg,,,,2025-09-03T23:59:59+01:00,PROSPECTUS,12,2,,
17827,5603344531022,110.0,General,Atum posta em óleo,Embalagem de 110g,0.99,9.0,0,kg,€/Kg,,,https://driveimg1.intermarche.com/pt/Content/images/boitmal/produit/zoom/6CF8780AD6CFF5E4D2703538338330A5.jpg,,,,2025-09-03T23:59:59+01:00,PROSPECTUS,12,2,,
18351,8410320029971,80.0,Campofrio,"Salsichão fatiado, embalagem de 80g",,1.59,19.88,0,kg,€/Kg,,,https://driveimg1.intermarche.com/pt/Content/images/boitmal/produit/zoom/C191CA814FABA5218D4DFA0D00F6C92A.jpg,,,,2025-09-03T23:59:59+01:00,PROSPECTUS,12,2,,
19046,5000116110414,480.0,Capitão Iglo,"8 hamburguers sem glúten frango, embalagem de 480g",,7.99,16.65,0,kg,€/Kg,,Tipo de stockagem,https://driveimg1.intermarche.com/pt/Content/images/boitmal/produit/zoom/B74DC0C9C4A898B602612BD394B808F5.jpg,,,,2025-09-03T23:59:59+01:00,PROSPECTUS,12,2,,
19608,7613035376861,90.0,Nestlé,Fruta para bebé maçã cenoura manga +6 meses,Embalagem de 90g,0.65,7.22,0,kg,€/Kg,,,https://driveimg1.intermarche.com/pt/Content/images/boitmal/produit/zoom/E13C913249530CE7ED9D191950EA3924.jpg,,,,2025-09-03T23:59:59+01:00,PROSPECTUS,12,2,,
19940,7613035619456,300.0,Nestlé,Granola aveia fitness mel,Embalagem de 300g,3.29,10.97,0,kg,€/Kg,,,https://driveimg1.intermarche.com/pt/Content/images/boitmal/produit/zoom/EAEAF515FE565B8F35270BCD3427077E.jpg,,,,2025-09-03T23:59:59+01:00,PROSPECTUS,12,2,,
20918,5000116110964,840.0,Capitão Iglo,"30 douradinhos, embalagem de 840g",,8.99,10.7,0,kg,€/Kg,,Tipo de stockagem,https://driveimg1.intermarche.com/pt/Content/images/boitmal/produit/zoom/3C52B0905F2F1ACE3D67359B13FE0331.jpg,,,,2025-09-03T23:59:59+01:00,PROSPECTUS,12,2,,
21373,2895039000000,100.0,Queijaria de Celorico,Queijo Flamengo Bola,Vendido ao peso a partir de 100 g,1.0,9.99,0,,€/Kg,,,https://driveimg1.intermarche.com/pt/Content/images/boitmal/produit/zoom/8194600BA03A0D029CAEBA91D40CFAD9.jpg,,,,2025-09-03T23:59:59+01:00,PROSPECTUS,12,2,,
21766,7613035487840,90.0,Nestlé,Fruta para bebé banana laranja bolacha +6 meses,Embalagem de 90g,0.65,7.22,0,kg,€/Kg,,,https://driveimg1.intermarche.com/pt/Content/images/boitmal/produit/zoom/A8104E7B3738DD14CEF192706B16EFC4.jpg,,,,2025-09-03T23:59:59+01:00,PROSPECTUS,12,2,,
22232,8410320104500,80.0,Campofrio,"Salame fatiado, embalagem de 80g",,1.59,19.88,0,kg,€/Kg,,,https://driveimg1.intermarche.com/pt/Content/images/boitmal/produit/zoom/B989DC79BAD10F2BF93E42F2FFD0E3D8.jpg,,,,2025-09-03T23:59:59+01:00,PROSPECTUS,12,2,,
2225,5604260266463,1500.0,PorSi,Refrigerante sem gás limão,"Garrafa de 1,5 l",0.99,0.66,1500,L,€/L,,,https://driveimg1.intermarche.com/pt/Content/images/boitmal/produit/zoom/FFEF4CED2BC4D6EEBCC20C2330983BA5.jpg,,,,2025-09-03T23:59:59+01:00,PROSPECTUS,12,2,,
2283,5604260270132,420.0,PorSi,Feijão Com Dobrada 420G,,2.29,5.45,0,kg,€/Kg,,,https://driveimg1.intermarche.com/pt/Content/images/boitmal/produit/zoom/AB5D3490FB313F305F7EB50B889F83EB.jpg,,,,2025-09-03T23:59:59+01:00,PROSPECTUS,12,2,,
23524,5000204922851,750.0,Pato,"Líquido sanitário extra power, marinho, 750 ml",,1.69,2.25,750,L,€/L,,,https://driveimg1.intermarche.com/pt/Content/images/boitmal/produit/zoom/60268FF4016AF8FBA52DB6A9A88D181B.jpg,,,,2025-09-03T23:59:59+01:00,PROSPECTUS,12,2,,
24368,5601050033021,620.0,Danone,"Iogurte líquido corpos danone, embalagem de 4 x 155g",,1.89,3.05,0,kg,€/Kg,,,https://driveimg1.intermarche.com/pt/Content/images/boitmal/produit/zoom/6EEC58F892743EDA98060B1AE2CB4E38.jpg,,,,2025-09-03T23:59:59+01:00,PROSPECTUS,12,2,,
24371,5601050033014,620.0,Danone,"Iogurte líquido pinacolada corpos danone, embalagem de 4 x 155g",,1.89,3.05,0,kg,€/Kg,,,https://driveimg1.intermarche.com/pt/Content/images/boitmal/produit/zoom/6B78DED571E8DAF3CF098A27E97064BA.jpg,,,,2025-09-03T23:59:59+01:00,PROSPECTUS,12,2,,
24411,8410436297752,1300.0,Sonasol,"Lava tudo rosas e jasmim, 1,3l",,2.19,1.68,1300,L,€/L,,,https://driveimg1.intermarche.com/pt/Content/images/boitmal/produit/zoom/A8DAC5F038BB6C2FB23FB3C7F35CC590.jpg,,,,2025-09-03T23:59:59+01:00,PROSPECTUS,12,2,,
24412,8410436297660,1300.0,Sonasol,"Lava tudo aloe vera e flores brancas, 1,3l",,2.19,1.68,1300,L,€/L,,,https://driveimg1.intermarche.com/pt/Content/images/boitmal/produit/zoom/1CF7718543DB6BCDD620E4F3293279BF.jpg,,,,2025-09-03T23:59:59+01:00,PROSPECTUS,12,2,,
2466,7613032142599,500.0,Cerelac,Farinha láctea 12 meses,Embalagem de 500g,3.74,7.48,0,kg,€/Kg,,,https://driveimg1.intermarche.com/pt/Content/images/boitmal/produit/zoom/4E708CAF1A60A052407E76B7A92102F7.jpg,,,,2025-09-03T23:59:59+01:00,PROSPECTUS,12,2,,
2525,7613033865848,400.0,Cerelac,Leite e cereais 8 cereais e mel +6 meses,Garrafa de 400 ml,2.16,5.4,400,L,€/L,,,https://driveimg1.intermarche.com/pt/Content/images/boitmal/produit/zoom/F3FA0505F84763AD463A118D9C701F18.jpg,,,,2025-09-03T23:59:59+01:00,PROSPECTUS,12,2,,
25597,5601151979303,1200.0,Bongo,"Néctar 8 frutos, pack 6 x 200 ml",,2.29,1.91,1200,L,€/L,,,https://driveimg1.intermarche.com/pt/Content/images/boitmal/produit/zoom/58E322AC82399BF9CBCFBEBC2BD370F4.jpg,,,,2025-09-03T23:59:59+01:00,PROSPECTUS,12,2,,
27374,5604260282494,420.0,PorSi,Chouriço Com Feijão 420G,,2.29,5.45,0,kg,€/Kg,,,https://driveimg1.intermarche.com/pt/Content/images/boitmal/produit/zoom/31479D4B2EB830640E67CA397099F701.jpg,,,,2025-09-03T23:59:59+01:00,PROSPECTUS,12,2,,
28640,5054563030948,75.0,Aquafresh,Dentífrico Tripla Proteção,Embalagem de 75 ml,2.49,33.2,75,L,€/L,,,https://driveimg1.intermarche.com/pt/Content/images/boitmal/produit/zoom/3F822B9D22CAC67DC8DBD8698E3FBBBD.jpg,,,,2025-09-03T23:59:59+01:00,PROSPECTUS,12,2,,
32076,7613036496353,340.0,Purina One,"Comida húmida para gato esterilizado em molho com salmão, 4 x 85g",,2.59,7.62,0,kg,€/Kg,,,https://driveimg1.intermarche.com/pt/Content/images/boitmal/produit/zoom/3F5C404D1E0ED04E5681C0681EDCBF4A.jpg,,,,2025-09-03T23:59:59+01:00,PROSPECTUS,12,2,,
32336,5999884034612,250.0,Hell,Bebida Energética Apple,250 ml,0.79,3.16,250,L,€/L,,,https://driveimg1.intermarche.com/pt/Content/images/boitmal/produit/zoom/86E86029E30A4AE7E317DF9B881E3EBF.jpg,,,,2025-09-03T23:59:59+01:00,PROSPECTUS,12,2,,
32342,5603722517334,200.0,Milhafre,Queijo açoriano fatias de textura cremosa,Embalagem de 200g,2.19,10.95,0,kg,€/Kg,,,https://driveimg1.intermarche.com/pt/Content/images/boitmal/produit/zoom/171D35F4FE014EB04FB3B5636B039DB0.jpg,,,,2025-09-03T23:59:59+01:00,PROSPECTUS,12,2,,
33391,7613036525893,250.0,Pensal,"Farinha com cacau, embalagem de 250g",,2.24,8.96,0,kg,€/Kg,,,https://driveimg1.intermarche.com/pt/Content/images/boitmal/produit/zoom/68797A6078949F0AB61C8E5E40A31566.jpg,,,,2025-09-03T23:59:59+01:00,PROSPECTUS,12,2,,
34328,5603344291018,120.0,General,Bacalhau com grão,Embalagem de 120g,1.94,16.17,0,kg,€/Kg,,,https://driveimg1.intermarche.com/pt/Content/images/boitmal/produit/zoom/3CE63A7FB770BD16863F1AA0D2B1E6B2.jpg,,,,2025-09-03T23:59:59+01:00,PROSPECTUS,12,2,,
35395,5604260285365,1500.0,PorSi,"Gasosa 1,5L",,0.55,0.37,1500,L,€/L,,,https://driveimg1.intermarche.com/pt/Content/images/boitmal/produit/zoom/F268F2F3F8A288608F857CA027910F9E.jpg,,,,2025-09-03T23:59:59+01:00,PROSPECTUS,12,2,,
35748,5604260292905,720.0,PorSi,Palmiers,Embalagem de 720 g,2.89,4.01,0,kg,€/Kg,,,https://driveimg1.intermarche.com/pt/Content/images/boitmal/produit/zoom/7AD392538DBF1EE09CE98E3CE7FEB4FE.jpg,,,,2025-09-03T23:59:59+01:00,PROSPECTUS,12,2,,
36183,5604736300097,100.0,Maria Batata,Batata doce frita,embalagem de 100 g,1.74,17.4,0,kg,€/Kg,,,https://driveimg1.intermarche.com/pt/Content/images/boitmal/produit/zoom/ED504315F8F5A5B0066875DE8B59B370.jpg,,,,2025-09-03T23:59:59+01:00,PROSPECTUS,12,2,,
37510,7613036841498,90.0,Nestlé,"Pacote maçã e pêssego, embalagem de 90g",,0.65,7.22,0,kg,€/Kg,,,https://driveimg1.intermarche.com/pt/Content/images/boitmal/produit/zoom/E9135C730A89C3C259880AD7C684D6EF.jpg,,,,2025-09-03T23:59:59+01:00,PROSPECTUS,12,2,,
37574,8717163836835,2000.0,Lipton,"Ice tea de pêssego sem açúcar, garrafa de 2l",,1.99,1.0,2000,L,€/L,,,https://driveimg1.intermarche.com/pt/Content/images/boitmal/produit/zoom/B0D164F35BECC5A6CA9E515D71ED323C.jpg,,,,2025-09-03T23:59:59+01:00,PROSPECTUS,12,2,,
37948,5601217132697,500.0,Cillitbang,"Spray limpeza casa de banho, embalagem de 500 ml",,2.49,4.98,500,L,€/L,,,https://driveimg1.intermarche.com/pt/Content/images/boitmal/produit/zoom/62E5A8E0A6D5CF81B7A29AA6D1070117.jpg,,,,2025-09-03T23:59:59+01:00,PROSPECTUS,12,2,,
37991,5601027946200,450.0,Bimbo,Pão integral sem côdea,Embalagem de 450 g,1.99,4.42,0,kg,€/Kg,,,https://driveimg1.intermarche.com/pt/Content/images/boitmal/produit/zoom/B913201F1135905B719955E1A5EC3777.jpg,,,,2025-09-03T23:59:59+01:00,PROSPECTUS,12,2,,
38312,8410104702663,,Finish,"Limpa máquinas de loiça limão, embalagem com 250 ml",,3.99,3.99,1,,€/Unidade,,,https://driveimg1.intermarche.com/pt/Content/images/boitmal/produit/zoom/543AF0EA0E513D87A0B6AA970DE2490B.jpg,,,,2025-09-03T23:59:59+01:00,PROSPECTUS,12,2,,
40578,5604260299997,1000.0,PorSi,"Camarão cozido 50/70, 1 kg",,9.99,9.99,0,kg,€/Kg,,,https://driveimg1.intermarche.com/pt/Content/images/boitmal/produit/zoom/F77F2719F75EC4D041ACF0F09BF45879.jpg,,,,2025-09-03T23:59:59+01:00,PROSPECTUS,12,2,,
40746,5604260303915,3900.0,PorSi,Amaciador Roupa Lavanda & Camomila 60D,,3.09,0.79,3900,L,€/L,,,https://driveimg1.intermarche.com/pt/Content/images/boitmal/produit/zoom/1E42F65EC520561AB208E02A4BED7B5F.jpg,,,,2025-09-03T23:59:59+01:00,PROSPECTUS,12,2,,
40767,5000116125432,1080.0,Capitão Iglo,"18 hamburguers de frango sem glúten, embalagem de 1 kg",,16.99,15.73,0,kg,€/Kg,,Tipo de stockagem,https://driveimg1.intermarche.com/pt/Content/images/boitmal/produit/zoom/0B8F847393DDA3DEECAF6499077AA6F1.jpg,,,,2025-09-03T23:59:59+01:00,PROSPECTUS,12,2,,
40788,5604260303700,,PorSi,"Amaciador roupa concentrado lírios e morango, 60 doses",,2.19,2.19,0,,€/Unidade,,,https://driveimg1.intermarche.com/pt/Content/images/boitmal/produit/zoom/F0388E5FB215AA074292F8ECB3246921.jpg,,,,2025-09-03T23:59:59+01:00,PROSPECTUS,12,2,,
40951,8711327324831,360.0,Olá,"Feast, 4x90ml",,2.99,8.31,360,L,€/L,,Tipo de stockagem,https://driveimg1.intermarche.com/pt/Content/images/boitmal/produit/zoom/F3D35B2BB9F7BAB6B2C8C41763D3C22D.jpg,,,,2025-09-03T23:59:59+01:00,PROSPECTUS,12,2,,
40974,8711327407121,2000.0,Lipton,Ice tea de limão zero açúcar garrafa 2 l,,1.99,1.0,2000,L,€/L,,,https://driveimg1.intermarche.com/pt/Content/images/boitmal/produit/zoom/01B1D0B046262E5013625D98284F67D4.jpg,,,,2025-09-03T23:59:59+01:00,PROSPECTUS,12,2,,
41147,8710522571460,225.0,Linic,"Champô para homem anti queda, embalagem de 225 ml",,3.32,14.76,225,L,€/L,,,https://driveimg1.intermarche.com/pt/Content/images/boitmal/produit/zoom/589334D1ED40021F6ADEE5835BB40B8A.jpg,,,,2025-09-03T23:59:59+01:00,PROSPECTUS,12,2,,
41299,5601050036565,440.0,Danone,"Iogurte oikos maracujá, embalagem de 4 x 110g",,2.09,4.75,0,kg,€/Kg,,,https://driveimg1.intermarche.com/pt/Content/images/boitmal/produit/zoom/29553156A2F0422FEBEDFC7E0CF7883D.jpg,,,,2025-09-03T23:59:59+01:00,PROSPECTUS,12,2,,
41300,5601050036596,440.0,Danone,"Iogurte oikos manga papaya, embalagem de 4 x 110g",,2.09,4.75,0,kg,€/Kg,,,https://driveimg1.intermarche.com/pt/Content/images/boitmal/produit/zoom/407B76EA9B8AB5CE288E3F687A8DBF84.jpg,,,,2025-09-03T23:59:59+01:00,PROSPECTUS,12,2,,
41302,5601050036558,440.0,Danone,"Iogurte oikos natural açucarado, embalagem de 4 x 110g",,2.49,5.66,0,kg,€/Kg,,,https://driveimg1.intermarche.com/pt/Content/images/boitmal/produit/zoom/EF9CBAC3BDE3B09B251B8011D3C6F904.jpg,,,,2025-09-03T23:59:59+01:00,PROSPECTUS,12,2,,
41360,5601050036268,160.0,Yopro,"Yopro mirtilo, embalagem de 160g",,1.19,7.44,0,kg,€/Kg,,,https://driveimg1.intermarche.com/pt/Content/images/boitmal/produit/zoom/DCA8853EDE27123693F6D3AE94D87D35.jpg,,,,2025-09-03T23:59:59+01:00,PROSPECTUS,12,2,,
41822,7613039868300,270.0,Nestlé,Cereais estrelitas,Embalagem de 270 g,2.09,7.74,0,kg,€/Kg,,,https://driveimg1.intermarche.com/pt/Content/images/boitmal/produit/zoom/8ED5B2AE951DD00B9C8D9B0148834738.jpg,,,,2025-09-03T23:59:59+01:00,PROSPECTUS,12,2,,
42168,5604260306732,420.0,PorSi,Mão De Vaca Com Grão 420G,,2.49,5.93,0,kg,€/Kg,,,https://driveimg1.intermarche.com/pt/Content/images/boitmal/produit/zoom/8E7F08651985E649322A5C109B695B1F.jpg,,,,2025-09-03T23:59:59+01:00,PROSPECTUS,12,2,,
42837,5604260301645,800.0,PorSi,Mariscada 800G,,6.39,7.99,0,kg,€/Kg,,Tipo de stockagem,https://driveimg1.intermarche.com/pt/Content/images/boitmal/produit/zoom/0BA0D11768B30871840D20836C57401B.jpg,https://driveimg1.intermarche.com/pt/Content/images/boitmal/produit/zoom/3AF80338884737A4D61D15EE7B350FE6.jpg,https://driveimg1.intermarche.com/pt/Content/images/boitmal/produit/zoom/3AF80338884737A4D61D15EE7B350FE6.jpg,https://driveimg1.intermarche.com/pt/Content/images/boitmal/produit/zoom/3AF80338884737A4D61D15EE7B350FE6.jpg,2025-09-03T23:59:59+01:00,PROSPECTUS,12,2,https://driveimg1.intermarche.com/pt/Content/images/boitmal/produit/zoom/3AF80338884737A4D61D15EE7B350FE6.jpg,
42839,5604260307784,455.0,PorSi,Nata Pasteurizada 15% Mg 45Cl/ 455G,,2.15,4.73,0,kg,€/Kg,,,https://driveimg1.intermarche.com/pt/Content/images/boitmal/produit/zoom/9258882FC9DEA71F901004030AD2D6DF.jpg,,,,2025-09-03T23:59:59+01:00,PROSPECTUS,12,2,,
42847,5604260307999,1000.0,PorSi Bio,Bebida Aveia Bio 0% Açúcares Adicionados 1L,,1.19,1.19,1000,L,€/L,,,https://driveimg1.intermarche.com/pt/Content/images/boitmal/produit/zoom/C923FB353F4DBBE9E2E788A0B1D8F2AA.jpg,,,,2025-09-03T23:59:59+01:00,PROSPECTUS,12,2,,
42848,5604260308002,1000.0,PorSi Bio,Bebida Arroz E Amêndoa Bio 0% Açúcares Adicionados 1L,,1.59,1.59,1000,L,€/L,,,https://driveimg1.intermarche.com/pt/Content/images/boitmal/produit/zoom/81A370F69C8A1D55E5B27BE530E01F4F.jpg,,,,2025-09-03T23:59:59+01:00,PROSPECTUS,12,2,,
4313,3600540539519,200.0,Garnier,Creme de pentear Ultra Suave com abacate,Embalagem de 200 ml,3.49,17.45,200,L,€/L,,,https://driveimg1.intermarche.com/pt/Content/images/boitmal/produit/zoom/5984748F40E55B1149269AC5AFDC94E0.jpg,,,,2025-09-03T23:59:59+01:00,PROSPECTUS,12,2,,
4314,3600540542823,250.0,Garnier,Champô Ultra Suave abacate & karité,Embalagem de 250 ml,2.94,11.76,250,L,€/L,,,https://driveimg1.intermarche.com/pt/Content/images/boitmal/produit/zoom/7B2132A7AE55E25C638EAB3AB10D8AC2.jpg,https://driveimg1.intermarche.com/pt/Content/images/boitmal/produit/zoom/DCD7E964C8B3194CF59C9B1DE6BDA430.jpg,,,2025-09-03T23:59:59+01:00,PROSPECTUS,12,2,,
4316,3600540543028,200.0,Garnier,Condicionador Ultra Suave óleo de abacate e manteiga,Embalagem de 200 ml,2.94,14.7,200,L,€/L,,,https://driveimg1.intermarche.com/pt/Content/images/boitmal/produit/zoom/9B839185A465FF6E0FEC4BDAD733C568.jpg,,,,2025-09-03T23:59:59+01:00,PROSPECTUS,12,2,,
44252,5601019012890,210.0,Guloso,"Tomate frito, embalagem de 210g",,0.86,4.1,0,kg,€/Kg,,,https://driveimg1.intermarche.com/pt/Content/images/boitmal/produit/zoom/8B263589AC7E30970A012A4A83920952.jpg,,,,2025-09-03T23:59:59+01:00,PROSPECTUS,12,2,,
44593,3600541946286,400.0,Garnier,Condicionador Ultra Suave Camomila,Embalagem de 400 ml,3.79,9.48,400,L,€/L,,,https://driveimg1.intermarche.com/pt/Content/images/boitmal/produit/zoom/E6E942226F14D859EE6A2B897DCE52DE.jpg,,,,2025-09-03T23:59:59+01:00,PROSPECTUS,12,2,,
44634,8711327485082,330.0,Magnum,"Gelados mini double gold caramel billionaire, embalagem de 6x55 ml",,4.49,13.61,330,L,€/L,,Tipo de stockagem,https://driveimg1.intermarche.com/pt/Content/images/boitmal/produit/zoom/42AC7934AA428100845DBDC81A00E314.jpg,,,,2025-09-03T23:59:59+01:00,PROSPECTUS,12,2,,
46031,3086123342606,,Bic,Esferográficas BU3 Pretas,Embalagem com 4 un.,2.79,2.79,0,,€/Unidade,,,https://driveimg1.intermarche.com/pt/Content/images/boitmal/produit/zoom/D4A7D81EA23AD359C77E729DFF9C0745.jpg,,,,2025-09-17T23:59:59+01:00,PROSPECTUS,12,3,,
47109,7613287218704,110.0,Nestlé,"Bolsitas de puré de 4 frutas, embalagem de 110g",,0.79,7.18,0,kg,€/Kg,,,https://driveimg1.intermarche.com/pt/Content/images/boitmal/produit/zoom/AAE972318DF3C7B29E7A2F9B4E66DEFB.jpg,,,,2025-09-03T23:59:59+01:00,PROSPECTUS,12,3,,
47981,5000116126828,360.0,Capitão Iglo,"12 douradinhos de peixe sem glúten, embalagem de 360g",,4.97,13.81,0,kg,€/Kg,,Tipo de stockagem,https://driveimg1.intermarche.com/pt/Content/images/boitmal/produit/zoom/E088C1996A4222DF68B662FD3DF061BC.jpg,,,,2025-09-03T23:59:59+01:00,PROSPECTUS,12,3,,
48093,5604260322459,85.0,PorSi Select,Alimento Humido Gato Adulto Com Peixe 85G,,0.59,6.94,0,kg,€/Kg,,,https://driveimg1.intermarche.com/pt/Content/images/boitmal/produit/zoom/82A558BEAF47320C40149C066B08F2E8.jpg,,,,2025-09-03T23:59:59+01:00,PROSPECTUS,12,3,,
48921,8006540417157,300.0,Pantene,Máscara Liso e Sedoso,300 ml,4.89,16.3,300,L,€/L,,,https://driveimg1.intermarche.com/pt/Content/images/boitmal/produit/zoom/BDE449576FC02085F7007D31FFACA52F.jpg,,,,2025-09-03T23:59:59+01:00,PROSPECTUS,12,3,,
49463,8445290250322,600.0,Nestum,Flocos Cereais Mel,Embalagem de 600g,3.79,6.32,0,kg,€/Kg,,,https://driveimg1.intermarche.com/pt/Content/images/boitmal/produit/zoom/4A0A62606AC144021ED115E1FAB3D0CE.jpg,,,,2025-09-03T23:59:59+01:00,PROSPECTUS,12,3,,
49767,5601151969106,1000.0,Frize,"Água com gás ananás, pack 4 x 0.25 l",,2.09,2.09,1000,L,€/L,,,https://driveimg1.intermarche.com/pt/Content/images/boitmal/produit/zoom/894FBD4D289713EED7DB570E33675A74.jpg,,,,2025-09-03T23:59:59+01:00,PROSPECTUS,12,3,,
50019,8719200231740,450.0,ProActiv,"Creme vegetal para barrar, embalagem de 450g",,4.49,9.98,0,kg,€/Kg,,,https://driveimg1.intermarche.com/pt/Content/images/boitmal/produit/zoom/181CD8B428B99078698C5E3401B33A90.jpg,,,,2025-09-03T23:59:59+01:00,PROSPECTUS,12,3,,
5031,5601028008778,,Renova,"Papel higiénico deco /4 folhas, embalagem 12 rolos",,5.39,5.39,12,,€/Unidade,,,https://driveimg1.intermarche.com/pt/Content/images/boitmal/produit/zoom/40255AA0E0A26CE7985BEAB27DB725FB.jpg,,,,2025-09-03T23:59:59+01:00,PROSPECTUS,12,3,,
50452,5603722521027,160.0,Mimosa,"Manteiga com salsa e alho, 160g",,2.44,15.25,0,kg,€/Kg,,,https://driveimg1.intermarche.com/pt/Content/images/boitmal/produit/zoom/9AF42A2DD592E9FC50D63205569BFC0F.jpg,,,,2025-09-03T23:59:59+01:00,PROSPECTUS,12,3,,
50458,5603722521003,160.0,Mimosa,"Manteiga com sal, 160g",,2.24,14.0,0,kg,€/Kg,,,https://driveimg1.intermarche.com/pt/Content/images/boitmal/produit/zoom/09C6645B0E41FE4C659D6FBAFCE3C138.jpg,,,,2025-09-03T23:59:59+01:00,PROSPECTUS,12,3,,
51045,8410436430333,,Persil,Detergente máquina roupa 4 em 1 cores,40 cápsulas,9.99,9.99,0,,€/Unidade,,,https://driveimg1.intermarche.com/pt/Content/images/boitmal/produit/zoom/A4CD99179E6F027B25DC7D76AB24FFD6.jpg,,,,2025-09-03T23:59:59+01:00,PROSPECTUS,12,3,,
51534,8410436440417,3250.0,Persil,Detergente máquina roupa sabão azul e branco,60 doses,7.99,2.46,3250,L,€/L,,,https://driveimg1.intermarche.com/pt/Content/images/boitmal/produit/zoom/36A69498B8B31273B175385CED7E9CCC.jpg,,,,2025-09-03T23:59:59+01:00,PROSPECTUS,12,3,,
51560,5601174792002,750.0,João Pires,"Vinho rosé península de setúbal, garrafa de 0.75 l",,4.99,6.65,750,L,€/L,,,https://driveimg1.intermarche.com/pt/Content/images/boitmal/produit/zoom/5C884C754161C78D04BEEB9A8611ACBF.jpg,,,,2025-09-03T23:59:59+01:00,PROSPECTUS,12,3,,
51683,5604260326976,500.0,Labell,Champô 5 plantas cabelos normais,Embalagem de 500 ml,2.39,4.78,500,L,€/L,,,https://driveimg1.intermarche.com/pt/Content/images/boitmal/produit/zoom/B687A4C424B1E0CDD786645ED6184E42.jpg,,,,2025-09-03T23:59:59+01:00,PROSPECTUS,12,3,,
51692,5604260326969,300.0,Labell,Máscara Abacate e Karité,Embalagem de 300 ml,2.05,6.83,300,L,€/L,,,https://driveimg1.intermarche.com/pt/Content/images/boitmal/produit/zoom/E9C2D1F2041BDEF2D3EE79C02F98C48F.jpg,,,,2025-09-03T23:59:59+01:00,PROSPECTUS,12,3,,
51871,8720181172120,250.0,Dove,"Creme corporal nourishing care, garrafa de 250 ml",,4.54,18.16,250,L,€/L,,,https://driveimg1.intermarche.com/pt/Content/images/boitmal/produit/zoom/848F73EFDD9195382E75B8B04D15E40E.jpg,,,,2025-09-03T23:59:59+01:00,PROSPECTUS,12,3,,
51927,4005900911537,270.0,Nivea Sun,Protetor Solar Kids Protect & Care FP50+,Garrafa de 270 ml,13.09,48.48,270,L,€/L,,,https://driveimg1.intermarche.com/pt/Content/images/boitmal/produit/zoom/2E4EE1C705CB99B62BE77F8737D9B28F.jpg,,,,2025-09-03T23:59:59+01:00,PROSPECTUS,12,3,,
524,3179140173923,18.0,Vahine,"Fermento de padeiro, 20g",,1.34,74.44,0,kg,€/Kg,,,https://driveimg1.intermarche.com/pt/Content/images/boitmal/produit/zoom/10E903E14B29C0133FCA389321BEFFA5.jpg,,,,2025-09-03T23:59:59+01:00,PROSPECTUS,12,3,,
52461,5601645200838,,Firmo,Caderno Música A5 20 Folhas,1 Unidade,0.49,0.49,0,,€/Unidade,,,https://driveimg1.intermarche.com/pt/Content/images/boitmal/produit/zoom/0F0D5C5D53A19F1C7A62C652F26A0E15.jpg,,,,2025-09-17T23:59:59+01:00,PROSPECTUS,12,3,,
52786,5900020043481,310.0,Nestlé,"Cereais Protein Fitness 0% Cacau, 310g",,3.34,10.77,0,kg,€/Kg,,,https://driveimg1.intermarche.com/pt/Content/images/boitmal/produit/zoom/619233658842A9E70E868A5A69A9679E.jpg,,,,2025-09-03T23:59:59+01:00,PROSPECTUS,12,3,,
52806,8711327608153,400.0,Magnum,"Gelado chocolate branco com morango, 400 ml",,3.99,9.98,400,L,€/L,,Tipo de stockagem,https://driveimg1.intermarche.com/pt/Content/images/boitmal/produit/zoom/D8E3D5651D942B9134970E7747D188FF.jpg,,,,2025-09-03T23:59:59+01:00,PROSPECTUS,12,3,,
52848,8410063094564,1000.0,Pescanova,"Nuggets pescada sem glúten, 1 kg",,7.49,7.49,0,kg,€/Kg,,Tipo de stockagem,https://driveimg1.intermarche.com/pt/Content/images/boitmal/produit/zoom/5276D77CD9BBF475970EE1C857741542.jpg,https://driveimg1.intermarche.com/pt/Content/images/boitmal/produit/zoom/16DCF1CA65B81C53FF13A02B354ADA88.jpg,https://driveimg1.intermarche.com/pt/Content/images/boitmal/produit/zoom/16DCF1CA65B81C53FF13A02B354ADA88.jpg,https://driveimg1.intermarche.com/pt/Content/images/boitmal/produit/zoom/16DCF1CA65B81C53FF13A02B354ADA88.jpg,2025-09-03T23:59:59+01:00,PROSPECTUS,12,3,,
52880,8719200267794,450.0,Becel,"Creme vegetal de barrar com sabor a manteiga, 450g",,3.56,7.91,0,kg,€/Kg,,,https://driveimg1.intermarche.com/pt/Content/images/boitmal/produit/zoom/E2EFE8BE5E96AF9FCA9D840059BF696C.jpg,https://driveimg1.intermarche.com/pt/Content/images/boitmal/produit/zoom/287D301C66C180312FAA8A3BAE7EA710.jpg,https://driveimg1.intermarche.com/pt/Content/images/boitmal/produit/zoom/287D301C66C180312FAA8A3BAE7EA710.jpg,https://driveimg1.intermarche.com/pt/Content/images/boitmal/produit/zoom/287D301C66C180312FAA8A3BAE7EA710.jpg,2025-09-03T23:59:59+01:00,PROSPECTUS,12,3,,
53166,8711327612754,140.0,Magnum,"Gelado bomboniera, 140 ml",,4.19,29.93,140,L,€/L,,Tipo de stockagem,https://driveimg1.intermarche.com/pt/Content/images/boitmal/produit/zoom/D7EEE9024551E6345F84FF315A388587.jpg,https://driveimg1.intermarche.com/pt/Content/images/boitmal/produit/zoom/2C67DE42D7FCE19DB87FA0B25D923563.jpg,https://driveimg1.intermarche.com/pt/Content/images/boitmal/produit/zoom/2C67DE42D7FCE19DB87FA0B25D923563.jpg,,2025-09-03T23:59:59+01:00,PROSPECTUS,12,3,,
53210,8719200260313,200.0,Tulicreme,"Creme de barrar de cacau, 200g",,1.49,7.45,0,kg,€/Kg,,,https://driveimg1.intermarche.com/pt/Content/images/boitmal/produit/zoom/B830145A76E98B2DF2235A66EC3F737D.jpg,https://driveimg1.intermarche.com/pt/Content/images/boitmal/produit/zoom/227625047AD5029BEC7D9A670DE11417.jpg,https://driveimg1.intermarche.com/pt/Content/images/boitmal/produit/zoom/227625047AD5029BEC7D9A670DE11417.jpg,https://driveimg1.intermarche.com/pt/Content/images/boitmal/produit/zoom/227625047AD5029BEC7D9A670DE11417.jpg,2025-09-03T23:59:59+01:00,PROSPECTUS,12,3,https://driveimg1.intermarche.com/pt/Content/images/boitmal/produit/zoom/227625047AD5029BEC7D9A670DE11417.jpg,https://driveimg1.intermarche.com/pt/Content/images/boitmal/produit/zoom/227625047AD5029BEC7D9A670DE11417.jpg
53227,8410500028954,320.0,Danone,"Kefir Activia Natural, 320g",,1.89,5.91,0,kg,€/Kg,,,https://driveimg1.intermarche.com/pt/Content/images/boitmal/produit/zoom/3618BB9FBE5019AAC8808484291DD432.jpg,,,,2025-09-03T23:59:59+01:00,PROSPECTUS,12,3,,
53237,8445290299215,340.0,Purina One,"Comida Húmida para Cão Mini Controlo Peso, 4 x 85g",,2.24,6.59,0,kg,€/Kg,,,https://driveimg1.intermarche.com/pt/Content/images/boitmal/produit/zoom/40D134D7CE22BE39C26A49915801BF86.jpg,,,,2025-09-03T23:59:59+01:00,PROSPECTUS,12,3,,
53292,8719200265424,450.0,Becel,"Creme vegetal culinária, 450g",,2.49,5.53,0,kg,€/Kg,,,https://driveimg1.intermarche.com/pt/Content/images/boitmal/produit/zoom/731104623BFBA291592C36763AD2ACB6.jpg,https://driveimg1.intermarche.com/pt/Content/images/boitmal/produit/zoom/FE0F50DA9FD82BB1CA28828D6783A017.jpg,https://driveimg1.intermarche.com/pt/Content/images/boitmal/produit/zoom/FE0F50DA9FD82BB1CA28828D6783A017.jpg,https://driveimg1.intermarche.com/pt/Content/images/boitmal/produit/zoom/FE0F50DA9FD82BB1CA28828D6783A017.jpg,2025-09-03T23:59:59+01:00,PROSPECTUS,12,3,,
53469,5601028019941,,Renova,Rolo Cozinha Máxima Absorção Extra XXL,Embalagem de 2 unidades,1.99,1.99,2,,€/Unidade,,,https://driveimg1.intermarche.com/pt/Content/images/boitmal/produit/zoom/F4A90C9D477EA88B96B77E4FB64FF1F5.jpg,,,,2025-09-03T23:59:59+01:00,PROSPECTUS,12,3,,
54273,4006000104041,40.0,Nivea Sun,"Fluído de Rosto Diário Invisível FPS 50+, 40ml",,12.99,324.75,40,L,€/L,,,https://driveimg1.intermarche.com/pt/Content/images/boitmal/produit/zoom/B13C6039A1A364208DD620152557C1AF.jpg,,,,2025-09-03T23:59:59+01:00,PROSPECTUS,12,3,,
54275,4005900911681,270.0,Nivea Sun,"Protetor Sensitive Spray Familiar embalagem, 270ml",,14.99,55.52,270,L,€/L,,,https://driveimg1.intermarche.com/pt/Content/images/boitmal/produit/zoom/6F541934BE10FF8D5C775BBD02D1D801.jpg,https://driveimg1.intermarche.com/pt/Content/images/boitmal/produit/zoom/F980E347F685ABD3B842EED807987DE1.jpg,https://driveimg1.intermarche.com/pt/Content/images/boitmal/produit/zoom/F980E347F685ABD3B842EED807987DE1.jpg,https://driveimg1.intermarche.com/pt/Content/images/boitmal/produit/zoom/F980E347F685ABD3B842EED807987DE1.jpg,2025-09-03T23:59:59+01:00,PROSPECTUS,12,3,https://driveimg1.intermarche.com/pt/Content/images/boitmal/produit/zoom/F980E347F685ABD3B842EED807987DE1.jpg,
54277,3600542571982,400.0,Garnier,"Shampoo Ultra Suave Água de Arroz, 400ml",,3.79,9.48,400,L,€/L,,,https://driveimg1.intermarche.com/pt/Content/images/boitmal/produit/zoom/BCD88ADADB3465B3B2A59EA32CB5BB9E.jpg,,,,2025-09-03T23:59:59+01:00,PROSPECTUS,12,3,,
54385,8410436468336,,Xtra,"Detergente Máquina Roupa Líquido Universal, 100D",,10.99,10.99,0,,€/Unidade,,,https://driveimg1.intermarche.com/pt/Content/images/boitmal/produit/zoom/E8F2FF6B445C975DC5B49244638348C0.jpg,,,,2025-09-03T23:59:59+01:00,PROSPECTUS,12,3,,
54579,5604260332823,200.0,Labell Men,"Desodorizante Energy, 200ml",,1.39,6.95,200,L,€/L,,,https://driveimg1.intermarche.com/pt/Content/images/boitmal/produit/zoom/451A5441C9A7847154D99DC9B02B4E0F.jpg,,,,2025-09-03T23:59:59+01:00,PROSPECTUS,12,3,,
54671,8711327587199,2000.0,Lipton,"Ice tea limao, 2 l",,1.99,1.0,2000,L,€/L,,,https://driveimg1.intermarche.com/pt/Content/images/boitmal/produit/zoom/50E0AE93B7B2DC79031DA2E6F9D15838.jpg,,,,2025-09-03T23:59:59+01:00,PROSPECTUS,12,3,,
54685,7613035213463,375.0,Nestlé,"Cereais fitness frutas, 375 g",,3.99,10.64,0,kg,€/Kg,,,https://driveimg1.intermarche.com/pt/Content/images/boitmal/produit/zoom/45786B485CD1217DAD48C39B7DB9AD84.jpg,,,,2025-09-03T23:59:59+01:00,PROSPECTUS,12,3,,
54734,5601164906174,2400.0,Somersby,"Sidra com álcool maçã, 12 x 20 cl",,8.49,3.54,2400,L,€/L,,,https://driveimg1.intermarche.com/pt/Content/images/boitmal/produit/zoom/B977873E36981559BC398D6FE0E99BDC.jpg,,,,2025-09-03T23:59:59+01:00,PROSPECTUS,12,3,,
54785,8711327622210,330.0,Magnum,"6 gelados mini euphoria limão e framboesa, 330 ml",,4.49,13.61,330,L,€/L,,Tipo de stockagem,https://driveimg1.intermarche.com/pt/Content/images/boitmal/produit/zoom/E46B7B7899634B662DA30A4385E15B88.jpg,,,,2025-09-03T23:59:59+01:00,PROSPECTUS,12,3,,
54790,8711327621176,770.0,Magnum,"8 gelados chocolate clássico, amêndoa e chocolate branco, 770 ml",,5.99,7.78,770,L,€/L,,Tipo de stockagem,https://driveimg1.intermarche.com/pt/Content/images/boitmal/produit/zoom/9E8AC0EAF965CDDF6107434D3A13539B.jpg,,,,2025-09-03T23:59:59+01:00,PROSPECTUS,12,3,,
54811,8445290486998,250.0,Nestum,"Nestum chocolate zero +3a, 250 g",,2.24,8.96,0,kg,€/Kg,,,https://driveimg1.intermarche.com/pt/Content/images/boitmal/produit/zoom/E9CB9399D91E93DDB7A434FFF18ECCD1.jpg,,,,2025-09-03T23:59:59+01:00,PROSPECTUS,12,3,,
54896,8700216442374,275.0,Pantene,"Condicionador Pro-V Active Nutri-Plex Caracóis Perfeitos, 275ml",,3.69,13.42,275,L,€/L,,,https://driveimg1.intermarche.com/pt/Content/images/boitmal/produit/zoom/6EC57A04C9F9C56D34F130944EEE05AE.jpg,,,,2025-09-03T23:59:59+01:00,PROSPECTUS,12,3,,
54898,8700216419949,325.0,Pantene,"Champô Pro-V Active Nutri-Plex Repara E Protege, 325ml",,3.69,11.35,325,L,€/L,,,https://driveimg1.intermarche.com/pt/Content/images/boitmal/produit/zoom/EC5435A1F28F25AF2011E70C73AAEAE7.jpg,,,,2025-09-03T23:59:59+01:00,PROSPECTUS,12,3,,
55022,8711327624917,280.0,Magnum,"Gelado After Dinner, 8 x 35ml",,4.19,14.96,280,L,€/L,,Tipo de stockagem,https://driveimg1.intermarche.com/pt/Content/images/boitmal/produit/zoom/01E85D0D7CFD27050DD90D8BA136172A.jpg,,,,2025-09-03T23:59:59+01:00,PROSPECTUS,12,3,,
55027,8711327640306,204.0,Magnum,"Gelado Bombom Caramelo Salgado e Amêndoas, 12 x 17ml",,3.59,17.6,204,L,€/L,,Tipo de stockagem,https://driveimg1.intermarche.com/pt/Content/images/boitmal/produit/zoom/F77F67DDB6AF28DC10527F2C42EC7AC2.jpg,,,,2025-09-03T23:59:59+01:00,PROSPECTUS,12,3,,
55029,8711327639942,204.0,Magnum,"Gelado Bombom Double Gold Caramelo Billionaire, 12 x 17ml",,3.59,17.6,204,L,€/L,,Tipo de stockagem,https://driveimg1.intermarche.com/pt/Content/images/boitmal/produit/zoom/EDB82BC88AFCBD43955BC7A7D7026E84.jpg,,,,2025-09-03T23:59:59+01:00,PROSPECTUS,12,3,,
55114,8410500030667,600.0,Danone,"Iogurte Líquido Defesa Frutos Silvestres Tripla Ação, 6 x 100g",,3.19,5.32,0,kg,€/Kg,,,https://driveimg1.intermarche.com/pt/Content/images/boitmal/produit/zoom/D200A12D1D211E5BF53728397349DE48.jpg,,,,2025-09-03T23:59:59+01:00,PROSPECTUS,12,3,,
55262,8445291133648,220.0,Sical,"Café em Grão Torrado Clássico Int 10, 220g",,3.49,15.86,0,kg,€/Kg,,,https://driveimg1.intermarche.com/pt/Content/images/boitmal/produit/zoom/A3B1FAE386E7C5CBB48D12F7581A8659.jpg,,,,2025-09-03T23:59:59+01:00,PROSPECTUS,12,3,,
55263,8445291133372,220.0,Sical,"Café Moído Moagem Universal Tradição Int 11, 220g",,3.35,15.23,0,kg,€/Kg,,,https://driveimg1.intermarche.com/pt/Content/images/boitmal/produit/zoom/2C71B4BE8C62CE03863B42CCFD75F09E.jpg,,,,2025-09-03T23:59:59+01:00,PROSPECTUS,12,3,,
55351,8059149430058,440.0,Ultima,"Ração para Gato Sénior Esterilizado Sabor Frango, 440g",,3.59,8.16,0,kg,€/Kg,,,https://driveimg1.intermarche.com/pt/Content/images/boitmal/produit/zoom/9BDBA88AA92AB77BA5F230B27B2F954A.jpg,,,,2025-09-03T23:59:59+01:00,PROSPECTUS,12,3,,
55572,5602720011219,750.0,EA,"Vinho Tinto do Alentejo, 75cl",,6.99,9.32,750,L,€/L,,,https://driveimg1.intermarche.com/pt/Content/images/boitmal/produit/zoom/6025B057547C8267768D268D1F545485.jpg,,,,2025-09-03T23:59:59+01:00,PROSPECTUS,12,3,,
55700,3800020491515,99.0,Kit Kat,"Chocolate Leite Bolacha E Avelã, 99g",,1.99,20.1,0,kg,€/Kg,,,https://driveimg1.intermarche.com/pt/Content/images/boitmal/produit/zoom/79AA3F68D5A01F688522CD1FA7190FC0.jpg,,,,2025-09-03T23:59:59+01:00,PROSPECTUS,12,3,,
55912,8711327663695,255.0,Magnum,"Gelado Double Cherry, 3x85ml",,3.99,15.65,255,L,€/L,,Tipo de stockagem,https://driveimg1.intermarche.com/pt/Content/images/boitmal/produit/zoom/AE3706FF4753A2EF96763DEEDC74F2F5.jpg,,,,2025-09-03T23:59:59+01:00,PROSPECTUS,12,3,,
5901,5604260247523,2000.0,PorSi,Gelado Morango 2L,,2.99,1.5,2000,L,€/L,,Tipo de stockagem,https://driveimg1.intermarche.com/pt/Content/images/boitmal/produit/zoom/13F7426CDFCABFE8EA6C8AFBB2233D46.jpg,,,,2025-09-03T23:59:59+01:00,PROSPECTUS,12,3,,
6179,8000920200025,650.0,Olá,"Viennetta baunilha, embalagem de 650 ml",,2.59,3.98,650,L,€/L,,Tipo de stockagem,https://driveimg1.intermarche.com/pt/Content/images/boitmal/produit/zoom/788D43470D76B6D6336C9CB6363133EE.jpg,,,,2025-09-03T23:59:59+01:00,PROSPECTUS,12,3,,
6267,8016825926687,75.0,Aquafresh,Pasta dentífrica menta fresca,Embalagem de 75 ml,2.49,33.2,75,L,€/L,,,https://driveimg1.intermarche.com/pt/Content/images/boitmal/produit/zoom/5AF61545461116CEF40994D7E37A4C54.jpg,,,,2025-09-03T23:59:59+01:00,PROSPECTUS,12,3,,
6916,8722700086697,80.0,Knorr,"Caldo para massas 8 cubos, embalagem de 80g",,1.49,18.63,0,kg,€/Kg,,,https://driveimg1.intermarche.com/pt/Content/images/boitmal/produit/zoom/BE8691ABFCE81DBD13F7FD3C1CE2B20C.jpg,,,,2025-09-03T23:59:59+01:00,PROSPECTUS,12,3,,
8228,5600224301409,750.0,Duorum,Vinho tinto doc douro,Garrafa de 750 ml,3.79,5.05,750,L,€/L,,,https://driveimg1.intermarche.com/pt/Content/images/boitmal/produit/zoom/A7FC36650897BB257CC92B0CEEE9DB39.jpg,,,,2025-09-03T23:59:59+01:00,PROSPECTUS,12,3,,
8391,5601049159992,1000.0,Mimosa,"Leite especial cálcio + vitamina d magro, de 1l",,1.0,1.0,1000,L,€/L,,,https://driveimg1.intermarche.com/pt/Content/images/boitmal/produit/zoom/22E6964D6A2F2B922BCB40BB341AE902.jpg,,,,2025-09-03T23:59:59+01:00,PROSPECTUS,12,3,,
8415,8410500007836,600.0,Danone,"Actimel iogurte líquido tutti frutti, embalagem de 6 x 100g",,2.99,4.98,0,kg,€/Kg,,,https://driveimg1.intermarche.com/pt/Content/images/boitmal/produit/zoom/0712AE23BC1EFB6DA91FF7C37F68326A.jpg,,,,2025-09-03T23:59:59+01:00,PROSPECTUS,12,3,,
8802,5601244202363,400.0,Terra Nostra,"Queijo em fatias, embalagem de 400g",,4.19,10.48,0,kg,€/Kg,,,https://driveimg1.intermarche.com/pt/Content/images/boitmal/produit/zoom/902CA7799BBBA9029457B2CA9E0FB1C4.jpg,,,,2025-09-03T23:59:59+01:00,PROSPECTUS,12,3,,
9311,5603722502064,250.0,Mimosa,"Manteiga fácil de barrar, embalagem de 250g",,2.24,8.96,0,kg,€/Kg,,,https://driveimg1.intermarche.com/pt/Content/images/boitmal/produit/zoom/FEF75CFD36A5CE8709DF5D4930F11917.jpg,https://driveimg1.intermarche.com/pt/Content/images/boitmal/produit/zoom/A8C47E9F1F12DFE2439D3530C38E2D87.jpg,https://driveimg1.intermarche.com/pt/Content/images/boitmal/produit/zoom/2EE410FD3A0147BBB442FA96902FFF46.jpg,,2025-09-03T23:59:59+01:00,PROSPECTUS,12,3,,
9946,7622300654177,171.0,Triunfo,"Bolachas digestive go aveia, embalagem de 170g",,1.84,10.76,0,kg,€/Kg,,,https://driveimg1.intermarche.com/pt/Content/images/boitmal/produit/zoom/30F7AC33ACBD735497686192B346850D.jpg,,,,2025-09-03T23:59:59+01:00,PROSPECTUS,12,3,,
996,5601038005064,80.0,Knorr,"Caldo de legumes 8 cubos, embalagem de 80g",,1.49,18.63,0,kg,€/Kg,,,https://driveimg1.intermarche.com/pt/Content/images/boitmal/produit/zoom/6F28E4D3F3D86011504BC554235AD652.jpg,,,,2025-09-03T23:59:59+01:00,PROSPECTUS,12,3,,
13915,2891249000000,2000.0,Peru,Perna com Osso,Vendido ao peso,7.98,3.99,0,,€/Kg,,,https://driveimg1.intermarche.com/pt/Content/images/boitmal/produit/zoom/EA6C55F440DB29FDE55EB019973B1FE5.jpg,,,,2025-09-03T23:59:59+01:00,PROSPECTUS,12,3,,
19414,5601028024716,,Renova,"Papel Higiénico Puríssimo 3 Folhas, embalagem c/ 12 rolos",,4.99,4.99,0,,€/Unidade,,,https://driveimg1.intermarche.com/pt/Content/images/boitmal/produit/zoom/6371FB49C9F37CFE36AA4E28DFBAAFF4.jpg,,,,2025-09-03T23:59:59+01:00,PROSPECTUS,12,3,,
47102,5603722520198,250.0,Mimosa,"Manteiga com sal e sem lactose, embalagem de 250g",,2.44,9.76,0,kg,€/Kg,,,https://driveimg1.intermarche.com/pt/Content/images/boitmal/produit/zoom/93C16F859411D0EBAFBF43E49FD1DA1B.jpg,https://driveimg1.intermarche.com/pt/Content/images/boitmal/produit/zoom/03F85375587D6FDFB4925819A11BDAE0.jpg,https://driveimg1.intermarche.com/pt/Content/images/boitmal/produit/zoom/851EE75BBBA7A9986AE9578DEC17E3F9.jpg,,2025-09-03T23:59:59+01:00,PROSPECTUS,12,3,,
4687,5000116105212,375.0,Iglo,"Ervilhas, embalagem de 375g",,1.89,5.04,0,kg,€/Kg,,Tipo de stockagem,https://driveimg1.intermarche.com/pt/Content/images/boitmal/produit/zoom/6C528FEBBEDC5462386A3AB117EEBFD4.jpg,,,,2025-09-03T23:59:59+01:00,PROSPECTUS,12,3,,
24415,8410436299961,1300.0,Sonasol,"Lava tudo lavanda, 1,3l",,2.19,1.68,1300,L,€/L,,,https://driveimg1.intermarche.com/pt/Content/images/boitmal/produit/zoom/7357FEB6EC6D53B795AF0EA5889F5ADF.jpg,,,,2025-09-03T23:59:59+01:00,PROSPECTUS,12,3,,
17189,5603344531107,110.0,General,"Atum em posta, em azeite, embalagem de 110g",,1.49,13.55,0,kg,€/Kg,,,https://driveimg1.intermarche.com/pt/Content/images/boitmal/produit/zoom/9B578FD57DAE66EA731A200412CF6D79.jpg,,,,2025-09-03T23:59:59+01:00,PROSPECTUS,12,3,,
8413,8410500008932,600.0,Danone,"Actimel iogurte líquido de morango, de 6 x 100g",,2.99,4.98,0,kg,€/Kg,,,https://driveimg1.intermarche.com/pt/Content/images/boitmal/produit/zoom/F5F985DE2C1FEBCCE4ED6002098F416C.jpg,,,,2025-09-03T23:59:59+01:00,PROSPECTUS,12,3,,
958,5601019012401,500.0,Guloso,Polpa de Tomate,Embalagem de 500g,1.09,2.18,0,kg,€/Kg,,,https://driveimg1.intermarche.com/pt/Content/images/boitmal/produit/zoom/0CE0E0ED1941D8AA40077B3BCCD426E3.jpg,,,,2025-09-03T23:59:59+01:00,PROSPECTUS,12,3,,
8520,5601119956490,120.0,Nobre,"Fiambre perna extra finissimos fatiado, embalagem de 120g",,1.99,16.58,0,kg,€/Kg,,,https://driveimg1.intermarche.com/pt/Content/images/boitmal/produit/zoom/15C8ADF2CEDA2C19A63D893348F1D7F5.jpg,,,,2025-09-03T23:59:59+01:00,PROSPECTUS,12,3,,
1120,5601066301718,500.0,Nacional,"Massa de espirais, embalagem de 500g",,0.89,1.78,0,kg,€/Kg,,,https://driveimg1.intermarche.com/pt/Content/images/boitmal/produit/zoom/B50E4B0B2C4856A819A2FF672D887104.jpg,,,,2025-09-03T23:59:59+01:00,PROSPECTUS,12,3,,
8521,5601119956810,120.0,Nobre,"Fiambre perna extra fatiado, embalagem de 120g",,1.99,16.58,0,kg,€/Kg,,,https://driveimg1.intermarche.com/pt/Content/images/boitmal/produit/zoom/B962872D940BF7EEEBDD095332A56017.jpg,,,,2025-09-03T23:59:59+01:00,PROSPECTUS,12,3,,
38148,5603722519123,1000.0,Milhafre,Leite de Pastagem Biológico Meio Gordo,1 litro,1.18,1.18,1000,L,€/L,,Produtos Bio,https://driveimg1.intermarche.com/pt/Content/images/boitmal/produit/zoom/DCB3EAE989BC2DDA8E3D76C140D59BA5.jpg,,,,2025-09-03T23:59:59+01:00,PROSPECTUS,12,3,,
41298,5601050036541,440.0,Danone,"Iogurte oikos natural,  4 x 110g",,2.49,5.66,0,kg,€/Kg,,,https://driveimg1.intermarche.com/pt/Content/images/boitmal/produit/zoom/100CC1C1966D7A85865BF44E424F358B.jpg,,,,2025-09-03T23:59:59+01:00,PROSPECTUS,12,3,,
37443,7613037040869,250.0,Nestum,"Nestum zero espelta/aveia, embalagem de 250g",,2.24,8.96,0,kg,€/Kg,,,https://driveimg1.intermarche.com/pt/Content/images/boitmal/produit/zoom/BF80E2BF1A95765256612BEC5A65D8DD.jpg,,,,2025-09-03T23:59:59+01:00,PROSPECTUS,12,3,,
1010,5601038300091,240.0,Knorr,"Caldo de galinha 24 cubos, embalagem de 240g",,2.49,10.38,0,kg,€/Kg,,,https://driveimg1.intermarche.com/pt/Content/images/boitmal/produit/zoom/4E25834255892D5C9C1047A286FE9847.jpg,,,,2025-09-03T23:59:59+01:00,PROSPECTUS,12,3,,
25214,7613035930551,90.0,Nestlé,"Fruta para bebé maçã banana morango +8 meses, embalagem de 90g",,0.65,7.22,0,kg,€/Kg,,,https://driveimg1.intermarche.com/pt/Content/images/boitmal/produit/zoom/A2E1B043C34553B91FFED35123D220EC.jpg,,,,2025-09-03T23:59:59+01:00,PROSPECTUS,12,3,,
36657,5601217132673,500.0,Cillitbang,"Spray lixívia e higiene, de 500 ml",,2.49,4.98,500,L,€/L,,,https://driveimg1.intermarche.com/pt/Content/images/boitmal/produit/zoom/D9B27A41A222F2F218026715A414F2D0.jpg,,,,2025-09-03T23:59:59+01:00,PROSPECTUS,12,3,,
1187,5601119007963,120.0,Nobre,"6 salsichas de porco, lata de 120g",,1.04,8.67,0,kg,€/Kg,,,https://driveimg1.intermarche.com/pt/Content/images/boitmal/produit/zoom/024D21F90F760BFDC12CBD7EB02BECC6.jpg,,,,2025-09-03T23:59:59+01:00,PROSPECTUS,12,3,,
13094,2893070000000,150.0,Peixaria,Carapau Médio Fresco,1 un = 150 gr (aprox.),0.52,3.49,0,,€/Kg,,,https://driveimg1.intermarche.com/pt/Content/images/boitmal/produit/zoom/9E2B2401113767EAD496436587CA5A46.jpg,,,,2025-09-03T23:59:59+01:00,PROSPECTUS,12,3,,
53007,5603722520105,1000.0,Milhafre,"Leite De Pastagem Magro, 1l",,0.89,0.89,1000,L,€/L,,,https://driveimg1.intermarche.com/pt/Content/images/boitmal/produit/zoom/299C37D166CA38EDBA2E0A4C61421ACE.jpg,,,,2025-09-03T23:59:59+01:00,PROSPECTUS,12,3,,
54361,8410104915186,,Finish,"Detergente Loiça Máquina Quantum Limão, 28 Pastilhas",,5.99,5.99,0,,€/Unidade,,,https://driveimg1.intermarche.com/pt/Content/images/boitmal/produit/zoom/AF6445EE2B2537230E8784866A377CB3.jpg,,,,2025-09-03T23:59:59+01:00,PROSPECTUS,12,3,,
26455,8006540830840,1250.0,Fairy,Detergente Líquido p/ Lavar Loiça Platinum Original,"Embalagem de 1,25 l",4.99,3.99,1250,L,€/L,,,https://driveimg1.intermarche.com/pt/Content/images/boitmal/produit/zoom/F9FB16396CA6333A721D98D1F2F69B67.jpg,,,,2025-09-03T23:59:59+01:00,PROSPECTUS,12,3,,
47110,7613287218766,110.0,Nestlé,Bolsitas de puré de multifrutas,Embalagem de 110g,0.79,7.18,0,kg,€/Kg,,,https://driveimg1.intermarche.com/pt/Content/images/boitmal/produit/zoom/3A0DC006BA90FE4ED51AF00C38870697.jpg,,,,2025-09-03T23:59:59+01:00,PROSPECTUS,12,3,,
32158,4015400917328,480.0,Fairy,"Detergente Liquido da Loiça Limão, 480 ml",,2.54,5.29,480,L,€/L,,,https://driveimg1.intermarche.com/pt/Content/images/boitmal/produit/zoom/4E2BD689329F214554584573973F36ED.jpg,,,,2025-09-03T23:59:59+01:00,PROSPECTUS,12,3,,
43544,5604260309979,2000.0,PorSi,Amaciador Concentrado Petalas Rosa 2L,,1.69,0.85,2000,L,€/L,,,https://driveimg1.intermarche.com/pt/Content/images/boitmal/produit/zoom/81964F59ADE9E3426982618AE63C078D.jpg,,,,2025-09-03T23:59:59+01:00,PROSPECTUS,12,3,,
45773,5054563087829,75.0,Aquafresh,"Pasta dentífrica eucalipto, lima e menta",Embalagem de 75ml,2.39,31.87,75,L,€/L,,,https://driveimg1.intermarche.com/pt/Content/images/boitmal/produit/zoom/1F94A046F2A6C727F7B6BE2D468B428F.jpg,,,,2025-09-03T23:59:59+01:00,PROSPECTUS,12,3,,
46517,5000204208917,750.0,Pato,"Líquido sanitário ação total pinho, 750 ml",,1.94,2.59,750,L,€/L,,,https://driveimg1.intermarche.com/pt/Content/images/boitmal/produit/zoom/08C17A1F547C898E2E6E9CBB3441BB2A.jpg,,,,2025-09-03T23:59:59+01:00,PROSPECTUS,12,3,,
47034,8714100827666,160.0,Knorr,"Caldo galinha receita económica, embalagem de 160g",,1.29,8.06,0,kg,€/Kg,,,https://driveimg1.intermarche.com/pt/Content/images/boitmal/produit/zoom/54D2297B42302C9BEB14DE9BF8F6F3CF.jpg,,,,2025-09-03T23:59:59+01:00,PROSPECTUS,12,3,,
51896,8719200253377,400.0,Planta,"Creme vegetal para barrar original, 400g",,2.54,6.35,0,kg,€/Kg,,,https://driveimg1.intermarche.com/pt/Content/images/boitmal/produit/zoom/0265DFAAA6CC23B5D28B5523E860ECEF.jpg,,,,2025-09-03T23:59:59+01:00,PROSPECTUS,12,3,,
13541,2893533000000,250.0,Congelado de Aquicultura,Camarão Congelado 60/80,1 un = 250 gr  (aprox.),1.75,6.99,0,,€/Kg,,Avantages !,https://driveimg1.intermarche.com/pt/Content/images/boitmal/produit/zoom/29A2DFA509FFDAFCD18E7F308BD753B4.jpg,,,,2025-09-03T23:59:59+01:00,PROSPECTUS,12,3,,
19607,7613035376625,90.0,Nestlé,Fruta para bebé maçã banana aveia +6 meses,Embalagem de 90g,0.65,7.22,0,kg,€/Kg,,,https://driveimg1.intermarche.com/pt/Content/images/boitmal/produit/zoom/63EF160EDC28D2A349A30B7555DC57D7.jpg,,,,2025-09-03T23:59:59+01:00,PROSPECTUS,12,3,,
29738,8410436324533,1300.0,Sonasol,"Lava Tudo Flores Montanha, 1.3 l",,2.19,1.68,1300,L,€/L,,,https://driveimg1.intermarche.com/pt/Content/images/boitmal/produit/zoom/13FBFB2C777E7C44B0340328520A2D41.jpg,,,,2025-09-03T23:59:59+01:00,PROSPECTUS,12,3,,
42841,5604260307869,100.0,PorSi,Queijo Flamengo Sticks 5X20G,,1.59,15.9,0,kg,€/Kg,,,https://driveimg1.intermarche.com/pt/Content/images/boitmal/produit/zoom/7A865A047C280635359F45C9780680C4.jpg,https://driveimg1.intermarche.com/pt/Content/images/boitmal/produit/zoom/0C018978A9472C7823567BD24C2B49D6.jpg,https://driveimg1.intermarche.com/pt/Content/images/boitmal/produit/zoom/0C018978A9472C7823567BD24C2B49D6.jpg,https://driveimg1.intermarche.com/pt/Content/images/boitmal/produit/zoom/0C018978A9472C7823567BD24C2B49D6.jpg,2025-09-03T23:59:59+01:00,PROSPECTUS,12,3,https://driveimg1.intermarche.com/pt/Content/images/boitmal/produit/zoom/0C018978A9472C7823567BD24C2B49D6.jpg,https://driveimg1.intermarche.com/pt/Content/images/boitmal/produit/zoom/0C018978A9472C7823567BD24C2B49D6.jpg
6988,0000056090017,100.0,Eru,Queijo creme real,Embalagem de 100 g,1.38,13.8,0,kg,€/Kg,,,https://driveimg1.intermarche.com/pt/Content/images/boitmal/produit/zoom/903838029622B2F4259D8E514B009979.jpg,,,,2025-09-03T23:59:59+01:00,PROSPECTUS,12,3,,
12356,8410108122535,,Dodot,Toalhitas Sensitive |Recarga,Pack: 4 x54 unidades,5.99,5.99,0,,€/Unidade,,,https://driveimg1.intermarche.com/pt/Content/images/boitmal/produit/zoom/2D442A68E931C2DF1957ADA0EF3AD2F3.jpg,https://driveimg1.intermarche.com/pt/Content/images/boitmal/produit/zoom/47D40D02C955E98DB96B03E04432FF85.jpg,https://driveimg1.intermarche.com/pt/Content/images/boitmal/produit/zoom/47D40D02C955E98DB96B03E04432FF85.jpg,,2025-09-03T23:59:59+01:00,PROSPECTUS,12,3,,
17920,5602417101575,5000.0,Courelas d'Alqueva,Vinho bag-in-box tinto,Garrafa de 5 l,6.49,1.3,5000,L,€/L,,,https://driveimg1.intermarche.com/pt/Content/images/boitmal/produit/zoom/50F27F2A3BA8F2DFBF7A0B52395D8EDC.jpg,,,,2025-09-03T23:59:59+01:00,PROSPECTUS,12,3,,
18350,8410320148245,80.0,Campofrio,Chouriço fatiado,Embalagem de 80g,1.59,19.88,0,kg,€/Kg,,,https://driveimg1.intermarche.com/pt/Content/images/boitmal/produit/zoom/C3DD6539D50EC6C28C822B12B80D5795.jpg,,,,2025-09-03T23:59:59+01:00,PROSPECTUS,12,4,,
24369,5601050033045,620.0,Danone,"Iogurte líquido morango / kiwi corpos danone, embalagem de 4 x 155g",,1.89,3.05,0,kg,€/Kg,,,https://driveimg1.intermarche.com/pt/Content/images/boitmal/produit/zoom/4DF8E752E36F802BC82CCB72970E5D9F.jpg,,,,2025-09-03T23:59:59+01:00,PROSPECTUS,12,4,,
35652,5603722517440,750.0,Mimosa,"Bebida cálcio sem lactose + proteína, embalagem de 3 x 250 ml",,2.79,3.72,750,L,€/L,,,https://driveimg1.intermarche.com/pt/Content/images/boitmal/produit/zoom/3BF01E4C848A88E512E9DE591C8608E4.jpg,https://driveimg1.intermarche.com/pt/Content/images/boitmal/produit/zoom/125C9D1092125B3BF7F626465A710366.jpg,https://driveimg1.intermarche.com/pt/Content/images/boitmal/produit/zoom/D55403D07574DB9841CBC2E986BD092B.jpg,https://driveimg1.intermarche.com/pt/Content/images/boitmal/produit/zoom/9CE43F9767873E3B88A8F371593A237D.jpg,2025-09-03T23:59:59+01:00,PROSPECTUS,12,4,,
44809,7613035593756,1000.0,Nesquik,"Achocolatado em saco, embalagem de 1 kg",,6.59,6.59,0,kg,€/Kg,,,https://driveimg1.intermarche.com/pt/Content/images/boitmal/produit/zoom/B72BED7B45B21CF0D0F77A499251A582.jpg,,,,2025-09-03T23:59:59+01:00,PROSPECTUS,12,4,,
14585,8414516074554,100.0,Florette,"Salada antioxidante, 100g",,1.49,14.9,0,kg,€/Kg,,,https://driveimg1.intermarche.com/pt/Content/images/boitmal/produit/zoom/87AD22D6D21C8388359D48D3BFA701BC.jpg,,,,2025-09-03T23:59:59+01:00,PROSPECTUS,12,4,,
24414,8410436297691,1300.0,Sonasol,"Lava tudo camomila e flor de laranjeira, 1,3l",,2.24,1.72,1300,L,€/L,,,https://driveimg1.intermarche.com/pt/Content/images/boitmal/produit/zoom/C67C521AD0B096D9F596A17B56363CA4.jpg,,,,2025-09-03T23:59:59+01:00,PROSPECTUS,12,4,,
25215,7613035930582,90.0,Nestlé,"Fruta para bebé maçã manga +6 meses, embalagem de 90g",,0.65,7.22,0,kg,€/Kg,,,https://driveimg1.intermarche.com/pt/Content/images/boitmal/produit/zoom/1A0BFDB38CDBA8991FD9074B384368B9.jpg,,,,2025-09-03T23:59:59+01:00,PROSPECTUS,12,4,,
48345,5604260318414,150.0,Porsi Vivabem,Queijo Gouda Sem Lactose Fatiado 150G,,1.79,11.93,0,kg,€/Kg,,,https://driveimg1.intermarche.com/pt/Content/images/boitmal/produit/zoom/22C952CD8FFE4AA93EF3C9EB4961E5EF.jpg,,,,2025-09-03T23:59:59+01:00,PROSPECTUS,12,4,,
52934,5603722522550,600.0,Agros,"Bebida láctea café, 3 x 200ml",,1.85,3.08,600,L,€/L,,,https://driveimg1.intermarche.com/pt/Content/images/boitmal/produit/zoom/933624CF1FEE0BDFC20D8185815B8800.jpg,,,,2025-09-03T23:59:59+01:00,PROSPECTUS,12,4,,
8068,5011417544679,400.0,Finish,Abrilhantador p/ máquina de lavar loiça,Garrafa de 400 ml,4.99,12.48,400,L,€/L,,,https://driveimg1.intermarche.com/pt/Content/images/boitmal/produit/zoom/5D045CC65EE222532216DB5B0BF2A582.jpg,,,,2025-09-03T23:59:59+01:00,PROSPECTUS,12,4,,
13577,2893572000000,200.0,Peixaria,Pota Inteira Congelada,1 un= 200 gr (aprox.),1.0,4.99,0,,€/Kg,,Avantages !,https://driveimg1.intermarche.com/pt/Content/images/boitmal/produit/zoom/B2D6321EA80C5271A6C9DE3162C36D95.jpg,,,,2025-09-03T23:59:59+01:00,PROSPECTUS,12,4,,
14337,3387390320008,141.0,Nestlé,"Barras fitness com chocolate, embalagem de 140g",,2.39,16.95,0,kg,€/Kg,,,https://driveimg1.intermarche.com/pt/Content/images/boitmal/produit/zoom/60AE623A4FF700F6FDA38FA5729DE5A4.jpg,,,,2025-09-03T23:59:59+01:00,PROSPECTUS,12,4,,
17114,5000116110148,320.0,Capitão Iglo,"4 hamburguers vaca sem glúten, embalagem de 320g",,4.49,14.03,0,kg,€/Kg,,Tipo de stockagem,https://driveimg1.intermarche.com/pt/Content/images/boitmal/produit/zoom/F31F98EC751272F860D1F790EE53DF35.jpg,,,,2025-09-03T23:59:59+01:00,PROSPECTUS,12,4,,
21052,8435257034270,640.0,Nestlé,"Iogurte líquido yoggi, sem lactose, morango/banana, embalagem de 4 x 160g",,2.19,3.42,0,kg,€/Kg,,,https://driveimg1.intermarche.com/pt/Content/images/boitmal/produit/zoom/2F9637E1E7F59896708553BA46B62C91.jpg,,,,2025-09-03T23:59:59+01:00,PROSPECTUS,12,4,,
34329,5999884034469,250.0,Hell,Bebida energética hell,Garrafa de 250 ml,0.79,3.16,250,L,€/L,,,https://driveimg1.intermarche.com/pt/Content/images/boitmal/produit/zoom/1075218D3A34A21E3FA52C7E6942C8C8.jpg,,,,2025-09-03T23:59:59+01:00,PROSPECTUS,12,4,,
48092,5604260322435,85.0,PorSi Select,Alimento Humido Gato Adulto Com Frango 85G,,0.59,6.94,0,kg,€/Kg,,,https://driveimg1.intermarche.com/pt/Content/images/boitmal/produit/zoom/D84CC7B70A355206695BB81A8F5D3D9E.jpg,,,,2025-09-03T23:59:59+01:00,PROSPECTUS,12,4,,
8388,5601049152993,1000.0,Mimosa,"Leite especial cálcio + vitamina d m/g, de 1l",,1.0,1.0,1000,L,€/L,,,https://driveimg1.intermarche.com/pt/Content/images/boitmal/produit/zoom/AE995344CF7D57F674EA8EE465C57CA4.jpg,,,,2025-09-03T23:59:59+01:00,PROSPECTUS,12,4,,
942,5601001324109,100.0,Nescafé,"Café solúvel gold, embalagem de 100g",,5.69,56.9,0,kg,€/Kg,,,https://driveimg1.intermarche.com/pt/Content/images/boitmal/produit/zoom/56AF775E1D437B4623D4E42AE4DAA827.jpg,,,,2025-09-03T23:59:59+01:00,PROSPECTUS,12,4,,
2284,5604260270149,420.0,PorSi,Sopa Da Pedra 420G,,2.49,5.93,0,kg,€/Kg,,,https://driveimg1.intermarche.com/pt/Content/images/boitmal/produit/zoom/EE7D8687486D0C826657E733CF30256F.jpg,,,,2025-09-03T23:59:59+01:00,PROSPECTUS,12,4,,
24413,8410436297783,1300.0,Sonasol,"Lava tudo PH neutro, embalagem de 1,3l",,2.19,1.68,1300,L,€/L,,,https://driveimg1.intermarche.com/pt/Content/images/boitmal/produit/zoom/40B27BFEEAC61B53B8E103581B41FECE.jpg,,,,2025-09-03T23:59:59+01:00,PROSPECTUS,12,4,,
33884,2893837000000,1500.0,Peixaria,Peixe espada preto inteiro,Vendido ao peso,11.99,7.99,0,,€/Kg,,,https://driveimg1.intermarche.com/pt/Content/images/boitmal/produit/zoom/0C1CA3DE6B16A13335042AAFE1F612D6.jpg,,,,2025-09-03T23:59:59+01:00,PROSPECTUS,12,4,,
54362,8410104914127,,Finish,"Detergente loiça máquina ultimate limão, 32 pastilhas",,8.99,8.99,32,,€/Unidade,,,https://driveimg1.intermarche.com/pt/Content/images/boitmal/produit/zoom/1D3A215F5E688CA6FF7E7D1EDBD7C601.jpg,,,,2025-09-03T23:59:59+01:00,PROSPECTUS,12,4,,
11960,5603722505300,250.0,Mimosa,"Manteiga magra, embalagem de 250g",,2.09,8.36,0,kg,€/Kg,,,https://driveimg1.intermarche.com/pt/Content/images/boitmal/produit/zoom/C74CBDA10A089507D586E060E46ABF03.jpg,https://driveimg1.intermarche.com/pt/Content/images/boitmal/produit/zoom/C2F91C79228A3ADF27E4AEC55908D66D.jpg,https://driveimg1.intermarche.com/pt/Content/images/boitmal/produit/zoom/8234260C017BAB3AE2C659FDE5BBED44.jpg,,2025-09-03T23:59:59+01:00,PROSPECTUS,12,4,,
14344,3387390406719,150.0,Nestlé,"Barras de cereais nesquik, embalagem de 150g",,2.39,15.93,0,kg,€/Kg,,,https://driveimg1.intermarche.com/pt/Content/images/boitmal/produit/zoom/4878F7C89F5570C091D36337F3638AB8.jpg,,,,2025-09-03T23:59:59+01:00,PROSPECTUS,12,4,,
31554,8435257039138,1280.0,Nestlé,"Nestlé - iogurte líquido de tutti-frutti, pack 8 x 160 g",,3.89,3.04,0,kg,€/Kg,,,https://driveimg1.intermarche.com/pt/Content/images/boitmal/produit/zoom/FBACDDE5448B1E7990331AE3CC79D8AF.jpg,,,,2025-09-03T23:59:59+01:00,PROSPECTUS,12,4,,
35753,8001841240640,270.0,Pantene,Creme para pentear caracóis,270 ml,5.99,22.19,270,L,€/L,,,https://driveimg1.intermarche.com/pt/Content/images/boitmal/produit/zoom/574B3E314AF635DCDB9A6448E3C017C1.jpg,,,,2025-09-03T23:59:59+01:00,PROSPECTUS,12,4,,
36806,8001090639011,300.0,Pantene,Champô 3 em 1 anti-caspa,Embalagem de 300 ml,4.74,15.8,300,L,€/L,,,https://driveimg1.intermarche.com/pt/Content/images/boitmal/produit/zoom/63F1C2B8DA28084708D48EB2853A6BE4.jpg,,,,2025-09-03T23:59:59+01:00,PROSPECTUS,12,4,,
42165,5604260307586,200.0,Porsi Vivabem,Creme Soja Uht Culinário 200Ml,,0.99,4.95,200,L,€/L,,,https://driveimg1.intermarche.com/pt/Content/images/boitmal/produit/zoom/3088AAE479B32A9B5AAF6F16464F6A71.jpg,https://driveimg1.intermarche.com/pt/Content/images/boitmal/produit/zoom/84D9CD21A433B6316249CB71F439AA86.jpg,https://driveimg1.intermarche.com/pt/Content/images/boitmal/produit/zoom/84D9CD21A433B6316249CB71F439AA86.jpg,https://driveimg1.intermarche.com/pt/Content/images/boitmal/produit/zoom/84D9CD21A433B6316249CB71F439AA86.jpg,2025-09-03T23:59:59+01:00,PROSPECTUS,12,4,https://driveimg1.intermarche.com/pt/Content/images/boitmal/produit/zoom/84D9CD21A433B6316249CB71F439AA86.jpg,https://driveimg1.intermarche.com/pt/Content/images/boitmal/produit/zoom/84D9CD21A433B6316249CB71F439AA86.jpg
53000,8410199025357,170.0,LayS,Batatas gourmet finissima 170 g,,2.69,15.82,0,kg,€/Kg,,,https://driveimg1.intermarche.com/pt/Content/images/boitmal/produit/zoom/C1F9A5A136798AD56EECF2676BEF2065.jpg,https://driveimg1.intermarche.com/pt/Content/images/boitmal/produit/zoom/477A3ECD46364DE018D2E409C1F73223.jpg,https://driveimg1.intermarche.com/pt/Content/images/boitmal/produit/zoom/477A3ECD46364DE018D2E409C1F73223.jpg,https://driveimg1.intermarche.com/pt/Content/images/boitmal/produit/zoom/477A3ECD46364DE018D2E409C1F73223.jpg,2025-09-03T23:59:59+01:00,PROSPECTUS,12,4,,
13537,2893529000000,250.0,Peixaria,Sardinha Congelada,1 un = 250 gr  (aprox.),0.75,2.99,0,,€/Kg,,Avantages !,https://driveimg1.intermarche.com/pt/Content/images/boitmal/produit/zoom/20CBBBB0702ADDE0888E404D1EC78925.jpg,,,,2025-09-03T23:59:59+01:00,PROSPECTUS,12,4,,
2593,7622300366827,171.0,Triunfo,"Bolachas digestivas go maçã, embalagem de 170g",,1.84,10.76,0,kg,€/Kg,,,https://driveimg1.intermarche.com/pt/Content/images/boitmal/produit/zoom/659BBCAC39DF39F8F177E1A9DE86EA26.jpg,,,,2025-09-03T23:59:59+01:00,PROSPECTUS,12,4,,
2606,7622300744663,220.0,Oreo,Bolachas,Embalagem de 220g,1.94,8.82,0,kg,€/Kg,,,https://driveimg1.intermarche.com/pt/Content/images/boitmal/produit/zoom/79CFD9DF7EB2F196A9856E929D39A2F7.jpg,,,,2025-09-03T23:59:59+01:00,PROSPECTUS,12,4,,
48922,8006540417072,300.0,Pantene,Máscara Caracóis Perfeitos,300 ml,4.94,16.47,300,L,€/L,,,https://driveimg1.intermarche.com/pt/Content/images/boitmal/produit/zoom/025366923064A3F3F548E755A8D57055.jpg,,,,2025-09-03T23:59:59+01:00,PROSPECTUS,12,4,,
49820,5603722520716,750.0,Mimosa,"Leite uht proteína café, pack 3 x 250 ml",,2.79,3.72,750,L,€/L,,,https://driveimg1.intermarche.com/pt/Content/images/boitmal/produit/zoom/48F4EA7A4852E9424196C65A31FE2582.jpg,https://driveimg1.intermarche.com/pt/Content/images/boitmal/produit/zoom/411D145ABC465CAC7D63421217C7C4BA.jpg,https://driveimg1.intermarche.com/pt/Content/images/boitmal/produit/zoom/D603E1E636FFDC97D12DCCB329B68EBF.jpg,https://driveimg1.intermarche.com/pt/Content/images/boitmal/produit/zoom/5B12A42DD54A8419BEE9956642FA18F9.jpg,2025-09-03T23:59:59+01:00,PROSPECTUS,12,4,,
52785,5900020043504,310.0,Nestlé,"Cereais Fibra Fitness 0% Mel, 310g",,3.34,10.77,0,kg,€/Kg,,,https://driveimg1.intermarche.com/pt/Content/images/boitmal/produit/zoom/8279A6B5BC166AA60A43E6EF7802287B.jpg,,,,2025-09-03T23:59:59+01:00,PROSPECTUS,12,4,,
1420,5601252107131,250.0,Gallo,"Vinagre balsâmico modena, garrafa de 250 ml",,1.69,6.76,250,L,€/L,,,https://driveimg1.intermarche.com/pt/Content/images/boitmal/produit/zoom/3BCA292B56E66BEBFC003AE7946066AE.jpg,,,,2025-09-03T23:59:59+01:00,PROSPECTUS,12,4,,
14573,8414516001031,250.0,Florette,"Salada 4 estações, embalagem de 250 g",,1.49,5.96,0,kg,€/Kg,,,https://driveimg1.intermarche.com/pt/Content/images/boitmal/produit/zoom/544687527BD5EA27DA44855884673ABD.jpg,,,,2025-09-03T23:59:59+01:00,PROSPECTUS,12,4,,
20620,7613031497126,375.0,Nestlé,"Cereais fitness chocolate preto, embalagem de 375g",,3.99,10.64,0,kg,€/Kg,,,https://driveimg1.intermarche.com/pt/Content/images/boitmal/produit/zoom/20CCA311279667ADD25FA01E9050F1D6.jpg,,,,2025-09-03T23:59:59+01:00,PROSPECTUS,12,4,,
29739,8410436324502,1300.0,Sonasol,"Lava Tudo Leite de Amêndoa, 1.3 l",,2.19,1.68,1300,L,€/L,,,https://driveimg1.intermarche.com/pt/Content/images/boitmal/produit/zoom/F0C3F7396A3707DA471842E1F133DA93.jpg,,,,2025-09-03T23:59:59+01:00,PROSPECTUS,12,4,,
37045,5601217132659,500.0,Cillitbang,"Spray bolor e sujidade, garrafa de 500 ml",,2.49,4.98,500,L,€/L,,,https://driveimg1.intermarche.com/pt/Content/images/boitmal/produit/zoom/2A51671BCEA4544BF377B06769DE1169.jpg,,,,2025-09-03T23:59:59+01:00,PROSPECTUS,12,4,,
45380,5601050036954,620.0,Danone,"Iogurte magro corpos danone líquido frutos tropicais, 4 x 155 g",,1.89,3.05,0,kg,€/Kg,,,https://driveimg1.intermarche.com/pt/Content/images/boitmal/produit/zoom/231284A4A018EB1BDB97D1E53DC7ECFE.jpg,,,,2025-09-03T23:59:59+01:00,PROSPECTUS,12,4,,
48011,5603722520068,800.0,Agros,"Leite com chocolate meio gordo sem lactose, 4 x 200 ml",,1.99,2.49,800,L,€/L,,,https://driveimg1.intermarche.com/pt/Content/images/boitmal/produit/zoom/534AAD13A7F896FDBA98EB7001B680B9.jpg,,,,2025-09-03T23:59:59+01:00,PROSPECTUS,12,4,,
48682,3017760363396,75.0,Mikado,Biscoito chocolate de leite,Embalagem de 75g,1.99,26.53,0,kg,€/Kg,,,https://driveimg1.intermarche.com/pt/Content/images/boitmal/produit/zoom/F26718A2EDE559B35C82158FB1B88E7A.jpg,,,,2025-09-03T23:59:59+01:00,PROSPECTUS,12,4,,
12468,8435250439584,256.0,Nestlé,"Iogurte mix in smarties morango, embalagem de 2 x 128 g",,2.19,8.55,0,kg,€/Kg,,,https://driveimg1.intermarche.com/pt/Content/images/boitmal/produit/zoom/546EB338CC6149CC0CDDECE6E5ABF48D.jpg,,,,2025-09-03T23:59:59+01:00,PROSPECTUS,12,4,,
16857,5603344531114,110.0,General,Atum natural,Embalagem de 110g,1.1,10.0,0,kg,€/Kg,,,https://driveimg1.intermarche.com/pt/Content/images/boitmal/produit/zoom/D147FF3405CBBBAF67756FEDE1B5317A.jpg,,,,2025-09-03T23:59:59+01:00,PROSPECTUS,12,4,,
27897,5604260326952,385.0,Labell,Condicionador Abacate e Karité Cabelos Secos,Embalagem de 385 ml,1.83,4.75,385,L,€/L,,,https://driveimg1.intermarche.com/pt/Content/images/boitmal/produit/zoom/9901757DCD30D8A36FC075A204D88CFF.jpg,,,,2025-09-03T23:59:59+01:00,PROSPECTUS,12,4,,
300,0011210000889,60.0,Tabasco,Molho picante,Garrafa de 60 ml,2.37,39.5,60,L,€/L,,,https://driveimg1.intermarche.com/pt/Content/images/boitmal/produit/zoom/513E7907BD2D93422664E790FE0A1850.jpg,,,,2025-09-03T23:59:59+01:00,PROSPECTUS,12,4,,
32279,8001090229168,,Ausonia,Pensos com Abas de Noite,embalagem com 9 un.,1.94,1.94,0,,€/Unidade,,,https://driveimg1.intermarche.com/pt/Content/images/boitmal/produit/zoom/7B058B845CC4022D52A23EBEB340E566.jpg,,,,2025-09-03T23:59:59+01:00,PROSPECTUS,12,4,,
