identifier,produitEan13,capacite,marque,libelle,conditionnement,prix,unitPrice,volume,typeProduit_uniteByCode,unit_value,pictogrammes_0,pictogrammes_libelleCategorie,images_0,images_1,images_2,avantages_dateFin,avantages_categorie,nro_paginas,page,images_3,images_4,images_5,images_6
15161,5604260274246,1000.0,PorSi,Cenouras Programa Origens,Embalagem de 1 kg,0.89,0.89,0,kg,€/Kg,,,https://driveimg1.intermarche.com/pt/Content/images/boitmal/produit/zoom/558C3AC1450C10C8B2395D06441C5423.jpg,,,2025-12-10T23:59:59Z,PROSPECTUS,13,1,,,,
2633,8000500009673,300.0,Ferrero Rocher,24 bombons de chocolate,Embalagem de 300g,7.99,26.63,0,kg,€/Kg,,,https://driveimg1.intermarche.com/pt/Content/images/boitmal/produit/zoom/E317A294CA729B20467C7A25BF19481B.jpg,,,2025-12-10T23:59:59Z,PROSPECTUS,13,1,,,,
18770,5449000138026,1500.0,Fanta,"Refrigerante com Gás Laranja sem Açúcar, garrafa 1,5 lt",,0.99,0.66,1500,L,€/L,,,https://driveimg1.intermarche.com/pt/Content/images/boitmal/produit/zoom/DE34E5B994CDF7FCC42CE983A86D82DE.jpg,,,2025-12-10T23:59:59Z,PROSPECTUS,13,1,,,,
11755,5601511000623,400.0,Limiano,"Queijo fatias -50% de gordura, 400g",,4.39,10.98,0,kg,€/Kg,,,https://driveimg1.intermarche.com/pt/Content/images/boitmal/produit/zoom/1F49DD4803359F1338D0D32889490E90.jpg,,,2025-12-10T23:59:59Z,PROSPECTUS,13,1,,,,
13866,2891048000000,1000.0,Porco,Bifanas,Vendido ao peso a partir de 1 kg,3.99,3.99,0,,€/Kg,,,https://driveimg1.intermarche.com/pt/Content/images/boitmal/produit/zoom/72DE0DA6B485199AC995C629E3E4D279.jpg,,,2025-12-10T23:59:59Z,PROSPECTUS,13,1,,,,
28640,5054563030948,75.0,Aquafresh,Dentífrico Tripla Proteção,Embalagem de 75 ml,1.84,24.53,75,L,€/L,,,https://driveimg1.intermarche.com/pt/Content/images/boitmal/produit/zoom/3F822B9D22CAC67DC8DBD8698E3FBBBD.jpg,,,2025-12-10T23:59:59Z,PROSPECTUS,13,1,,,,
13048,2893561000000,250.0,Marisco,Ameijoa Branca Vietnamita Congelada,Vendido a partir de 250 gr  (aprox.),0.5,1.99,0,,€/Kg,,Avantages !,https://driveimg1.intermarche.com/pt/Content/images/boitmal/produit/zoom/EB1BC296FF41180E6F3E1626AD4F78AA.jpg,,,2025-12-10T23:59:59Z,PROSPECTUS,13,1,,,,
251,2696001000000,400.0,Padaria,Baguete,400 g,0.79,1.98,0,kg,€/Kg,,,https://driveimg1.intermarche.com/pt/Content/images/boitmal/produit/zoom/42C2E126B9E5B84C243F0668DEC3869F.jpg,,,2025-12-10T23:59:59Z,PROSPECTUS,13,1,,,,
19415,5601028019798,,Renova,"Rolo de cozinha design xxl, 3 rolos",,1.99,1.99,3,,€/Unidade,,,https://driveimg1.intermarche.com/pt/Content/images/boitmal/produit/zoom/9A25E60B9B6B556C2D19CB0AC3EE543B.jpg,,,2025-12-10T23:59:59Z,PROSPECTUS,13,1,,,,
13814,2892558000000,250.0,Legumes,Feijão Verde,1 un = 250 gr  (aprox.),0.87,3.49,0,,€/Kg,,,https://driveimg1.intermarche.com/pt/Content/images/boitmal/produit/zoom/5688B97D5E073F1C8E51E2F8542D9EC1.jpg,,,2025-12-10T23:59:59Z,PROSPECTUS,13,1,,,,
9014,5601531102123,750.0,Moncao,"Vinho verde tinto, garrafa de 750 ml",,2.24,2.99,750,L,€/L,,,https://driveimg1.intermarche.com/pt/Content/images/boitmal/produit/zoom/A755AB40D0B6E1463D08067F6ED22024.jpg,,,2025-12-10T23:59:59Z,PROSPECTUS,13,1,,,,
15489,7613031884247,4000.0,Friskies,"Ração para gato adulto com vaca, frango, embalagem de 4kg",,10.79,2.7,0,kg,€/Kg,,,https://driveimg1.intermarche.com/pt/Content/images/boitmal/produit/zoom/AA74DE430E0D577781082E763F8D5C13.jpg,,,2025-12-10T23:59:59Z,PROSPECTUS,13,1,,,,
2466,7613032142599,500.0,Cerelac,Farinha láctea 12 meses,Embalagem de 500g,3.74,7.48,0,kg,€/Kg,,,https://driveimg1.intermarche.com/pt/Content/images/boitmal/produit/zoom/4E708CAF1A60A052407E76B7A92102F7.jpg,,,2025-12-10T23:59:59Z,PROSPECTUS,13,1,,,,
30414,4015400917304,480.0,Fairy,Detergente Liquido Loiça Original,480 ml,2.54,5.29,480,L,€/L,,,https://driveimg1.intermarche.com/pt/Content/images/boitmal/produit/zoom/BDA62A6B9333A70897E09AEAD0B62BBF.jpg,,,2025-12-10T23:59:59Z,PROSPECTUS,13,1,,,,
25882,5449000133328,1000.0,Coca-Cola,"Refrigerante com Gás Cola Zero, emb. 1 lt",Garrafa de 1 l,1.22,1.22,1000,L,€/L,,,https://driveimg1.intermarche.com/pt/Content/images/boitmal/produit/zoom/EB5646C1819F93681606ED25E6CF32EB.jpg,,,2025-12-10T23:59:59Z,PROSPECTUS,13,1,,,,
35138,5603722517655,960.0,Mimosa,"Iogurte sólido aroma morango, ananás e banana, 8 x 120 g",,1.89,1.97,0,kg,€/Kg,,,https://driveimg1.intermarche.com/pt/Content/images/boitmal/produit/zoom/7070B93AC2DB23DCF61734D801E40E6D.jpg,,,2025-12-10T23:59:59Z,PROSPECTUS,13,1,,,,
47756,8006540429570,,Evax,Pensos Higiénicos Cottonlike Super com Abas,24 unidades,4.19,4.19,0,,€/Unidade,,,https://driveimg1.intermarche.com/pt/Content/images/boitmal/produit/zoom/CB96220255FB9E0900323CF49B786012.jpg,,,2025-12-10T23:59:59Z,PROSPECTUS,13,1,,,,
27547,7613036101417,240.0,Cerelac,"Papa Infantil Láctea Aveia, Manga e Banana Seleção da Natureza +6M, emb. 240 gr",Embalagem de 240g,2.99,12.46,0,kg,€/Kg,,,https://driveimg1.intermarche.com/pt/Content/images/boitmal/produit/zoom/9A1D77EE17F24474E65CF475B4161F9F.jpg,,,2025-12-10T23:59:59Z,PROSPECTUS,13,1,,,,
42146,5604260304363,2000.0,PorSi Select,Alimento Seco Gato Pro Interior 2kg,,5.39,2.7,0,kg,€/Kg,,,https://driveimg1.intermarche.com/pt/Content/images/boitmal/produit/zoom/5C1E77C66BE03B927EC3C6A958E696BC.jpg,,,2025-12-10T23:59:59Z,PROSPECTUS,13,1,,,,
29899,2696008000000,,Padaria,Bola Rústica,85 g,0.27,0.27,0,,€/Unidade,,,https://driveimg1.intermarche.com/pt/Content/images/boitmal/produit/zoom/06C705452DA793A390CC49C0690F6BDD.jpg,,,2025-12-10T23:59:59Z,PROSPECTUS,13,1,,,,
12997,2892527000000,300.0,Legumes,Courgette Categoria II,,0.45,1.49,0,,€/Kg,,,https://driveimg1.intermarche.com/pt/Content/images/boitmal/produit/zoom/323B806C0CB557ED0F5B2CB32A998FDE.jpg,,,2025-12-10T23:59:59Z,PROSPECTUS,13,1,,,,
10057,8410036800512,750.0,Freixenet,"Espumante cava meio seco reserva, garrafa de 750 ml",,6.99,9.32,750,L,€/L,,,https://driveimg1.intermarche.com/pt/Content/images/boitmal/produit/zoom/595A72B091587557F63E6DF8F5C0E8F8.jpg,,,2025-12-24T23:59:59Z,PROSPECTUS,13,1,,,,
13886,2891108000000,1000.0,Frango,Bife de Frango,Vendido ao peso a partir de 1 kg,6.49,6.49,0,,€/Kg,,,https://driveimg1.intermarche.com/pt/Content/images/boitmal/produit/zoom/519BDC237EE2CC43FB5B010D4FF5A15B.jpg,,,2025-12-10T23:59:59Z,PROSPECTUS,13,1,,,,
13897,2891053000000,1000.0,Porco,Lombo sem Osso,Vendido ao peso a partir de 1 kg,3.99,3.99,0,,€/Kg,,,https://driveimg1.intermarche.com/pt/Content/images/boitmal/produit/zoom/415564DA70574ED3C1D7475F1F28BDB6.jpg,,,2025-12-10T23:59:59Z,PROSPECTUS,13,1,,,,
13934,2891062000000,250.0,Porco,Rojões,1 un = 250 gr  (aprox.),1.0,3.99,0,,€/Kg,,,https://driveimg1.intermarche.com/pt/Content/images/boitmal/produit/zoom/925F2FDC1F925A7FD71EE6165315B22E.jpg,,,2025-12-10T23:59:59Z,PROSPECTUS,13,1,,,,
13954,2891192000000,500.0,Porco,Tiras da Costela/Piano,1 un = 500 gr (aprox.),3.3,6.59,0,,€/Kg,,,https://driveimg1.intermarche.com/pt/Content/images/boitmal/produit/zoom/7D0B09E93398DFB0B31D06D5AFBD6B99.jpg,,,2025-12-10T23:59:59Z,PROSPECTUS,13,1,,,,
13947,2891125000000,150.0,Peru,Espetadas de Peru,1 un = 150 gr (aprox.),1.02,6.79,0,,€/Kg,,,https://driveimg1.intermarche.com/pt/Content/images/boitmal/produit/zoom/7051DD49B64096A6B46E7815DD618A85.jpg,,,2025-12-10T23:59:59Z,PROSPECTUS,13,1,,,,
18864,5604260280506,500.0,PorSi,Iogurte Tipo Grego Stracciatella 4x125g,,1.79,3.58,0,kg,€/Kg,,,https://driveimg1.intermarche.com/pt/Content/images/boitmal/produit/zoom/334F1D6FB360E4136373288319BA5409.jpg,,,2025-12-10T23:59:59Z,PROSPECTUS,13,1,,,,
11967,5601049612336,250.0,Mimosa,"Manteiga com sal, embalagem de 250g",,2.19,8.76,0,kg,€/Kg,,,https://driveimg1.intermarche.com/pt/Content/images/boitmal/produit/zoom/2C2D066D904F137421CA4F472DC07738.jpg,https://driveimg1.intermarche.com/pt/Content/images/boitmal/produit/zoom/B59AE74FD0DBE6C3112F001AFF69E867.jpg,https://driveimg1.intermarche.com/pt/Content/images/boitmal/produit/zoom/BB9196C3025886DBB6F20EDD70A1CA7A.jpg,2025-12-10T23:59:59Z,PROSPECTUS,13,1,,,,
41139,5604260303878,150.0,PorSi,Batatas Fritas Onduladas Sabor a Ovo Frito com Presunto 150g,,1.39,9.27,0,kg,€/Kg,,,https://driveimg1.intermarche.com/pt/Content/images/boitmal/produit/zoom/B8DBC6D402B223D1F1B9908A5EC78518.jpg,,,2025-12-10T23:59:59Z,PROSPECTUS,13,1,,,,
12884,2892009000000,200.0,Fruta,Limão,1 un = 200 gr (aprox.),0.34,1.69,0,,€/Kg,,,https://driveimg1.intermarche.com/pt/Content/images/boitmal/produit/zoom/5223F19D9F11D77A77B2577CB1D4D05C.jpg,,,2025-12-10T23:59:59Z,PROSPECTUS,13,1,,,,
13813,2892489000000,250.0,Legumes,Batata Doce,1 un = 250 gr  (aprox.),0.25,0.99,0,,€/Kg,,,https://driveimg1.intermarche.com/pt/Content/images/boitmal/produit/zoom/B0785A3D8A1A6773EB1FB43B119AC4D9.jpg,,,2025-12-10T23:59:59Z,PROSPECTUS,13,1,,,,
14908,2893723000000,600.0,Peixaria,Dourada Pequena,"Vendido ao peso, de 200 a 600 g",4.49,7.49,0,,€/Kg,,,https://driveimg1.intermarche.com/pt/Content/images/boitmal/produit/zoom/AFF5C8795A7F86F3C0C55DCFF44363C3.jpg,,,2025-12-10T23:59:59Z,PROSPECTUS,13,1,,,,
36728,5604260294343,1000.0,PorSi,Arroz Carolino 1000g,,1.09,1.09,0,kg,€/Kg,,,https://driveimg1.intermarche.com/pt/Content/images/boitmal/produit/zoom/E73547DEDC8C241F694472535154DB1E.jpg,,,2025-12-10T23:59:59Z,PROSPECTUS,13,1,,,,
12909,2892005000000,250.0,Fruta,Laranja Económica,1 un = 250 gr  (aprox.),0.35,1.39,0,,€/Kg,,,https://driveimg1.intermarche.com/pt/Content/images/boitmal/produit/zoom/67E13FD34B36BCD37E12339EB836171D.jpg,,,2025-12-10T23:59:59Z,PROSPECTUS,13,1,,,,
43864,5604260310296,1500.0,PorSi,"Lima-limão Zero 1,5l",,0.67,0.45,1500,L,€/L,,,https://driveimg1.intermarche.com/pt/Content/images/boitmal/produit/zoom/59A3DE48DE214FDE3CF11677F5E9C81B.jpg,,,2025-12-10T23:59:59Z,PROSPECTUS,13,1,,,,
54632,5603722523045,1000.0,Gresso,"Leite UHT Meio Gordo, 1L",,0.87,0.87,1000,L,€/L,,,https://driveimg1.intermarche.com/pt/Content/images/boitmal/produit/zoom/ECF816693AC2579C9FB595FD8ABD96D7.jpg,,,2025-12-10T23:59:59Z,PROSPECTUS,13,1,,,,
9403,5604260042302,150.0,PorSi,Batatas Fritas Lisas Light 150g,,1.19,7.93,0,kg,€/Kg,,,https://driveimg1.intermarche.com/pt/Content/images/boitmal/produit/zoom/73A0C67508D9BE1C1394925C4F7C5FE3.jpg,,,2025-12-10T23:59:59Z,PROSPECTUS,13,1,,,,
12889,2892175000000,150.0,Fruta,Kiwi categoria II,1 un = 150 gr (aprox.),0.58,3.89,0,,€/Kg,,,https://driveimg1.intermarche.com/pt/Content/images/boitmal/produit/zoom/39D74C337E358C98856B0EB2FC79D7A8.jpg,,,2025-12-10T23:59:59Z,PROSPECTUS,13,1,,,,
13894,2891044000000,1000.0,Porco,Entremeada sem Entrecosto,Vendido ao peso a partir de 1 kg,4.89,4.89,0,,€/Kg,,,https://driveimg1.intermarche.com/pt/Content/images/boitmal/produit/zoom/033DDCE7C7F9A9CD99F0A4BEB2F74462.jpg,,,2025-12-10T23:59:59Z,PROSPECTUS,13,1,,,,
15279,5604260276356,200.0,PorSi,Queijo Flamengo Fatiado 200g,,1.89,9.45,0,kg,€/Kg,,,https://driveimg1.intermarche.com/pt/Content/images/boitmal/produit/zoom/85DD1F9692D11A8FD3C2C7B23D4282CC.jpg,,,2025-12-10T23:59:59Z,PROSPECTUS,13,1,,,,
1718,5604260000197,500.0,PorSi,Massa Aletria 500g,,1.15,2.3,0,kg,€/Kg,,,https://driveimg1.intermarche.com/pt/Content/images/boitmal/produit/zoom/7D5D39FDD4F9755D7DAFB2E510E8DA58.jpg,,,2025-12-10T23:59:59Z,PROSPECTUS,13,1,,,,
40769,5604260301942,300.0,PorSi,Alimento Humido Cão Vaca 300g,Embalagem de 300 g,0.75,2.5,0,kg,€/Kg,,,https://driveimg1.intermarche.com/pt/Content/images/boitmal/produit/zoom/D9C4A619B4359B319F6376BE6477D965.jpg,,,2025-12-10T23:59:59Z,PROSPECTUS,13,1,,,,
49887,5604260324248,300.0,PorSi,Lombos de Salmão 300g,,7.15,23.83,0,kg,€/Kg,,Tipo de stockagem,https://driveimg1.intermarche.com/pt/Content/images/boitmal/produit/zoom/480B96CA3CD067C85E56E2FB38670D10.jpg,,,2025-12-10T23:59:59Z,PROSPECTUS,13,1,,,,
56252,5604260337453,150.0,PorSi,Batatas Fritas Onduladas com Sabor a Molho de Leitão,,1.49,9.93,0,kg,€/Kg,,,https://driveimg1.intermarche.com/pt/Content/images/boitmal/produit/zoom/15E70907D69BEAF1DED2C70D6C1B1593.jpg,,,2025-12-10T23:59:59Z,PROSPECTUS,13,1,,,,
56760,5604260342372,640.0,Páturages,Leite Fermentado Líquido Damasco sem Lactose 4x160g,,1.59,2.48,0,kg,€/Kg,,,https://driveimg1.intermarche.com/pt/Content/images/boitmal/produit/zoom/4BADFC9F7A68E41021BDE513F9F63516.jpg,,,2025-12-10T23:59:59Z,PROSPECTUS,13,1,,,,
980,5601024134488,750.0,Oliveira da Serra,Azeite virgem extra clássico,Embalagem de 750 ml,5.69,7.59,750,L,€/L,,,https://driveimg1.intermarche.com/pt/Content/images/boitmal/produit/zoom/01EF39EFE8396CC9ACA95DC25E9D3412.jpg,,,2025-12-10T23:59:59Z,PROSPECTUS,13,1,,,,
12998,2892529000000,200.0,Legumes,Cogumelos Granel,1 un = 200 gr (aprox.),0.8,3.99,0,,€/Kg,,,https://driveimg1.intermarche.com/pt/Content/images/boitmal/produit/zoom/21980CA05745F31B22EE237361B7FEB6.jpg,,,2025-12-10T23:59:59Z,PROSPECTUS,13,1,,,,
15010,2892545000000,1000.0,Programa Origens,Couve Flor,1 un = 1 kg (aprox.),1.89,1.89,0,,€/Kg,,,https://driveimg1.intermarche.com/pt/Content/images/boitmal/produit/zoom/93AF9BD404AC9C131A6A0C88150C31D1.jpg,,,2025-12-10T23:59:59Z,PROSPECTUS,13,1,,,,
21465,5449000085474,1500.0,Fanta,"Refrigerante com Gás Maracujá sem Açúcar, emb. 1,5 lt",,0.99,0.66,1500,L,€/L,,,https://driveimg1.intermarche.com/pt/Content/images/boitmal/produit/zoom/713F7A2E8FF1504D7580CF5EB99232C0.jpg,,,2025-12-10T23:59:59Z,PROSPECTUS,13,1,,,,
23277,5604260281268,150.0,Porsi Programa Origens,Salada Aromática 150 G,,1.29,8.6,0,kg,€/Kg,,,https://driveimg1.intermarche.com/pt/Content/images/boitmal/produit/zoom/C822174AC715DAAEACE1CDBB865D9449.jpg,,,2025-12-10T23:59:59Z,PROSPECTUS,13,1,,,,
25883,5449000008763,1500.0,Fanta,"Refrigerante com gás laranja, garrafa de 1,5 l",,0.99,0.66,1500,L,€/L,,,https://driveimg1.intermarche.com/pt/Content/images/boitmal/produit/zoom/FC51AAD13F2C3DD9969EDD9F1221FFFF.jpg,,,2025-12-10T23:59:59Z,PROSPECTUS,13,1,,,,
42019,5604260306398,500.0,PorSi,Iogurte Tipo Grego Maracujá 4x125g,,1.65,3.3,0,kg,€/Kg,,,https://driveimg1.intermarche.com/pt/Content/images/boitmal/produit/zoom/0161BD1FBB39AF016EB0BBE025FEDDC9.jpg,,,2025-12-10T23:59:59Z,PROSPECTUS,13,1,,,,
42152,5604260309009,200.0,PorSi,Tiras de Bacon 2x100g,,1.89,9.45,0,kg,€/Kg,,,https://driveimg1.intermarche.com/pt/Content/images/boitmal/produit/zoom/370FF2BC2013B8923987037050A2F519.jpg,,,2025-12-10T23:59:59Z,PROSPECTUS,13,1,,,,
48775,2769516000000,200.0,PorSi,"Preguinhos de Porco Finíssimos, embalagem de 200g (aprox.)",,1.6,7.98,0,,€/Kg,,,https://driveimg1.intermarche.com/pt/Content/images/boitmal/produit/zoom/3DD3775BE4F1F4161B469D1F01BAB9D5.jpg,,,2025-12-10T23:59:59Z,PROSPECTUS,13,1,,,,
4947,5449000054227,1000.0,Coca-Cola,"Refrigerante com Gás Cola, emb. 1 lt",,1.35,1.35,1000,L,€/L,,,https://driveimg1.intermarche.com/pt/Content/images/boitmal/produit/zoom/3281D4D34500D6DBD7784B7DAA420E55.jpg,,,2025-12-10T23:59:59Z,PROSPECTUS,13,1,,,,
54633,5603722523052,1000.0,Gresso,"Leite Uht Magro, 1L",,0.87,0.87,1000,L,€/L,,,https://driveimg1.intermarche.com/pt/Content/images/boitmal/produit/zoom/62FAA0AA671FC5B53B3DDBACCC92B900.jpg,,,2025-12-10T23:59:59Z,PROSPECTUS,13,1,,,,
56301,5604260336340,120.0,PorSi,Barra Cereais Bolas de Chocolate 120g,,1.29,10.75,0,kg,€/Kg,,,https://driveimg1.intermarche.com/pt/Content/images/boitmal/produit/zoom/C9B48935E46B3B686B321195951B7EAB.jpg,,,2025-12-10T23:59:59Z,PROSPECTUS,13,1,,,,
1188,5601119007970,200.0,Nobre,"Salsichas Frankfurt Originais Lata 8 un, emb. 200 gr",,1.39,6.95,0,kg,€/Kg,,,https://driveimg1.intermarche.com/pt/Content/images/boitmal/produit/zoom/F480FC52D56464F3C1B867155F4A37B9.jpg,,,2025-12-10T23:59:59Z,PROSPECTUS,13,1,,,,
13201,2893186000000,800.0,Peixaria,Pargo Mulato, 1un = 800 gr (aprox.),5.59,6.99,0,,€/Kg,,,https://driveimg1.intermarche.com/pt/Content/images/boitmal/produit/zoom/11C32BE0B2CE482787FEFB1794945225.jpg,,,2025-12-10T23:59:59Z,PROSPECTUS,13,1,,,,
13915,2891249000000,2000.0,Peru,Perna com Osso,Vendido ao peso,9.98,4.99,0,,€/Kg,,,https://driveimg1.intermarche.com/pt/Content/images/boitmal/produit/zoom/EA6C55F440DB29FDE55EB019973B1FE5.jpg,,,2025-12-10T23:59:59Z,PROSPECTUS,13,1,,,,
13950,2891145000000,100.0,Porco,Salsicha Fresca,1 un = 100 gr (aprox.),0.54,5.39,0,,€/Kg,,,https://driveimg1.intermarche.com/pt/Content/images/boitmal/produit/zoom/2E1CED7EDF010F56C2BF0E6CDF74D52B.jpg,,,2025-12-10T23:59:59Z,PROSPECTUS,13,1,,,,
1434,5601260037109,1000.0,Cigala,"Arroz agulha, embalagem de 1 kg",,1.38,1.38,0,kg,€/Kg,,,https://driveimg1.intermarche.com/pt/Content/images/boitmal/produit/zoom/B3D52BC13D571B9BC6634FD987C80F3C.jpg,,,2025-12-10T23:59:59Z,PROSPECTUS,13,1,,,,
1462,5601286231772,250.0,Milaneza,"Massa, estrelinhas, embalagem de 250g",,0.61,2.44,0,kg,€/Kg,,,https://driveimg1.intermarche.com/pt/Content/images/boitmal/produit/zoom/3936C365D7B95744ED545201CA491D61.jpg,,,2025-12-10T23:59:59Z,PROSPECTUS,13,1,,,,
1480,5601314000073,9000.0,Vitalis,"Água mineral sem gás, pack 6 x 1.5 l",,2.75,0.31,9000,L,€/L,,,https://driveimg1.intermarche.com/pt/Content/images/boitmal/produit/zoom/DA3E69EB6FBF3CE3F3256CE592DB9A52.jpg,,,2025-12-10T23:59:59Z,PROSPECTUS,13,1,,,,
23276,5604260281299,175.0,Porsi Programa Origens,Salada Gourmet 175 G,,1.09,6.23,0,kg,€/Kg,,,https://driveimg1.intermarche.com/pt/Content/images/boitmal/produit/zoom/4B8FE4793F676EB4D411F04A36543FE6.jpg,,,2025-12-10T23:59:59Z,PROSPECTUS,13,1,,,,
29738,8410436324533,1300.0,Sonasol,"Lava Tudo Flores Montanha, 1.3 l",,2.24,1.72,1300,L,€/L,,,https://driveimg1.intermarche.com/pt/Content/images/boitmal/produit/zoom/13FBFB2C777E7C44B0340328520A2D41.jpg,,,2025-12-10T23:59:59Z,PROSPECTUS,13,1,,,,
32158,4015400917328,480.0,Fairy,"Detergente Liquido da Loiça Limão, 480 ml",,2.54,5.29,480,L,€/L,,,https://driveimg1.intermarche.com/pt/Content/images/boitmal/produit/zoom/4E2BD689329F214554584573973F36ED.jpg,,,2025-12-10T23:59:59Z,PROSPECTUS,13,1,,,,
41298,5601050036541,440.0,Danone,"Iogurte oikos natural,  4 x 110g",,2.49,5.66,0,kg,€/Kg,,,https://driveimg1.intermarche.com/pt/Content/images/boitmal/produit/zoom/100CC1C1966D7A85865BF44E424F358B.jpg,,,2025-12-10T23:59:59Z,PROSPECTUS,13,1,,,,
44351,5604260315697,400.0,PorSi,Hambúrgueres de Novilho 400 G,,4.79,11.98,0,kg,€/Kg,,,https://driveimg1.intermarche.com/pt/Content/images/boitmal/produit/zoom/8F8D6EC2F9C78B8CD72BB55071398E28.jpg,,,2025-12-10T23:59:59Z,PROSPECTUS,13,1,,,,
48297,5604260320721,200.0,Porsi Vivabem,Queijo Flamengo Light Fatiado 200g,,1.89,9.45,0,kg,€/Kg,,,https://driveimg1.intermarche.com/pt/Content/images/boitmal/produit/zoom/70AA2E56EA03F7DEC7BCFB6E81C245ED.jpg,,,2025-12-10T23:59:59Z,PROSPECTUS,13,1,,,,
49545,2706799000000,1100.0,PorSi,Frango aberto para churrasco,Embalagem com 1.1 kg (aprox.),3.83,3.48,0,,€/Kg,,,https://driveimg1.intermarche.com/pt/Content/images/boitmal/produit/zoom/A425BFFF084B4530B695FF575C8E0B34.jpg,,,2025-12-10T23:59:59Z,PROSPECTUS,13,1,,,,
56253,5604260337460,150.0,PorSi,Batatas Fritas Onduladas com Sabor a Mel e Mostarda 150g,,1.49,9.93,0,kg,€/Kg,,,https://driveimg1.intermarche.com/pt/Content/images/boitmal/produit/zoom/C6C0BCC7F09323B008FD6E4D3A34617D.jpg,,,2025-12-10T23:59:59Z,PROSPECTUS,13,1,,,,
12070,5604260246335,1000.0,Porsi Vivabem,Bebida de Soja Sabor Chocolate 1l,,0.94,0.94,1000,L,€/L,,,https://driveimg1.intermarche.com/pt/Content/images/boitmal/produit/zoom/6E5A8C1B2A856DA9E7A8855C518C120A.jpg,,,2025-12-10T23:59:59Z,PROSPECTUS,13,1,,,,
1218,5601126039148,1000.0,Sical,"Café 5 estrelas grão, embalagem de 1 kg",,19.99,19.99,0,kg,€/Kg,,,https://driveimg1.intermarche.com/pt/Content/images/boitmal/produit/zoom/F30913D07FB49FD462FB35C8623DC586.jpg,https://driveimg1.intermarche.com/pt/Content/images/boitmal/produit/zoom/352FFCFAE868D5178905BD9725C43B6E.jpg,,2025-12-10T23:59:59Z,PROSPECTUS,13,1,,,,
12887,2892089000000,500.0,Fruta,Manga Barco,1 un = 500 gr (aprox.),1.25,2.49,0,,€/Kg,,,https://driveimg1.intermarche.com/pt/Content/images/boitmal/produit/zoom/7DE73DFAB226CDE947BB89C61333D3FE.jpg,,,2025-12-10T23:59:59Z,PROSPECTUS,13,1,,,,
15052,2892600000000,200.0,Legumes,Tomate Alongado,1 un = 200 gr (aprox.),0.31,1.55,0,,€/Kg,,,https://driveimg1.intermarche.com/pt/Content/images/boitmal/produit/zoom/38D21D4EBC59DA4208AABB9D11AF0901.jpg,,,2025-12-10T23:59:59Z,PROSPECTUS,13,1,,,,
15353,5604260270767,800.0,PorSi,Tentáculos Pota 800g,,4.99,6.24,0,kg,€/Kg,,Tipo de stockagem,https://driveimg1.intermarche.com/pt/Content/images/boitmal/produit/zoom/49398B6B79D4038703598D2AD5AB070C.jpg,,,2025-12-10T23:59:59Z,PROSPECTUS,13,1,,,,
16593,2696081000000,60.0,Padaria,Carcaça Forno de Pedra,1 un = 60 gr (aprox.),0.29,4.83,0,kg,€/Kg,,,https://driveimg1.intermarche.com/pt/Content/images/boitmal/produit/zoom/9ACBFD9AFE6222DA83AEB13A9FD53964.jpg,,,2025-12-10T23:59:59Z,PROSPECTUS,13,1,,,,
17523,2891246000000,1000.0,Porco,Pá York c/ Osso c/ Couro,Vendido ao peso a partir de 1 kg,3.69,3.69,0,,€/Kg,,,https://driveimg1.intermarche.com/pt/Content/images/boitmal/produit/zoom/B1774B7150E1E65399A00A5F3DC93922.jpg,,,2025-12-10T23:59:59Z,PROSPECTUS,13,1,,,,
18596,8410500016029,400.0,Danone,"Iogurte líquido danonino morango/banana, embalagem de 4 x 100 g",,2.09,5.23,0,kg,€/Kg,,,https://driveimg1.intermarche.com/pt/Content/images/boitmal/produit/zoom/79AABB1D751FE6F57112090F819DD6BE.jpg,,,2025-12-10T23:59:59Z,PROSPECTUS,13,1,,,,
18771,5449000022646,1500.0,Fanta,"Refrigerante com Gás Uva sem Açúcar, emb. 1,5 lt",,0.99,0.66,1500,L,€/L,,,https://driveimg1.intermarche.com/pt/Content/images/boitmal/produit/zoom/8F70505C1EA8CC7907321F98EFB258F8.jpg,,,2025-12-10T23:59:59Z,PROSPECTUS,13,1,,,,
19163,5604260278121,500.0,PorSi,Iogurte Tipo Grego Morango 4x125g,,1.65,3.3,0,kg,€/Kg,,,https://driveimg1.intermarche.com/pt/Content/images/boitmal/produit/zoom/C740D54E6D0772F5BD1CC74142029BCA.jpg,,,2025-12-10T23:59:59Z,PROSPECTUS,13,1,,,,
20653,5449000003751,1500.0,Fanta,"Refrigerante com gás de ananás, garrafa de 1,5 l",,0.99,0.66,1500,L,€/L,,,https://driveimg1.intermarche.com/pt/Content/images/boitmal/produit/zoom/7C866989F63DB1C45337BB48FE7DF726.jpg,,,2025-12-10T23:59:59Z,PROSPECTUS,13,1,,,,
22167,7613034944849,200.0,After Eight,"Bombons de Chocolate Negro com Menta, emb. 200 gr",Embalagem de 200g,3.99,19.95,0,kg,€/Kg,,,https://driveimg1.intermarche.com/pt/Content/images/boitmal/produit/zoom/245F7F4095BCE74B8441E4600DD3127A.jpg,,,2025-12-24T23:59:59Z,PROSPECTUS,13,1,,,,
23278,5604260281282,250.0,Porsi Programa Origens,Salada Toscana 250 G,,1.29,5.16,0,kg,€/Kg,,,https://driveimg1.intermarche.com/pt/Content/images/boitmal/produit/zoom/829819BF310BA689C7002E0655E64BF5.jpg,,,2025-12-10T23:59:59Z,PROSPECTUS,13,1,,,,
26929,8003340073545,200.0,Lindt,"Bombons chocolate leite, embalagem de 200g",,7.99,39.95,0,kg,€/Kg,,,https://driveimg1.intermarche.com/pt/Content/images/boitmal/produit/zoom/2BB27A8A278BFA5D060C9F86A4AE2E74.jpg,,,2025-12-24T23:59:59Z,PROSPECTUS,13,1,,,,
34373,7622210495716,187.0,Prince,"Bolachas Mini Estrelas Chocolate de Leite, emb. 187 gr (5 un)",Embalagem de 187 g,2.14,11.44,0,kg,€/Kg,,,https://driveimg1.intermarche.com/pt/Content/images/boitmal/produit/zoom/5B1CB4EBA313DE8C3C89BA85B0646316.jpg,,,2025-12-10T23:59:59Z,PROSPECTUS,13,1,,,,
36924,5604260296651,1500.0,PorSi,"Lima-limão 1,5l",,0.74,0.49,1500,L,€/L,,,https://driveimg1.intermarche.com/pt/Content/images/boitmal/produit/zoom/2A1424B586D4DC563639874DB1FA87A8.jpg,,,2025-12-10T23:59:59Z,PROSPECTUS,13,1,,,,
38648,5449000195906,1000.0,Coca-Cola,"Refrigerante com Gás Cola Zero Açúcar Zero Cafeína, garrafa 1 lt",,1.22,1.22,1000,L,€/L,,,https://driveimg1.intermarche.com/pt/Content/images/boitmal/produit/zoom/4A88AB6803A9F950A0FE19DD551ED58E.jpg,,,2025-12-10T23:59:59Z,PROSPECTUS,13,1,,,,
41080,8718951338333,1250.0,Ajax,"Detergente líquido lava tudo festa das flores montanha, embalagem de 1.25l",,2.24,1.79,1250,L,€/L,,,https://driveimg1.intermarche.com/pt/Content/images/boitmal/produit/zoom/235AC3C4CF2F6CC997FC733634670C1E.jpg,,,2025-12-10T23:59:59Z,PROSPECTUS,13,1,,,,
53470,5601028031288,,Renova,"Papel Higiénico Húmido, 60 unidades",,1.56,1.56,60,,€/Unidade,,,https://driveimg1.intermarche.com/pt/Content/images/boitmal/produit/zoom/9829A7AAA374301D47766A923A3E4F3B.jpg,,,2025-12-10T23:59:59Z,PROSPECTUS,13,1,,,,
54538,8006540763582,,Fairy,"Detergente Máquina Loiça Pastilhas Original Tudo em 1 Limão, 71D",,12.99,12.99,0,,€/Unidade,,,https://driveimg1.intermarche.com/pt/Content/images/boitmal/produit/zoom/937EB01E1BF93392425BD6CC2ABF2650.jpg,,,2025-12-10T23:59:59Z,PROSPECTUS,13,1,,,,
55277,8445291100121,,Buondi,"Cápsulas de Café Original Int 8, emb. 36 un",,11.99,11.99,36,,€/Unidade,,,https://driveimg1.intermarche.com/pt/Content/images/boitmal/produit/zoom/BB79C184B1FC36D63BFFB2DFA1361274.jpg,,,2025-12-10T23:59:59Z,PROSPECTUS,13,1,,,,
6267,8016825926687,75.0,Aquafresh,Pasta dentífrica menta fresca,Embalagem de 75 ml,1.84,24.53,75,L,€/L,,,https://driveimg1.intermarche.com/pt/Content/images/boitmal/produit/zoom/5AF61545461116CEF40994D7E37A4C54.jpg,,,2025-12-10T23:59:59Z,PROSPECTUS,13,1,,,,
640,3250390207528,125.0,Bouton D'or,Cajus Torrados Salgados 125g,Embalagem de 130g,1.66,13.28,0,kg,€/Kg,,,https://driveimg1.intermarche.com/pt/Content/images/boitmal/produit/zoom/9B80EEE07D104D06B1404C07F28EB251.jpg,,,2025-12-10T23:59:59Z,PROSPECTUS,13,1,,,,
8435,5601050033953,620.0,Danone,"Iogurte activia líquido 0% de pêssego/maracujá, embalagem de 4 x 155g",,1.99,3.21,0,kg,€/Kg,,,https://driveimg1.intermarche.com/pt/Content/images/boitmal/produit/zoom/8F87711D2EAC77ED611C3C3EAE26545D.jpg,,,2025-12-10T23:59:59Z,PROSPECTUS,13,1,,,,
8998,5601511000616,400.0,Limiano,"Queijo em fatias, 400g",,4.29,10.73,0,kg,€/Kg,,,https://driveimg1.intermarche.com/pt/Content/images/boitmal/produit/zoom/B876EB9E5C4AFD1BCE528AB6B8F31622.jpg,,,2025-12-10T23:59:59Z,PROSPECTUS,13,1,,,,
9184,5602348062754,70.0,Damatta,Presunto sabor português fatiado,Embalagem de 70 g,2.29,32.71,0,kg,€/Kg,,,https://driveimg1.intermarche.com/pt/Content/images/boitmal/produit/zoom/9AE2DBDD0E054DD3DCAC93A9D0EE8ECE.jpg,,,2025-12-10T23:59:59Z,PROSPECTUS,13,1,,,,
974,5601024105051,3000.0,Fula,"Óleo Alimentar, emb. 3 lt",Embalagem 3L,5.85,1.95,3000,L,€/L,,,https://driveimg1.intermarche.com/pt/Content/images/boitmal/produit/zoom/D641E1D4A518E21E0D8C212FCA92F32A.jpg,,,2025-12-10T23:59:59Z,PROSPECTUS,13,1,,,,
10274,8410436242172,1100.0,Sonasol,"Lava Tudo Brilhante Floral, embalagem 1,1l",,2.99,2.72,1100,L,€/L,,,https://driveimg1.intermarche.com/pt/Content/images/boitmal/produit/zoom/01F5925CB3ADDDABA2B9F66C7D55728C.jpg,,,2025-12-10T23:59:59Z,PROSPECTUS,13,2,,,,
10884,3147690051206,700.0,Label 5,Whisky blended,"Garrafa de 0,70 l",11.99,17.13,700,L,€/L,,,https://driveimg1.intermarche.com/pt/Content/images/boitmal/produit/zoom/C08CAF9ADA1BDE594E3803CD3B274AB6.jpg,,,2025-12-24T23:59:59Z,PROSPECTUS,13,2,,,,
1195,5601119230224,650.0,Nobre,"Salsichas Extra Suculentas Frasco 7 un, emb. 650 gr",,2.23,3.43,0,kg,€/Kg,,,https://driveimg1.intermarche.com/pt/Content/images/boitmal/produit/zoom/F74C2FC7C8B9C0B3ED0E43FFE3B59991.jpg,,,2025-12-10T23:59:59Z,PROSPECTUS,13,2,,,,
12990,2892510000000,250.0,Legumes,Beterraba sem Rama,1 un=250 gr (aprox.),0.37,1.49,0,,€/Kg,,,https://driveimg1.intermarche.com/pt/Content/images/boitmal/produit/zoom/FE38D0A0EDE44D01AA1FA1361EAB5312.jpg,,,2025-12-10T23:59:59Z,PROSPECTUS,13,2,,,,
13861,2691127000000,,Aves,Codornizes,1 un. = 150 g (aprox.),1.09,1.09,0,,€/Unidade,,,https://driveimg1.intermarche.com/pt/Content/images/boitmal/produit/zoom/49A0BEA3AB28A38ED8B2B84EBCB7B813.jpg,,,2025-12-10T23:59:59Z,PROSPECTUS,13,2,,,,
13884,2891106000000,2000.0,PorSi Select,Frango do Campo Inteiro c/ Miúdos Programa Origens,Vendido ao peso,8.98,4.49,0,,€/Kg,,,https://driveimg1.intermarche.com/pt/Content/images/boitmal/produit/zoom/4004CE88E12A24D0AD85684C27210FBB.jpg,,,2025-12-10T23:59:59Z,PROSPECTUS,13,2,,,,
1420,5601252107131,250.0,Gallo,"Vinagre balsâmico modena, garrafa de 250 ml",,1.69,6.76,250,L,€/L,,,https://driveimg1.intermarche.com/pt/Content/images/boitmal/produit/zoom/3BCA292B56E66BEBFC003AE7946066AE.jpg,,,2025-12-10T23:59:59Z,PROSPECTUS,13,2,,,,
14726,8711100080060,400.0,Maizena,"Farinha, embalagem de 400g",,1.64,4.1,0,kg,€/Kg,,,https://driveimg1.intermarche.com/pt/Content/images/boitmal/produit/zoom/510CA0D1320DDBD17C988D55861FD3B8.jpg,,,2025-12-10T23:59:59Z,PROSPECTUS,13,2,,,,
15327,3250392098568,500.0,Páturages,Nata Uht Ligeira Garrafa 2x250ml,Embalagem de 2X250ML,2.69,5.38,500,L,€/L,,,https://driveimg1.intermarche.com/pt/Content/images/boitmal/produit/zoom/3A6C408B341279AA97BD82628F350472.jpg,,,2025-12-10T23:59:59Z,PROSPECTUS,13,2,,,,
16714,5601319049251,400.0,Ferbar,"Marmelada, embalagem de 400g",,1.64,4.1,0,kg,€/Kg,,,https://driveimg1.intermarche.com/pt/Content/images/boitmal/produit/zoom/107A78167D3C3F5F7E86E454AB18B7F4.jpg,,,2025-12-10T23:59:59Z,PROSPECTUS,13,2,,,,
17428,5060335632272,500.0,Monster,"Bebida energética zero, garrafa de 500 ml",,1.39,2.78,500,L,€/L,,,https://driveimg1.intermarche.com/pt/Content/images/boitmal/produit/zoom/27CD56EBFA1CEC3B0081B9EB3853C598.jpg,,,2025-12-10T23:59:59Z,PROSPECTUS,13,2,,,,
17710,4014400901405,250.0,Merci,Bombons de Chocolate Leite,Embalagem de 250 g,6.99,27.96,0,kg,€/Kg,,,https://driveimg1.intermarche.com/pt/Content/images/boitmal/produit/zoom/EADB67A974D468C1A3623AD369797122.jpg,,,2025-12-24T23:59:59Z,PROSPECTUS,13,2,,,,
17897,8001480021440,700.0,Neoblanc,"Lixívia Spray Mousse, 700ml",,2.99,4.27,700,L,€/L,,,https://driveimg1.intermarche.com/pt/Content/images/boitmal/produit/zoom/B78A8E12ED4E3F00F2585698427E34C3.jpg,,,2025-12-10T23:59:59Z,PROSPECTUS,13,2,,,,
17899,8001480021464,700.0,Neoblanc,Lixívia WC Gel Higienizante,Embalagem de 700ml,2.24,3.2,700,L,€/L,,,https://driveimg1.intermarche.com/pt/Content/images/boitmal/produit/zoom/D4F754D17699E0C60DE2BF6BDECBD171.jpg,,,2025-12-10T23:59:59Z,PROSPECTUS,13,2,,,,
18595,8410500016012,400.0,Danonino Danone,"Iogurte líquido danonino morango, embalagem de 4 x 100g",,2.09,5.23,0,kg,€/Kg,,,https://driveimg1.intermarche.com/pt/Content/images/boitmal/produit/zoom/00E1EF11C0C6DBF4F5207E20D5392DA2.jpg,,,2025-12-10T23:59:59Z,PROSPECTUS,13,2,,,,
19046,5000116110414,480.0,Capitão Iglo,"8 hamburguers sem glúten frango, embalagem de 480g",,7.99,16.65,0,kg,€/Kg,,Tipo de stockagem,https://driveimg1.intermarche.com/pt/Content/images/boitmal/produit/zoom/B74DC0C9C4A898B602612BD394B808F5.jpg,,,2025-12-10T23:59:59Z,PROSPECTUS,13,2,,,,
19094,4084500330955,1500.0,Fairy,"Detergente líquido, manual loiça, original, 1,5 l",,6.19,4.13,1500,L,€/L,,,https://driveimg1.intermarche.com/pt/Content/images/boitmal/produit/zoom/95EC3D03AC3B46A8207C2E0CFB674294.jpg,,,2025-12-10T23:59:59Z,PROSPECTUS,13,2,,,,
19162,5604260276806,500.0,PorSi,Iogurte Tipo Grego Natural Açucarado 4x125g,,1.65,3.3,0,kg,€/Kg,,,https://driveimg1.intermarche.com/pt/Content/images/boitmal/produit/zoom/49BC1F6A4C2D86DE972031A4D090566C.jpg,,,2025-12-10T23:59:59Z,PROSPECTUS,13,2,,,,
2261,5604260269747,300.0,PorSi,Bacalhau Espiritual 300g,,2.19,7.3,0,kg,€/Kg,,Tipo de stockagem,https://driveimg1.intermarche.com/pt/Content/images/boitmal/produit/zoom/19C31B36049F1303F222187A7D924892.jpg,,,2025-12-10T23:59:59Z,PROSPECTUS,13,2,,,,
23582,5604260281275,175.0,Porsi Programa Origens,Salada Premium 175 G,,1.29,7.37,0,kg,€/Kg,,,https://driveimg1.intermarche.com/pt/Content/images/boitmal/produit/zoom/A8F765E7D8A6C281765A51B35764D182.jpg,,,2025-12-10T23:59:59Z,PROSPECTUS,13,2,,,,
23758,5604260282616,150.0,PorSi,Batatas Fritas Lisas Gourmet 150g,,1.23,8.2,0,kg,€/Kg,,,https://driveimg1.intermarche.com/pt/Content/images/boitmal/produit/zoom/086887FDC28498C155F9760C1B0A2422.jpg,,,2025-12-10T23:59:59Z,PROSPECTUS,13,2,,,,
24414,8410436297691,1300.0,Sonasol,"Lava tudo camomila e flor de laranjeira, 1,3l",,2.24,1.72,1300,L,€/L,,,https://driveimg1.intermarche.com/pt/Content/images/boitmal/produit/zoom/C67C521AD0B096D9F596A17B56363CA4.jpg,,,2025-12-10T23:59:59Z,PROSPECTUS,13,2,,,,
25331,3600542075015,400.0,Garnier,Champô Ultra Suave Leite de Coco e Macadâmia,Embalagem com 400 ml,3.79,9.48,400,L,€/L,,,https://driveimg1.intermarche.com/pt/Content/images/boitmal/produit/zoom/35117F22FB44C0A7EBFA24D2AFCF6944.jpg,,,2025-12-10T23:59:59Z,PROSPECTUS,13,2,,,,
32318,2891008000000,800.0,Novilho,Bife da Rabadilha,Vendido ao peso a partir de 800 g,11.83,14.79,0,,€/Kg,,,https://driveimg1.intermarche.com/pt/Content/images/boitmal/produit/zoom/7CA2802CDA45BD2E9E5EF6C3219166BA.jpg,,,2025-12-10T23:59:59Z,PROSPECTUS,13,2,,,,
3539,2894220000000,100.0,Elpozo,Presunto Bodega,"Vendido ao peso, fatiado a partir de 100 g",2.4,23.99,0,,€/Kg,,,https://driveimg1.intermarche.com/pt/Content/images/boitmal/produit/zoom/B08B3C208782FD0824215A2662A05581.jpg,,,2025-12-10T23:59:59Z,PROSPECTUS,13,2,,,,
35652,5603722517440,750.0,Mimosa,"Bebida cálcio sem lactose + proteína, embalagem de 3 x 250 ml",,2.97,3.96,750,L,€/L,,,https://driveimg1.intermarche.com/pt/Content/images/boitmal/produit/zoom/3BF01E4C848A88E512E9DE591C8608E4.jpg,https://driveimg1.intermarche.com/pt/Content/images/boitmal/produit/zoom/125C9D1092125B3BF7F626465A710366.jpg,https://driveimg1.intermarche.com/pt/Content/images/boitmal/produit/zoom/D55403D07574DB9841CBC2E986BD092B.jpg,2025-12-10T23:59:59Z,PROSPECTUS,13,2,https://driveimg1.intermarche.com/pt/Content/images/boitmal/produit/zoom/9CE43F9767873E3B88A8F371593A237D.jpg,,,
36974,5601164204232,1980.0,Super Bock,"Cerveja sem Álcool, emb. 6 x 33 cl",,4.49,2.27,1980,L,€/L,,,https://driveimg1.intermarche.com/pt/Content/images/boitmal/produit/zoom/51EE83301941A006E8A100C347CAA322.jpg,,,2025-12-10T23:59:59Z,PROSPECTUS,13,2,,,,
37045,5601217132659,500.0,Cillitbang,"Spray bolor e sujidade, garrafa de 500 ml",,2.49,4.98,500,L,€/L,,,https://driveimg1.intermarche.com/pt/Content/images/boitmal/produit/zoom/2A51671BCEA4544BF377B06769DE1169.jpg,,,2025-12-10T23:59:59Z,PROSPECTUS,13,2,,,,
37799,7613037096828,240.0,Cerelac,Farinha láctea seleção da natureza aveia e centeio +6 meses,Embalagem de 240 g,2.99,12.46,0,kg,€/Kg,,,https://driveimg1.intermarche.com/pt/Content/images/boitmal/produit/zoom/196E9C25A91135A06C0EF78AB5B82C2A.jpg,,,2025-12-10T23:59:59Z,PROSPECTUS,13,2,,,,
41715,5604260306381,500.0,PorSi,Iogurte Tipo Grego Caramelo Salgado 4x125g,,1.65,3.3,0,kg,€/Kg,,,https://driveimg1.intermarche.com/pt/Content/images/boitmal/produit/zoom/06B0DF990840E5BE19798110DA62E89E.jpg,,,2025-12-10T23:59:59Z,PROSPECTUS,13,2,,,,
43659,5604260312665,275.0,PorSi,Pérolas Perfumadas Floral 275g,Embalagem de 275 g,2.99,10.87,0,kg,€/Kg,,,https://driveimg1.intermarche.com/pt/Content/images/boitmal/produit/zoom/818E4C4C5943171A63CAB38316104A99.jpg,,,2025-12-10T23:59:59Z,PROSPECTUS,13,2,,,,
44240,8410500010539,1200.0,Danone,"Iogurte líquido de morango kids, pack 12 x 100 g",,4.99,4.16,0,kg,€/Kg,,,https://driveimg1.intermarche.com/pt/Content/images/boitmal/produit/zoom/675F0D6784FF916C81A6BE90AA600C99.jpg,,,2025-12-10T23:59:59Z,PROSPECTUS,13,2,,,,
44241,5601050036886,120.0,Danone,"Iogrute twix, embalagem de 120g",,1.09,9.08,0,kg,€/Kg,,,https://driveimg1.intermarche.com/pt/Content/images/boitmal/produit/zoom/E4E89664DF24BCB428B25457942D3E4C.jpg,,,2025-12-10T23:59:59Z,PROSPECTUS,13,2,,,,
44701,5053990156009,175.0,Pringles,"Snacks batata original, embalagem de 175g",,2.39,13.66,0,kg,€/Kg,,,https://driveimg1.intermarche.com/pt/Content/images/boitmal/produit/zoom/BE87AADF1BA674A5818FDF008937F90A.jpg,https://driveimg1.intermarche.com/pt/Content/images/boitmal/produit/zoom/843E1395B62C4B40E91467CF90852642.jpg,https://driveimg1.intermarche.com/pt/Content/images/boitmal/produit/zoom/843E1395B62C4B40E91467CF90852642.jpg,2025-12-10T23:59:59Z,PROSPECTUS,13,2,https://driveimg1.intermarche.com/pt/Content/images/boitmal/produit/zoom/843E1395B62C4B40E91467CF90852642.jpg,,,
45086,5201429084014,,Minnie,Mega cozinha,1 conjunto,34.99,34.99,0,,€/Unidade,,,https://driveimg1.intermarche.com/pt/Content/images/boitmal/produit/zoom/E972D625952E13366058DE15BA843480.jpg,,,2025-12-24T23:59:59Z,PROSPECTUS,13,2,,,,
45424,5449000205551,1500.0,Sprite,"Refrigerante com Gás Lima Limão, emb. 1,5 lt",,0.99,0.66,1500,L,€/L,,,https://driveimg1.intermarche.com/pt/Content/images/boitmal/produit/zoom/435BA3924DACD7858B68099757279D0D.jpg,,,2025-12-10T23:59:59Z,PROSPECTUS,13,2,,,,
47017,5604260319299,100.0,PorSi Select,Bombons Praliné Avelã,100 g,1.49,14.9,0,kg,€/Kg,,,https://driveimg1.intermarche.com/pt/Content/images/boitmal/produit/zoom/F0690628AEF3AED39886291AC77F51A9.jpg,,,2025-12-24T23:59:59Z,PROSPECTUS,13,2,,,,
47018,5604260319282,100.0,PorSi Select,Bombons Praliné Amêndoa,100 g,1.49,14.9,0,kg,€/Kg,,,https://driveimg1.intermarche.com/pt/Content/images/boitmal/produit/zoom/7A4A516B4BE2E4B681A0E90AE189D0CC.jpg,,,2025-12-24T23:59:59Z,PROSPECTUS,13,2,,,,
47102,5603722520198,250.0,Mimosa,"Manteiga com sal e sem lactose, embalagem de 250g",,2.44,9.76,0,kg,€/Kg,,,https://driveimg1.intermarche.com/pt/Content/images/boitmal/produit/zoom/93C16F859411D0EBAFBF43E49FD1DA1B.jpg,https://driveimg1.intermarche.com/pt/Content/images/boitmal/produit/zoom/03F85375587D6FDFB4925819A11BDAE0.jpg,https://driveimg1.intermarche.com/pt/Content/images/boitmal/produit/zoom/851EE75BBBA7A9986AE9578DEC17E3F9.jpg,2025-12-10T23:59:59Z,PROSPECTUS,13,2,,,,
47548,5604260319077,200.0,PorSi Select,Bombons Luxo Belga,Embalagem de 200 g,5.99,29.95,0,kg,€/Kg,,,https://driveimg1.intermarche.com/pt/Content/images/boitmal/produit/zoom/6E454FDCC9771E04A1EC3132E407019F.jpg,,,2025-12-24T23:59:59Z,PROSPECTUS,13,2,,,,
47755,8006540429457,,Evax,Pensos Higiénicos Cottonlike Normal com Abas,32 unidades,4.15,4.15,0,,€/Unidade,,,https://driveimg1.intermarche.com/pt/Content/images/boitmal/produit/zoom/70F42B0A06F4559D2E1F565D5B1D8875.jpg,,,2025-12-10T23:59:59Z,PROSPECTUS,13,2,,,,
47842,5604260320257,138.0,PorSi,Barras de Cereais Forma Chocolate Negro 138g,,1.49,10.8,0,kg,€/Kg,,,https://driveimg1.intermarche.com/pt/Content/images/boitmal/produit/zoom/D8D3FBD64602D6125EA757EC79A4CBEB.jpg,,,2025-12-10T23:59:59Z,PROSPECTUS,13,2,,,,
48083,5604260323135,1000.0,PorSi,Óleo Alimentar 1l,,1.69,1.69,1000,L,€/L,,,https://driveimg1.intermarche.com/pt/Content/images/boitmal/produit/zoom/E944172459A071A70840EE83F576BC60.jpg,,,2025-12-10T23:59:59Z,PROSPECTUS,13,2,,,,
48280,5604260323210,,PorSi,Fraldas Premium T6 17-28 kg - 40 Unidades,,7.99,7.99,0,,€/Unidade,,,https://driveimg1.intermarche.com/pt/Content/images/boitmal/produit/zoom/B950359F977599B745889D6912F1E08A.jpg,,,2025-12-10T23:59:59Z,PROSPECTUS,13,2,,,,
48773,2743226000000,200.0,PorSi,"Entremeadas de Porco Fatiadas Finíssimas, embalagem de 200g (aprox.)",,1.6,7.98,0,,€/Kg,,,https://driveimg1.intermarche.com/pt/Content/images/boitmal/produit/zoom/1144763FCA0503CD11AE70EE0C1533AE.jpg,,,2025-12-10T23:59:59Z,PROSPECTUS,13,2,,,,
50405,8445290489173,900.0,Cerelac,"Papa Infantil Farinha Láctea +12M, emb. 900 gr",,6.29,6.99,0,kg,€/Kg,,,https://driveimg1.intermarche.com/pt/Content/images/boitmal/produit/zoom/79C2E535CBAB06EFF8E7EE2B8A2191BC.jpg,,,2025-12-10T23:59:59Z,PROSPECTUS,13,2,,,,
50454,5603722521829,1208.0,Mimosa,"Iogurte líquido aroma banana e morango, 8 x 151 ml",,2.69,2.23,1208,L,€/L,,,https://driveimg1.intermarche.com/pt/Content/images/boitmal/produit/zoom/AA12AF3CF07E84D8BB18D68CC6DFA3EB.jpg,,,2025-12-10T23:59:59Z,PROSPECTUS,13,2,,,,
5093,5601050033755,620.0,Danone,"Iogurte activia líquido 0% morango/kiwi, embalagem de 4 x 155 g",,1.99,3.21,0,kg,€/Kg,,,https://driveimg1.intermarche.com/pt/Content/images/boitmal/produit/zoom/29B41AE598716D0550D815AA0FE86025.jpg,,,2025-12-10T23:59:59Z,PROSPECTUS,13,2,,,,
50949,8410104898298,750.0,Vanish,"Tira nódoas spray desengordurante, 750 ml",,4.49,5.99,750,L,€/L,,,https://driveimg1.intermarche.com/pt/Content/images/boitmal/produit/zoom/30BFC1FBF59084C87DB41E232C17BF7C.jpg,,,2025-12-10T23:59:59Z,PROSPECTUS,13,2,,,,
51896,8719200253377,400.0,Planta,"Creme vegetal para barrar original, 400g",,2.54,6.35,0,kg,€/Kg,,,https://driveimg1.intermarche.com/pt/Content/images/boitmal/produit/zoom/0265DFAAA6CC23B5D28B5523E860ECEF.jpg,,,2025-12-10T23:59:59Z,PROSPECTUS,13,2,,,,
51917,8410500020644,280.0,Danone,Iogurte infantil danonino morango banana 4x70g,,2.19,7.82,0,kg,€/Kg,,,https://driveimg1.intermarche.com/pt/Content/images/boitmal/produit/zoom/3220973BC3DB4CAD23E73E6374D1D5D5.jpg,,,2025-12-10T23:59:59Z,PROSPECTUS,13,2,,,,
52013,5601146100026,1000.0,Sagres,"Cerveja preta, 1l",,1.79,1.79,1000,L,€/L,,,https://driveimg1.intermarche.com/pt/Content/images/boitmal/produit/zoom/D90BF9C494E8E8B94F53136BFD5755B3.jpg,,,2025-12-10T23:59:59Z,PROSPECTUS,13,2,,,,
52379,8720181407147,1300.0,Cif,"Lava tudo perfumado limão verde, embalagem de 1,3l",,2.09,1.61,1300,L,€/L,,,https://driveimg1.intermarche.com/pt/Content/images/boitmal/produit/zoom/1EA3C8FB10989E07DC274DC372288083.jpg,https://driveimg1.intermarche.com/pt/Content/images/boitmal/produit/zoom/309C981A45755DD79B0981E67BD7AF66.jpg,,2025-12-10T23:59:59Z,PROSPECTUS,13,2,,,,
53007,5603722520105,1000.0,Milhafre,"Leite De Pastagem Magro, 1l",,0.89,0.89,1000,L,€/L,,,https://driveimg1.intermarche.com/pt/Content/images/boitmal/produit/zoom/299C37D166CA38EDBA2E0A4C61421ACE.jpg,,,2025-12-10T23:59:59Z,PROSPECTUS,13,2,,,,
53551,8001480721326,,Neoblanc,"Lixívia Gentil, 18 Pastilhas",,3.24,3.24,18,,€/Unidade,,,https://driveimg1.intermarche.com/pt/Content/images/boitmal/produit/zoom/A250B24F09D54E26FB8EFE2CB51932C0.jpg,,,2025-12-10T23:59:59Z,PROSPECTUS,13,2,,,,
5439,5601314228248,750.0,Vitalis,"Água sem Gás Sport, emb. 75 cl",,0.57,0.76,750,L,€/L,,,https://driveimg1.intermarche.com/pt/Content/images/boitmal/produit/zoom/010F08729D04976DF26AE7ABDA2D160B.jpg,,,2025-12-10T23:59:59Z,PROSPECTUS,13,2,,,,
54606,8720181466359,720.0,Dove,"Gel de banho hydrate, 720ml",,4.79,6.65,720,L,€/L,,,https://driveimg1.intermarche.com/pt/Content/images/boitmal/produit/zoom/73576AE98695DDB42CEBA03FBEBB469E.jpg,,,2025-12-10T23:59:59Z,PROSPECTUS,13,2,,,,
54646,8720181542121,,Skip,"Detergente Máquina Roupa Líquido Active Clean, 100D",,14.99,14.99,0,,€/Unidade,,,https://driveimg1.intermarche.com/pt/Content/images/boitmal/produit/zoom/D3E9B1DE5F09D8B3FD221502F3C133F1.jpg,,,2025-12-10T23:59:59Z,PROSPECTUS,13,2,,,,
54723,5060896625669,500.0,Monster,"Bebida energética hamilton zero, lata 50 cl",,1.39,2.78,500,L,€/L,,,https://driveimg1.intermarche.com/pt/Content/images/boitmal/produit/zoom/1CA2BB0D8D17B46B021B37F80A4728E4.jpg,,,2025-12-10T23:59:59Z,PROSPECTUS,13,2,,,,
55280,7613287613578,,Nescafe,"Cápsulas de Café Buondi Int 8, 64un.",,18.89,18.89,64,,€/Unidade,,,https://driveimg1.intermarche.com/pt/Content/images/boitmal/produit/zoom/14AE7C907C99FCAFB35C1B5946D22C9A.jpg,,,2025-12-10T23:59:59Z,PROSPECTUS,13,2,,,,
5924,5604260255719,1000.0,PorSi,Chouriço Corrente 1kg,,5.29,5.29,0,kg,€/Kg,,,https://driveimg1.intermarche.com/pt/Content/images/boitmal/produit/zoom/DCBC7482D37FB42C8C4C67F87FE98EDB.jpg,,,2025-12-10T23:59:59Z,PROSPECTUS,13,2,,,,
5966,5604260272792,5000.0,PorSi,Lixívia Perfumada 5l,,1.99,0.4,5000,L,€/L,,,https://driveimg1.intermarche.com/pt/Content/images/boitmal/produit/zoom/2B3492AFD036B535D5871D4B50DFD280.jpg,,,2025-12-10T23:59:59Z,PROSPECTUS,13,2,,,,
7763,4014400901191,250.0,Merci,"Bombons de chocolate merci, embalagem de 250g",,6.99,27.96,0,kg,€/Kg,,,https://driveimg1.intermarche.com/pt/Content/images/boitmal/produit/zoom/2900B9B4786268814CDC44DE9670597D.jpg,,,2025-12-24T23:59:59Z,PROSPECTUS,13,2,,,,
8391,5601049159992,1000.0,Mimosa,"Leite especial cálcio + vitamina d magro, de 1l",,1.0,1.0,1000,L,€/L,,,https://driveimg1.intermarche.com/pt/Content/images/boitmal/produit/zoom/22E6964D6A2F2B922BCB40BB341AE902.jpg,,,2025-12-10T23:59:59Z,PROSPECTUS,13,2,,,,
8809,5601252107179,250.0,Gallo,"Vinagre de Sidra Original, emb. 250 ml",,1.69,6.76,250,L,€/L,,,https://driveimg1.intermarche.com/pt/Content/images/boitmal/produit/zoom/29CFC4BAC1385878FA06A6A385C70C3C.jpg,,,2025-12-10T23:59:59Z,PROSPECTUS,13,2,,,,
9621,5604260264766,150.0,PorSi,Batatas Fritas em Azeite 150g,,1.45,9.67,0,kg,€/Kg,,,https://driveimg1.intermarche.com/pt/Content/images/boitmal/produit/zoom/6D03FBEB7A98191F27E0B9F42498BD17.jpg,,,2025-12-10T23:59:59Z,PROSPECTUS,13,2,,,,
10111,8410104402501,200.0,Vanish,"Pré-lavagem power gel, garrafa de 200 ml",,3.99,19.95,200,L,€/L,,,https://driveimg1.intermarche.com/pt/Content/images/boitmal/produit/zoom/43D4A166A3EF555D36A5BBF95FBB5D96.jpg,,,2025-12-10T23:59:59Z,PROSPECTUS,13,2,,,,
10565,8711600359659,400.0,Axe,"Gel banho excite, embalagem de 400 ml",,3.59,8.98,400,L,€/L,,,https://driveimg1.intermarche.com/pt/Content/images/boitmal/produit/zoom/DCC58201419B651CAC426AD3399A4E5F.jpg,,,2025-12-10T23:59:59Z,PROSPECTUS,13,2,,,,
10827,2895084000000,250.0,Alavão,Queijo Curado Trad.Pimentão,Vendido ao peso a partir de 250 gr,2.25,8.99,0,,€/Kg,,,https://driveimg1.intermarche.com/pt/Content/images/boitmal/produit/zoom/4E6BAB74AB5F3DC05744A385414FF98D.jpg,,,2025-12-10T23:59:59Z,PROSPECTUS,13,2,,,,
10883,3147690024804,750.0,Cruz,Porto special reserva," garrafa de 0,75 l",9.99,13.32,750,L,€/L,,,https://driveimg1.intermarche.com/pt/Content/images/boitmal/produit/zoom/01146C49D6D1001F9B0A4FC43CD6365E.jpg,,,2025-12-24T23:59:59Z,PROSPECTUS,13,2,,,,
11469,5601028016681,,Renova,"Papel higiénico compacto, folha dupla",4 = 12 rolos,2.29,2.29,0,,€/Unidade,,,https://driveimg1.intermarche.com/pt/Content/images/boitmal/produit/zoom/833BBD2F004421BEB7D3758CD6F84330.jpg,https://driveimg1.intermarche.com/pt/Content/images/boitmal/produit/zoom/5256AFB114E96932DA597D5372942F20.jpg,https://driveimg1.intermarche.com/pt/Content/images/boitmal/produit/zoom/0AC1E0BF4245ABCA66BD5F1E70264BC6.jpg,2025-12-10T23:59:59Z,PROSPECTUS,13,2,,,,
11650,5601192201104,200.0,Agros,Nata uht 200 ml,,0.89,4.45,200,L,€/L,,,https://driveimg1.intermarche.com/pt/Content/images/boitmal/produit/zoom/478AC7EFE77B8590BBD8EF6C88C17807.jpg,,,2025-12-10T23:59:59Z,PROSPECTUS,13,2,,,,
11671,5601217126382,1650.0,Woolite,Detergente líquido p/ máquina lavar roupa cores,"Garrafa de 1,65 l",6.99,4.24,1650,L,€/L,,,https://driveimg1.intermarche.com/pt/Content/images/boitmal/produit/zoom/8C38ED746381E210259B37EA8CABFD0A.jpg,,,2025-12-10T23:59:59Z,PROSPECTUS,13,2,,,,
11963,5603722505775,250.0,Mimosa,"Manteiga sem sal, embalagem de 250g",,2.19,8.76,0,kg,€/Kg,,,https://driveimg1.intermarche.com/pt/Content/images/boitmal/produit/zoom/9BCF64C54A7D7626D65710EBF82436CC.jpg,https://driveimg1.intermarche.com/pt/Content/images/boitmal/produit/zoom/1EA90F949357E7F98D48732996035C6E.jpg,https://driveimg1.intermarche.com/pt/Content/images/boitmal/produit/zoom/1F0AD169BB42B947BB5B96F6E89FDECD.jpg,2025-12-10T23:59:59Z,PROSPECTUS,13,2,,,,
12047,5604260128648,250.0,PorSi,Repelente Água Para-brisas 250 ml,Embalagem de 250 ml,3.99,15.96,250,L,€/L,,,https://driveimg1.intermarche.com/pt/Content/images/boitmal/produit/zoom/EAA7768CE2FDA307D9CDBFB62CE0E36E.jpg,,,2025-12-10T23:59:59Z,PROSPECTUS,13,2,,,,
12066,5604260194063,1000.0,Porsi Vivabem,Bebida de Soja 1l,,0.79,0.79,1000,L,€/L,,,https://driveimg1.intermarche.com/pt/Content/images/boitmal/produit/zoom/16537218BB43EA3E7F5AFCEAEC229452.jpg,,,2025-12-10T23:59:59Z,PROSPECTUS,13,2,,,,
12213,5608527000593,750.0,Dom Campos,Vinho Tinto Regional Península de Setúbal,Garrafa de 0.75 l,2.99,3.99,750,L,€/L,,,https://driveimg1.intermarche.com/pt/Content/images/boitmal/produit/zoom/F6AD742D6C0AA52D14F3A33DA354DAF8.jpg,,,2025-12-10T23:59:59Z,PROSPECTUS,13,2,,,,
12232,7613034453129,300.0,Purina Gourmet,"Comida húmida para gato seleção de peixes, embalagem de 300g",,2.59,8.63,0,kg,€/Kg,,,https://driveimg1.intermarche.com/pt/Content/images/boitmal/produit/zoom/0AFE779DB5FF364F09315DAB6399C25A.jpg,,,2025-12-10T23:59:59Z,PROSPECTUS,13,2,,,,
1228,5601146230518,1500.0,Joi,"Refrigerante sem gás, laranja, garrafa de 1,5 l",,1.29,0.86,1500,L,€/L,,,https://driveimg1.intermarche.com/pt/Content/images/boitmal/produit/zoom/9CFD5D319CF23E8EEE61B6DFE693387D.jpg,,,2025-12-10T23:59:59Z,PROSPECTUS,13,2,,,,
1230,5601146232512,1500.0,Joi,"Refrigerante sem gás, maracujá e la, garrafa de 1,5 l",,1.29,0.86,1500,L,€/L,,,https://driveimg1.intermarche.com/pt/Content/images/boitmal/produit/zoom/430468AF369DBE1139E298A0EA69B620.jpg,,,2025-12-10T23:59:59Z,PROSPECTUS,13,2,,,,
12460,8006540618820,,Dodot,Fraldas Bebé Seco T3 | 6-10 Kg,Embalagem com 62 un.,13.29,13.29,0,,€/Unidade,,,https://driveimg1.intermarche.com/pt/Content/images/boitmal/produit/zoom/9D57B97722A0F129DCB50B664EECFFAF.jpg,,,2025-12-10T23:59:59Z,PROSPECTUS,13,2,,,,
12519,8712100417054,416.0,HellmannS,"Maionese, frasco, embalagem de 420g",,2.99,7.19,0,kg,€/Kg,,,https://driveimg1.intermarche.com/pt/Content/images/boitmal/produit/zoom/6AB870EF622544FC82599432CC32DE9B.jpg,https://driveimg1.intermarche.com/pt/Content/images/boitmal/produit/zoom/6731B805B2B4B445CCCFD0D614219E37.jpg,https://driveimg1.intermarche.com/pt/Content/images/boitmal/produit/zoom/6731B805B2B4B445CCCFD0D614219E37.jpg,2025-12-10T23:59:59Z,PROSPECTUS,13,2,https://driveimg1.intermarche.com/pt/Content/images/boitmal/produit/zoom/6731B805B2B4B445CCCFD0D614219E37.jpg,,,
12588,3250391548583,250.0,Labell,Leite Desmaquilhante Pele Seca e Sensível 250ml,Embalagem de 250 ml,1.24,4.96,250,L,€/L,,,https://driveimg1.intermarche.com/pt/Content/images/boitmal/produit/zoom/CF90B9926CE368BC1D120832A6809BE7.jpg,,,2025-12-10T23:59:59Z,PROSPECTUS,13,2,,,,
1270,5601151023150,500.0,Compal,"Polpa de tomate com cebola e alho, embalagem de 500g",,1.49,2.98,0,kg,€/Kg,,,https://driveimg1.intermarche.com/pt/Content/images/boitmal/produit/zoom/195ABA90C0C8B2FE1D9EE0202B59D28C.jpg,,,2025-12-10T23:59:59Z,PROSPECTUS,13,2,,,,
1271,5601151043455,1000.0,Compal,"Néctar vital equilibrio laranja/cenoura/manga, embalagem de 1l",,1.43,1.43,1000,L,€/L,,,https://driveimg1.intermarche.com/pt/Content/images/boitmal/produit/zoom/95EEEE3EF954497922A88CB87837123B.jpg,,,2025-12-10T23:59:59Z,PROSPECTUS,13,2,,,,
1272,5601151060254,500.0,Compal,"Tomate triturado, embalagem de 500g",,1.49,2.98,0,kg,€/Kg,,,https://driveimg1.intermarche.com/pt/Content/images/boitmal/produit/zoom/F73D2E34D160FB2C4040DA3AD1BBEF87.jpg,,,2025-12-10T23:59:59Z,PROSPECTUS,13,2,,,,
12943,2892087000000,1500.0,Fruta,Mamão,"1 un = 1,5 kg (aprox.)",5.84,3.89,0,,€/Kg,,,https://driveimg1.intermarche.com/pt/Content/images/boitmal/produit/zoom/E92859558CF3617793775ADAD1A11B14.jpg,,,2025-12-10T23:59:59Z,PROSPECTUS,13,2,,,,
1331,5601165006255,259.0,Calvé,"Molho de alho, embalagem de 260g",,1.79,6.91,0,kg,€/Kg,,,https://driveimg1.intermarche.com/pt/Content/images/boitmal/produit/zoom/250292652676F63A9916D46B501BCEC4.jpg,https://driveimg1.intermarche.com/pt/Content/images/boitmal/produit/zoom/5F13F0DF96776682A865C5AC21E8DB42.jpg,https://driveimg1.intermarche.com/pt/Content/images/boitmal/produit/zoom/5F13F0DF96776682A865C5AC21E8DB42.jpg,2025-12-10T23:59:59Z,PROSPECTUS,13,2,https://driveimg1.intermarche.com/pt/Content/images/boitmal/produit/zoom/5F13F0DF96776682A865C5AC21E8DB42.jpg,https://driveimg1.intermarche.com/pt/Content/images/boitmal/produit/zoom/5F13F0DF96776682A865C5AC21E8DB42.jpg,,
13577,2893572000000,200.0,Peixaria,Pota Inteira Congelada,1 un= 200 gr (aprox.),1.0,4.99,0,,€/Kg,,Avantages !,https://driveimg1.intermarche.com/pt/Content/images/boitmal/produit/zoom/B2D6321EA80C5271A6C9DE3162C36D95.jpg,,,2025-12-10T23:59:59Z,PROSPECTUS,13,2,,,,
13602,2893597000000,500.0,Peixaria,Pescada Média Argentina Congelada,+ de 500 g,2.5,4.99,0,,€/Kg,,Avantages !,https://driveimg1.intermarche.com/pt/Content/images/boitmal/produit/zoom/0D3A6A42D4C22CDA932A00A286926BF6.jpg,,,2025-12-10T23:59:59Z,PROSPECTUS,13,2,,,,
13944,2891054000000,250.0,Porco,Orelhas,1 un = 250 gr (aprox.),1.0,3.99,0,,€/Kg,,,https://driveimg1.intermarche.com/pt/Content/images/boitmal/produit/zoom/58E736C9F70B312B5FE9853375C94DCC.jpg,,,2025-12-10T23:59:59Z,PROSPECTUS,13,2,,,,
1463,5601286232779,250.0,Milaneza,"Massa pevide, embalagem de 250g",,0.61,2.44,0,kg,€/Kg,,,https://driveimg1.intermarche.com/pt/Content/images/boitmal/produit/zoom/7FABF67C8683DAD5B618F045601E14A4.jpg,,,2025-12-10T23:59:59Z,PROSPECTUS,13,2,,,,
1465,5601286234773,250.0,Milaneza,"Massa de letras, embalagem de 250g",,0.61,2.44,0,kg,€/Kg,,,https://driveimg1.intermarche.com/pt/Content/images/boitmal/produit/zoom/93F4FB7CE3C81A4CA398AFB1F88C82DD.jpg,,,2025-12-10T23:59:59Z,PROSPECTUS,13,2,,,,
14723,8410063045139,800.0,Pescanova,"Camarão vannamei 40/48, embalagem de 800g",,9.39,11.74,0,kg,€/Kg,,Tipo de stockagem,https://driveimg1.intermarche.com/pt/Content/images/boitmal/produit/zoom/CF56AF8546EAE589D7E2D74E545BD302.jpg,,,2025-12-10T23:59:59Z,PROSPECTUS,13,2,,,,
14971,3083681022803,400.0,Bonduelle,"Brócolos, emb. 400 gr",Embalagem de 400g,1.69,4.23,0,kg,€/Kg,,Tipo de stockagem,https://driveimg1.intermarche.com/pt/Content/images/boitmal/produit/zoom/BAD37548AE8D4A0D4C5D58D6BD0B7B47.jpg,,,2025-12-10T23:59:59Z,PROSPECTUS,13,2,,,,
15103,2892313000000,250.0,Fruta,Romã,1 un = 250 gr  (aprox.),0.55,2.19,0,,€/Kg,,,https://driveimg1.intermarche.com/pt/Content/images/boitmal/produit/zoom/E85BA7F4F9F4640997312261C692956D.jpg,,,2025-12-10T23:59:59Z,PROSPECTUS,13,2,,,,
1512,5601383029128,250.0,Izidoro,"Salsichas aves, frasco com 5 unidad",Embalagem de 250g,1.98,7.92,0,kg,€/Kg,,,https://driveimg1.intermarche.com/pt/Content/images/boitmal/produit/zoom/D6BD3A6096F982A2C1401CEF6014CDF6.jpg,,,2025-12-10T23:59:59Z,PROSPECTUS,13,2,,,,
15350,5604260266890,800.0,PorSi,Bacalhau Posta Asa Branca 800g,Embalagem de 800G,12.99,16.24,0,kg,€/Kg,,Tipo de stockagem,https://driveimg1.intermarche.com/pt/Content/images/boitmal/produit/zoom/43BB35F40C1294E723BAA5CCE2B4677A.jpg,,,2025-12-10T23:59:59Z,PROSPECTUS,13,2,,,,
15503,8410500018931,400.0,Danonino Danone,"Iogurte líquido danonino tutti frutti, embalagem de 4 x 100 g",,2.09,5.23,0,kg,€/Kg,,,https://driveimg1.intermarche.com/pt/Content/images/boitmal/produit/zoom/49D4DFA8C6DABEB79926D4F0312C64D8.jpg,,,2025-12-10T23:59:59Z,PROSPECTUS,13,2,,,,
15979,5601119242364,650.0,Nobre,"Salsichas de Aves Frasco 7 un, emb. 650 gr",,2.23,3.43,0,kg,€/Kg,,,https://driveimg1.intermarche.com/pt/Content/images/boitmal/produit/zoom/F9B3EEFB29AFDD46B059DC76A73501AE.jpg,,,2025-12-10T23:59:59Z,PROSPECTUS,13,2,,,,
15981,5601119244375,210.0,Nobre,"Salsichas extra suculentas de frango, frasco de 210g",,2.55,12.14,0,kg,€/Kg,,,https://driveimg1.intermarche.com/pt/Content/images/boitmal/produit/zoom/FF112EFB90E4953B2240BF7E131FD2C0.jpg,,,2025-12-10T23:59:59Z,PROSPECTUS,13,3,,,,
16489,5900020023797,375.0,Nestlé,"Cereais Corn Flakes Go Free sem Glúten, emb. 375 gr",,2.79,7.44,0,kg,€/Kg,,,https://driveimg1.intermarche.com/pt/Content/images/boitmal/produit/zoom/1DE75AEB2E5016A7BEDE0D3818F3288A.jpg,,,2025-12-10T23:59:59Z,PROSPECTUS,13,3,,,,
16532,8410104156640,250.0,Air Wick,"Ambientador recarga delícias de verão, de 250 ml",,3.59,14.36,250,L,€/L,,,https://driveimg1.intermarche.com/pt/Content/images/boitmal/produit/zoom/D59CDBF009CEE64C14901102B4C0C5EA.jpg,,,2025-12-10T23:59:59Z,PROSPECTUS,13,3,,,,
16642,5000116109982,700.0,Iglo,"Favas, embalagem de 700g",,2.99,4.27,0,kg,€/Kg,,Tipo de stockagem,https://driveimg1.intermarche.com/pt/Content/images/boitmal/produit/zoom/F85552D539976B3D3F71699F3FA28017.jpg,,,2025-12-10T23:59:59Z,PROSPECTUS,13,3,,,,
16677,5604260276813,500.0,PorSi,Iogurte Tipo Grego Framboesa/ Amora 4x125g,,1.65,3.3,0,kg,€/Kg,,,https://driveimg1.intermarche.com/pt/Content/images/boitmal/produit/zoom/FA3982F1A80508AC104E539932C54F48.jpg,,,2025-12-10T23:59:59Z,PROSPECTUS,13,3,,,,
17749,5601174903026,1500.0,Periquita,Vinho Regional Península Setúbal Tinto,"Caixa de 2x0,75 l",7.39,4.93,1500,L,€/L,,,https://driveimg1.intermarche.com/pt/Content/images/boitmal/produit/zoom/2A6CC4246EA614068372BA90EE75397D.jpg,,,2025-12-24T23:59:59Z,PROSPECTUS,13,3,,,,
17900,8001480023277,700.0,Neoblanc,"Lixívia Spray Mousse Flor, 700ml",,2.99,4.27,700,L,€/L,,,https://driveimg1.intermarche.com/pt/Content/images/boitmal/produit/zoom/4C9540C630C990410131B89E1C2C75B8.jpg,,,2025-12-10T23:59:59Z,PROSPECTUS,13,3,,,,
18005,5601012011746,1500.0,Trinca Bolotas,Vinho tinto Trinca Bolotas DOC alentejo,2 Garrafa x 0.75L,11.19,7.46,1500,L,€/L,,,https://driveimg1.intermarche.com/pt/Content/images/boitmal/produit/zoom/1E71A9F80E3D34041824C14CFC35650A.jpg,,,2025-12-24T23:59:59Z,PROSPECTUS,13,3,,,,
18261,3147690016304,750.0,Cruz,Vinh do porto ruby,Garrafa de 750 ml,5.49,7.32,750,L,€/L,,,https://driveimg1.intermarche.com/pt/Content/images/boitmal/produit/zoom/E4AAD8D82BD58FEDC8637FEC2C456459.jpg,,,2025-12-24T23:59:59Z,PROSPECTUS,13,3,,,,
18426,3600541887817,400.0,Garnier,Champô Ultra Suave Delicias de Aveia,Embalagem de 400 ml,3.79,9.48,400,L,€/L,,,https://driveimg1.intermarche.com/pt/Content/images/boitmal/produit/zoom/FB3520AB0507187656A408B0D650CF4F.jpg,,,2025-12-10T23:59:59Z,PROSPECTUS,13,3,,,,
2029,5604260128563,250.0,PorSi,Antiembaciante Auto 250 ml,Embalagem de 250 ml,5.29,21.16,250,L,€/L,,,https://driveimg1.intermarche.com/pt/Content/images/boitmal/produit/zoom/929EFE6BE7C3C4F716A264156BA78093.jpg,,,2025-12-10T23:59:59Z,PROSPECTUS,13,3,,,,
20612,5029053550176,,Huggies,"Toalhitas Bebé Natural Care, 3x56un.",,3.39,3.39,0,,€/Unidade,,,https://driveimg1.intermarche.com/pt/Content/images/boitmal/produit/zoom/606C7A48D796733AA1083F7F306A9EF8.jpg,,,2025-12-10T23:59:59Z,PROSPECTUS,13,3,,,,
20989,5602348082394,430.0,Izidoro,"Salsicha hot dog aves, frasco 4 unidades, 430g",,2.64,6.14,0,kg,€/Kg,,,https://driveimg1.intermarche.com/pt/Content/images/boitmal/produit/zoom/0F74127155BDAF07F2CAD4E88CC05D91.jpg,,,2025-12-10T23:59:59Z,PROSPECTUS,13,3,,,,
21888,4008601100651,250.0,Friedel,Pai Natal Chocolate,Embalagem 60G,1.59,6.36,0,kg,€/Kg,,,https://driveimg1.intermarche.com/pt/Content/images/boitmal/produit/zoom/4954B620D67DB91C3FBB0997DA7CA97F.jpg,,,2025-12-24T23:59:59Z,PROSPECTUS,13,3,,,,
21968,5601849063000,,Concentra,Mauzão,Uma unidade,31.99,31.99,0,,€/Unidade,,,https://driveimg1.intermarche.com/pt/Content/images/boitmal/produit/zoom/1AFF135ECD8850096113ADFC655FCFB1.jpg,,,2025-12-24T23:59:59Z,PROSPECTUS,13,3,,,,
22840,7613035268388,125.0,Nestlé,"Tablete de chocolate leite, embalagem de 130g",,2.19,17.52,0,kg,€/Kg,,,https://driveimg1.intermarche.com/pt/Content/images/boitmal/produit/zoom/AA1F9149962828BE7A13B8577DE5A654.jpg,,,2025-12-10T23:59:59Z,PROSPECTUS,13,3,,,,
23567,3600523299850,50.0,L'oreal Men Expert,Desodorizante Roll' On Shirt Protect,Embalagem de 50 ml,2.69,53.8,50,L,€/L,,,https://driveimg1.intermarche.com/pt/Content/images/boitmal/produit/zoom/59B0AFB6C9A9DA1678B385D33DB97EFE.jpg,,,2025-12-10T23:59:59Z,PROSPECTUS,13,3,,,,
23652,8712000900175,6000.0,Heineken,"Cerveja com Álcool, emb. 24 x 25 cl",,14.99,2.5,6000,L,€/L,,,https://driveimg1.intermarche.com/pt/Content/images/boitmal/produit/zoom/AB5BBEB462A56533212E5950F8D46993.jpg,,,2025-12-10T23:59:59Z,PROSPECTUS,13,3,,,,
2441,5998749107898,720.0,Pedigree,"Snack dentastix médio, de 720 g",,8.14,11.31,0,kg,€/Kg,,,https://driveimg1.intermarche.com/pt/Content/images/boitmal/produit/zoom/FC04B8F248B16D5802B314F197DBA209.jpg,,,2025-12-10T23:59:59Z,PROSPECTUS,13,3,,,,
24413,8410436297783,1300.0,Sonasol,"Lava tudo PH neutro, embalagem de 1,3l",,2.24,1.72,1300,L,€/L,,,https://driveimg1.intermarche.com/pt/Content/images/boitmal/produit/zoom/40B27BFEEAC61B53B8E103581B41FECE.jpg,,,2025-12-10T23:59:59Z,PROSPECTUS,13,3,,,,
24415,8410436299961,1300.0,Sonasol,"Lava tudo lavanda, 1,3l",,2.24,1.72,1300,L,€/L,,,https://driveimg1.intermarche.com/pt/Content/images/boitmal/produit/zoom/7357FEB6EC6D53B795AF0EA5889F5ADF.jpg,,,2025-12-10T23:59:59Z,PROSPECTUS,13,3,,,,
24586,3600541946293,400.0,Garnier,Condicionador Ultra Suave abacate,Embalagem de 400 ml,3.79,9.48,400,L,€/L,,,https://driveimg1.intermarche.com/pt/Content/images/boitmal/produit/zoom/BD38900C3DFE3A9574382D078DA54518.jpg,,,2025-12-10T23:59:59Z,PROSPECTUS,13,3,,,,
2480,7613032584436,250.0,Cerelac,"Papa Infantil Láctea de Maçã +6M, emb. 250 gr",,3.19,12.76,0,kg,€/Kg,,,https://driveimg1.intermarche.com/pt/Content/images/boitmal/produit/zoom/DE2856C1EA531D0617965332F05D89D4.jpg,,,2025-12-10T23:59:59Z,PROSPECTUS,13,3,,,,
25121,7613035749016,180.0,Cerelac,Bolachinhas,Embalagem de 180g,2.45,13.61,0,kg,€/Kg,,,https://driveimg1.intermarche.com/pt/Content/images/boitmal/produit/zoom/605ECA9DE09DE1F0EB70535839DB2AC3.jpg,,,2025-12-10T23:59:59Z,PROSPECTUS,13,3,,,,
25513,8410063074924,320.0,Pescanova,"Filetes de Pescada sem Glúten, emb. 320 gr (4 un)",,4.49,14.03,0,kg,€/Kg,,Tipo de stockagem,https://driveimg1.intermarche.com/pt/Content/images/boitmal/produit/zoom/223B86A64722EA649978D9F45EF21399.jpg,,,2025-12-10T23:59:59Z,PROSPECTUS,13,3,,,,
26455,8006540830840,1250.0,Fairy,Detergente Líquido p/ Lavar Loiça Platinum Original,"Embalagem de 1,25 l",4.99,3.99,1250,L,€/L,,,https://driveimg1.intermarche.com/pt/Content/images/boitmal/produit/zoom/F9FB16396CA6333A721D98D1F2F69B67.jpg,,,2025-12-10T23:59:59Z,PROSPECTUS,13,3,,,,
26549,3094905001436,,Aquafresh,Escovas Dentífricas Limpeza Flex,2 un. + 1 Grátis,2.84,2.84,0,,€/Unidade,,,https://driveimg1.intermarche.com/pt/Content/images/boitmal/produit/zoom/F1287D0C49D30EE3EDA2BDFA782E59CD.jpg,,,2025-12-10T23:59:59Z,PROSPECTUS,13,3,,,,
2753,8410066113484,400.0,Heinz,Maionese de cebola e alho 400 ml,,2.89,7.23,400,L,€/L,,,https://driveimg1.intermarche.com/pt/Content/images/boitmal/produit/zoom/CB59DADB624294DBACBA357544AFD162.jpg,,,2025-12-10T23:59:59Z,PROSPECTUS,13,3,,,,
2788,8410199790958,130.0,Cheetos,"Aperitivos futebolas, embalagem de 130g",,1.69,13.0,0,kg,€/Kg,,,https://driveimg1.intermarche.com/pt/Content/images/boitmal/produit/zoom/6E3E638A2C20F2794B685C451FDB40F7.jpg,,,2025-12-10T23:59:59Z,PROSPECTUS,13,3,,,,
27921,3600523587315,200.0,Elvive,"Máscara Cabelo Elvive Reconstrutora Dream Long, emb. 300 ml",Embalagem de 200 ml,4.99,24.95,200,L,€/L,,,https://driveimg1.intermarche.com/pt/Content/images/boitmal/produit/zoom/F617A6480E1DFB510E6663730A453A0A.jpg,,,2025-12-10T23:59:59Z,PROSPECTUS,13,3,,,,
28366,5604086238026,750.0,Três Bagos,Vinho DOC Douro Reserva Tinto,"Garrafa de 0,75L",8.99,11.99,750,L,€/L,,,https://driveimg1.intermarche.com/pt/Content/images/boitmal/produit/zoom/CC0C36D15EE266EB0410A0A00AD24762.jpg,,,2025-12-10T23:59:59Z,PROSPECTUS,13,3,,,,
28498,7613287238504,9000.0,Friskies,Ração seca para cão balance frango,Embalagem de 9 kg,17.54,1.95,0,kg,€/Kg,,,https://driveimg1.intermarche.com/pt/Content/images/boitmal/produit/zoom/C4846467E08228D9625C430B5E568A9D.jpg,,,2025-12-10T23:59:59Z,PROSPECTUS,13,3,,,,
28511,8410104889111,,Finish,Pastilhas Limpa Máquinas,Embalagem c/ 3 un.,5.49,5.49,0,,€/Unidade,,,https://driveimg1.intermarche.com/pt/Content/images/boitmal/produit/zoom/FD70FB61B60D1D010225A23710A0F1DA.jpg,,,2025-12-10T23:59:59Z,PROSPECTUS,13,3,,,,
29082,5410976140122,250.0,Guylian,"Bombons Frutos do Mar, emb. 250 gr",,8.69,34.76,0,kg,€/Kg,,,https://driveimg1.intermarche.com/pt/Content/images/boitmal/produit/zoom/3C8BEB0B5F241708B6F819F9DEEA51D5.jpg,,,2025-12-24T23:59:59Z,PROSPECTUS,13,3,,,,
29434,8412600028568,500.0,Bimbo,"Pão de Forma Artesano com Côdea, emb. 500 gr",550 g,2.29,4.58,0,kg,€/Kg,,,https://driveimg1.intermarche.com/pt/Content/images/boitmal/produit/zoom/3CFE72B428C8815F287AEBF5DD23696F.jpg,,,2025-12-10T23:59:59Z,PROSPECTUS,13,3,,,,
29717,5604260246328,1000.0,Porsi Vivabem,Bebida de Soja Sabor Baunilha 1l,,0.94,0.94,1000,L,€/L,,,https://driveimg1.intermarche.com/pt/Content/images/boitmal/produit/zoom/E894C778C537C2728FC25CE8A311F2EA.jpg,,,2025-12-10T23:59:59Z,PROSPECTUS,13,3,,,,
30115,5449000016737,1000.0,Coca-Cola,"Refrigerante sem cafeína, garrafa de 1l",,1.35,1.35,1000,L,€/L,,,https://driveimg1.intermarche.com/pt/Content/images/boitmal/produit/zoom/23CF5CDA5B630E80CF6F88C3DB4BC0F8.jpg,,,2025-12-10T23:59:59Z,PROSPECTUS,13,3,,,,
30165,8410436320573,1100.0,Sonasol,Lava Tudo Brilhante Eucalipto,"embalagem 1,1L",2.99,2.72,1100,L,€/L,,,https://driveimg1.intermarche.com/pt/Content/images/boitmal/produit/zoom/1D59B5FEAE0C00D87C9E61FEE70A9A3D.jpg,,,2025-12-10T23:59:59Z,PROSPECTUS,13,3,,,,
30189,5601531118124,750.0,Moncao,"Vinho verde branco adega de monção escolha, garrafa de 750 ml",,2.99,3.99,750,L,€/L,,,https://driveimg1.intermarche.com/pt/Content/images/boitmal/produit/zoom/EF0EE8DAF604D2E25A59A3BBF00C3253.jpg,,,2025-12-10T23:59:59Z,PROSPECTUS,13,3,,,,
30879,5601195620124,1000.0,Pedras Salgadas,"Água com Gás Frutos Vermelhos, emb. 4 x 25 cl",,2.29,2.29,1000,L,€/L,,,https://driveimg1.intermarche.com/pt/Content/images/boitmal/produit/zoom/DACC98E3A99D2D4256E058D5E52543E9.jpg,,,2025-12-10T23:59:59Z,PROSPECTUS,13,3,,,,
3169,4023103168237,,Vileda,"Saco lixo super+ 50 litros, 10 unidades",,1.45,1.45,1,,€/Unidade,,,https://driveimg1.intermarche.com/pt/Content/images/boitmal/produit/zoom/230393495981253B135138ECBF9913C6.jpg,,,2025-12-10T23:59:59Z,PROSPECTUS,13,3,,,,
33417,7613036607681,240.0,Cerelac,"Papa Infantil Láctea Aveia, Maçã e Cenoura Seleção da Natureza +6M, emb. 240 gr",Embalagem de 240g,2.99,12.46,0,kg,€/Kg,,,https://driveimg1.intermarche.com/pt/Content/images/boitmal/produit/zoom/A44EB4797E6113C3E0EEBA3D69E28D1E.jpg,,,2025-12-10T23:59:59Z,PROSPECTUS,13,3,,,,
34115,5010504100095,700.0,Cutty Sark,Whisky,Garrafa de 700 ml,12.69,18.13,700,L,€/L,,,https://driveimg1.intermarche.com/pt/Content/images/boitmal/produit/zoom/2BC314804C41B6E623B4ADD6D620E800.jpg,,,2025-12-24T23:59:59Z,PROSPECTUS,13,3,,,,
35280,3250391999781,,Labell,Escova de Dentes Luminosa Dos 3 Aos 6 Anos - 1 Unidade,1 un.,2.05,2.05,0,,€/Unidade,,,https://driveimg1.intermarche.com/pt/Content/images/boitmal/produit/zoom/984C7882F839BC26F81F38CA85FF073D.jpg,,,2025-12-10T23:59:59Z,PROSPECTUS,13,3,,,,
35297,5601314223205,500.0,Vitalis,"Água sem gás, garrafa de 0.5 l",,0.33,0.66,500,L,€/L,,,https://driveimg1.intermarche.com/pt/Content/images/boitmal/produit/zoom/7FE52B99CA553391F86364EECEA547A5.jpg,,,2025-12-10T23:59:59Z,PROSPECTUS,13,3,,,,
35558,5601151973721,3500.0,Pepsi,"Refrigerante com gás, pack de 2 x 1.75 l",,3.18,0.91,3500,L,€/L,,,https://driveimg1.intermarche.com/pt/Content/images/boitmal/produit/zoom/4591303E8886D5226C017EC0EFBDEC41.jpg,,,2025-12-10T23:59:59Z,PROSPECTUS,13,3,,,,
35884,7613036886536,400.0,Yogolino,Yogolino morango banana 0% açúcares adicionados 4x100g,Embalagem de 400g,1.99,4.98,0,kg,€/Kg,,,https://driveimg1.intermarche.com/pt/Content/images/boitmal/produit/zoom/7807C1DC6FDB66074A291996AEB79A89.jpg,,,2025-12-10T23:59:59Z,PROSPECTUS,13,3,,,,
36186,8715700017006,570.0,Heinz,"Ketchup top down, 570g",,3.24,5.68,0,kg,€/Kg,,,https://driveimg1.intermarche.com/pt/Content/images/boitmal/produit/zoom/61C6EABD68232C332B75678207D54C3E.jpg,,,2025-12-10T23:59:59Z,PROSPECTUS,13,3,,,,
36655,8410436343404,500.0,Sonasol,Spray casa de banho brilhante,Embalagem de 500 ml,1.99,3.98,500,L,€/L,,,https://driveimg1.intermarche.com/pt/Content/images/boitmal/produit/zoom/74C5950FE2E809CF8D1EA09C76858123.jpg,,,2025-12-10T23:59:59Z,PROSPECTUS,13,3,,,,
36657,5601217132673,500.0,Cillitbang,"Spray lixívia e higiene, de 500 ml",,2.49,4.98,500,L,€/L,,,https://driveimg1.intermarche.com/pt/Content/images/boitmal/produit/zoom/D9B27A41A222F2F218026715A414F2D0.jpg,,,2025-12-10T23:59:59Z,PROSPECTUS,13,3,,,,
36659,5604260300549,500.0,PorSi,Camarão Cozido 20/30 500 G,Embalagem de 500 g,7.99,15.98,0,kg,€/Kg,,,https://driveimg1.intermarche.com/pt/Content/images/boitmal/produit/zoom/76A477C5255D5005097F6D1F4D95E61F.jpg,,,2025-12-10T23:59:59Z,PROSPECTUS,13,3,,,,
37761,5604260273638,1000.0,PorSi,Lasanha a Bolonhesa 1k,,4.49,4.49,0,kg,€/Kg,,Tipo de stockagem,https://driveimg1.intermarche.com/pt/Content/images/boitmal/produit/zoom/2EF38A69CF4E19739293D8A40C320DDE.jpg,,,2025-12-10T23:59:59Z,PROSPECTUS,13,3,,,,
37812,5604260301065,,PorSi,Fraldas Premium T3 4-10 kg - 60 Unidades,,7.99,7.99,0,,€/Unidade,,,https://driveimg1.intermarche.com/pt/Content/images/boitmal/produit/zoom/4EAC10020B9224D6442ABE842B034538.jpg,,,2025-12-10T23:59:59Z,PROSPECTUS,13,3,,,,
37814,5604260301089,,PorSi,Fraldas Premium T5 13-18 kg - 42 Unidades,,7.99,7.99,0,,€/Unidade,,,https://driveimg1.intermarche.com/pt/Content/images/boitmal/produit/zoom/C13EDAEA790705BF6C3FF3D6193E73D1.jpg,,,2025-12-10T23:59:59Z,PROSPECTUS,13,3,,,,
38291,8410436343527,1100.0,Sonasol,"Lava Tudo Desinfetante, embalagem 1,1l",,2.99,2.72,1100,L,€/L,,,https://driveimg1.intermarche.com/pt/Content/images/boitmal/produit/zoom/3BCE9789D68C09F6CE19611FDEABB947.jpg,,,2025-12-10T23:59:59Z,PROSPECTUS,13,3,,,,
38330,7613036886994,400.0,Yogolino,Yogolino pêssego banana 0% açúcares adicionados 4x100g,Embalagem de 400g,1.99,4.98,0,kg,€/Kg,,,https://driveimg1.intermarche.com/pt/Content/images/boitmal/produit/zoom/46F9E1E8ECDF4D5D7026305EEF6FB459.jpg,,,2025-12-10T23:59:59Z,PROSPECTUS,13,3,,,,
3916,3250391332779,,Labell,Dentífrico Júnior 7-13 Anos 75 ml,Embalagem de 75 ml,0.79,0.79,0,,€/Unidade,,,https://driveimg1.intermarche.com/pt/Content/images/boitmal/produit/zoom/B9B794ADAEA365AE7AF99E6BE46AB75F.jpg,,,2025-12-10T23:59:59Z,PROSPECTUS,13,3,,,,
392,8712566173860,68.0,Knorr,"Canja com aletria, embalagem de 70g",,1.6,23.53,0,kg,€/Kg,,,https://driveimg1.intermarche.com/pt/Content/images/boitmal/produit/zoom/0FDE190C3180267DE92D355FE905E718.jpg,,,2025-12-10T23:59:59Z,PROSPECTUS,13,3,,,,
40834,8718951333390,1000.0,Ajax,"Lava tudo boost vinagre, 1 l",,1.99,1.99,1000,L,€/L,,,https://driveimg1.intermarche.com/pt/Content/images/boitmal/produit/zoom/AA079AF8B407E3DB4BE3429621BC2D32.jpg,,,2025-12-10T23:59:59Z,PROSPECTUS,13,3,,,,
41041,8001480703001,700.0,Neoblanc,Tira nódoas em spray cores,Embalagem de 700 ml,2.99,4.27,700,L,€/L,,,https://driveimg1.intermarche.com/pt/Content/images/boitmal/produit/zoom/1B7BCC034AAC45310DFFCE9E289F80C7.jpg,,,2025-12-10T23:59:59Z,PROSPECTUS,13,3,,,,
41149,8710522571477,225.0,Linic,"Champô para homem oleosidade, embalagem de 225 ml",,3.34,14.84,225,L,€/L,,,https://driveimg1.intermarche.com/pt/Content/images/boitmal/produit/zoom/B14FEECAAF1AB05F6A47FD9FA1FDD524.jpg,,,2025-12-10T23:59:59Z,PROSPECTUS,13,3,,,,
419,8718114882536,50.0,Knorr,"Sopa de cebola, embalagem de 50g",,1.6,32.0,0,kg,€/Kg,,,https://driveimg1.intermarche.com/pt/Content/images/boitmal/produit/zoom/40DE8A4B0CCB6E254052E81CFB00180A.jpg,,,2025-12-10T23:59:59Z,PROSPECTUS,13,3,,,,
41901,7613037677591,250.0,Cerelac,"Papa Infantil Farinha Láctea com 40% Menos Açúcares +6M,  emb. 250 gr",,2.49,9.96,0,kg,€/Kg,,,https://driveimg1.intermarche.com/pt/Content/images/boitmal/produit/zoom/029375962274AEB82420915E9195E54A.jpg,,,2025-12-10T23:59:59Z,PROSPECTUS,13,3,,,,
42122,5604260304332,2000.0,PorSi Select,Alimento Seco Gato Pro Adulto 2 kg,,5.39,2.7,0,kg,€/Kg,,,https://driveimg1.intermarche.com/pt/Content/images/boitmal/produit/zoom/9C42A2744D89F3E2795F5F8D5BEC84F2.jpg,,,2025-12-10T23:59:59Z,PROSPECTUS,13,3,,,,
42518,8001841677194,,Dodot,Fralda cueca T5 | 12 a 17 kg,Embalagem com 30 unidades,8.39,8.39,0,,€/Unidade,,,https://driveimg1.intermarche.com/pt/Content/images/boitmal/produit/zoom/CD52966267B9BDE508D8314F6FB7A801.jpg,,,2025-12-10T23:59:59Z,PROSPECTUS,13,3,,,,
4320,3600540623751,200.0,Narta,Desodorizante spray invisível,Embalagem de 200 ml,2.69,13.45,200,L,€/L,,,https://driveimg1.intermarche.com/pt/Content/images/boitmal/produit/zoom/EC9269598EAC7B2811885471BF4FBA2A.jpg,,,2025-12-10T23:59:59Z,PROSPECTUS,13,3,,,,
43305,7613039531853,400.0,Yogolino,"Iogurte natural sem açúcares, 4 x 100g",,1.99,4.98,0,kg,€/Kg,,,https://driveimg1.intermarche.com/pt/Content/images/boitmal/produit/zoom/D14F8D1F0D079BCE10587AF10DBDB6CC.jpg,,,2025-12-10T23:59:59Z,PROSPECTUS,13,3,,,,
43391,5604260311361,375.0,PorSi,Cereais Tufados com Chocolate 375g,,2.09,5.57,0,kg,€/Kg,,,https://driveimg1.intermarche.com/pt/Content/images/boitmal/produit/zoom/0428AE1F5CD3BB970CAA041BF746DC66.jpg,https://driveimg1.intermarche.com/pt/Content/images/boitmal/produit/zoom/7E78E95CAFB58715E2FD207B8F077F2E.jpg,https://driveimg1.intermarche.com/pt/Content/images/boitmal/produit/zoom/7E78E95CAFB58715E2FD207B8F077F2E.jpg,2025-12-10T23:59:59Z,PROSPECTUS,13,3,https://driveimg1.intermarche.com/pt/Content/images/boitmal/produit/zoom/7E78E95CAFB58715E2FD207B8F077F2E.jpg,,,
43658,5604260312672,275.0,PorSi,Pérolas Perfumadas Fresh 275g,Embalagem de 275 g,2.99,10.87,0,kg,€/Kg,,,https://driveimg1.intermarche.com/pt/Content/images/boitmal/produit/zoom/C481D383E04EE387D22A1B430E527754.jpg,,,2025-12-10T23:59:59Z,PROSPECTUS,13,3,,,,
43845,5604260312603,2520.0,PorSi,Detergente em Pó Lavanda.2520 G,,6.29,2.5,0,kg,€/Kg,,,https://driveimg1.intermarche.com/pt/Content/images/boitmal/produit/zoom/A8AF58D60C6541AE419920369BC0182C.jpg,,,2025-12-10T23:59:59Z,PROSPECTUS,13,3,,,,
44788,5603722514777,480.0,Mimosa,"Iogurte sólido sem lactose morango, 4 x 125 g",,1.99,4.15,0,kg,€/Kg,,,https://driveimg1.intermarche.com/pt/Content/images/boitmal/produit/zoom/3DB7F02446D5B9722A9F0B8C3AE2AFA0.jpg,,,2025-12-10T23:59:59Z,PROSPECTUS,13,3,,,,
44827,5060751213512,500.0,Monster,"Bebida energética energy ultra fiesta mango, lata de 500 ml",,1.39,2.78,500,L,€/L,,,https://driveimg1.intermarche.com/pt/Content/images/boitmal/produit/zoom/36E7A9CCEFBA2C0AF6B53A03ABEB5326.jpg,,,2025-12-10T23:59:59Z,PROSPECTUS,13,3,,,,
45773,5054563087829,75.0,Aquafresh,"Pasta dentífrica eucalipto, lima e menta",Embalagem de 75ml,1.84,24.53,75,L,€/L,,,https://driveimg1.intermarche.com/pt/Content/images/boitmal/produit/zoom/1F94A046F2A6C727F7B6BE2D468B428F.jpg,,,2025-12-10T23:59:59Z,PROSPECTUS,13,3,,,,
46342,8720181031632,150.0,Axe,"Desodorizante Spray Apollo, emb. 150 ml",,3.59,23.93,150,L,€/L,,,https://driveimg1.intermarche.com/pt/Content/images/boitmal/produit/zoom/918EEAAD84BF0853F5CD5D8C1170D1CF.jpg,,,2025-12-10T23:59:59Z,PROSPECTUS,13,3,,,,
46517,5000204208917,750.0,Pato,"Líquido sanitário ação total pinho, 750 ml",,1.94,2.59,750,L,€/L,,,https://driveimg1.intermarche.com/pt/Content/images/boitmal/produit/zoom/08C17A1F547C898E2E6E9CBB3441BB2A.jpg,,,2025-12-10T23:59:59Z,PROSPECTUS,13,3,,,,
46770,7613287238290,9000.0,Friskies,Ração seca para cão active,Embalagem de 9 kg,17.54,1.95,0,kg,€/Kg,,,https://driveimg1.intermarche.com/pt/Content/images/boitmal/produit/zoom/87E5E98AAB65EA72424F3136636153B9.jpg,,,2025-12-10T23:59:59Z,PROSPECTUS,13,3,,,,
46824,5603722518270,720.0,Mimosa,"Iogurte magro aroma multi sabores de morango/coco, 6x120g",,1.99,2.76,0,kg,€/Kg,,,https://driveimg1.intermarche.com/pt/Content/images/boitmal/produit/zoom/C1F13564A32ADE4727C9B834FE2B8090.jpg,,,2025-12-10T23:59:59Z,PROSPECTUS,13,3,,,,
46828,5601195650121,1000.0,Pedras Salgadas,"Água com gás tangerina, pack 4 x 25 cl",,2.29,2.29,1000,L,€/L,,,https://driveimg1.intermarche.com/pt/Content/images/boitmal/produit/zoom/C741A105A5ADD4B4B95BF633150AA653.jpg,,,2025-12-10T23:59:59Z,PROSPECTUS,13,3,,,,
46921,5604260318803,250.0,PorSi Select,Bombons Frutos do Mar,250 g,3.89,15.56,0,kg,€/Kg,,,https://driveimg1.intermarche.com/pt/Content/images/boitmal/produit/zoom/21DE68F559B30F55F4E6AFC7333725FE.jpg,,,2025-12-24T23:59:59Z,PROSPECTUS,13,3,,,,
47019,5604260319084,200.0,PorSi Select,Trufas de Cacau,,1.89,9.45,0,kg,€/Kg,,,https://driveimg1.intermarche.com/pt/Content/images/boitmal/produit/zoom/4AA4925FFD5445A654888A10EEB34DFB.jpg,https://driveimg1.intermarche.com/pt/Content/images/boitmal/produit/zoom/02469861308C38D912A61C46B1E065A2.jpg,,2025-12-24T23:59:59Z,PROSPECTUS,13,3,,,,
4734,5000204678840,100.0,Pato,"Bloco Autoclismo Matic Água Azul, emb. 2 un",Embalagem de 2x50 g,2.49,24.9,0,kg,€/Kg,,,https://driveimg1.intermarche.com/pt/Content/images/boitmal/produit/zoom/FFF052ED8D335191AD778149C1D6A51C.jpg,,,2025-12-10T23:59:59Z,PROSPECTUS,13,3,,,,
47380,5201429096925,,Hot Wheels,Bancada de ferramentas,1 embalagem,39.99,39.99,0,,€/Unidade,,,https://driveimg1.intermarche.com/pt/Content/images/boitmal/produit/zoom/1AC93E0262EA8D024A8CF2F011E15484.jpg,,,2025-12-24T23:59:59Z,PROSPECTUS,13,3,,,,
47845,5604260320271,126.0,PorSi,Barras de Cereais Forma Arandos 126g,,1.39,11.03,0,kg,€/Kg,,,https://driveimg1.intermarche.com/pt/Content/images/boitmal/produit/zoom/510BAB6DC94E26303B168B0AE32B380D.jpg,,,2025-12-10T23:59:59Z,PROSPECTUS,13,3,,,,
48738,7613287785398,100.0,Yogolino,Nestle yogolino alimento lact. maca morango +8m 90g,Embalagem de 100g,0.86,8.6,0,kg,€/Kg,,,https://driveimg1.intermarche.com/pt/Content/images/boitmal/produit/zoom/099E6FED97461079E3762698578C9B20.jpg,,,2025-12-10T23:59:59Z,PROSPECTUS,13,3,,,,
48767,5603722520433,750.0,Mimosa,"Leite uht morango sem lactose, pack 3 x 250 ml",,2.97,3.96,750,L,€/L,,,https://driveimg1.intermarche.com/pt/Content/images/boitmal/produit/zoom/131DD82E3B8B5964AC434CC4107E77EC.jpg,https://driveimg1.intermarche.com/pt/Content/images/boitmal/produit/zoom/C20EBB17C29A9F7AF802FE40FE4174C4.jpg,https://driveimg1.intermarche.com/pt/Content/images/boitmal/produit/zoom/8E7049719679131E7E9A0796D176D29B.jpg,2025-12-10T23:59:59Z,PROSPECTUS,13,3,https://driveimg1.intermarche.com/pt/Content/images/boitmal/produit/zoom/4D7C8BB6B0E88069DB4AB5DBD121C211.jpg,,,
49362,8410104898342,,Air Wick,"Recarga ambientador elétrico vanilla, 19 ml",,3.59,3.59,1,,€/Unidade,,,https://driveimg1.intermarche.com/pt/Content/images/boitmal/produit/zoom/4E096C33C031D414CC8D723E9334FC8F.jpg,,,2025-12-10T23:59:59Z,PROSPECTUS,13,3,,,,
49418,8410500012861,1200.0,Actimel Danone,"Probiótico natural 0%, 12 x 100 g",,4.99,4.16,0,kg,€/Kg,,,https://driveimg1.intermarche.com/pt/Content/images/boitmal/produit/zoom/31841197B3A773C57C73C74FF0227CFD.jpg,,,2025-12-10T23:59:59Z,PROSPECTUS,13,3,,,,
49461,5900020023094,375.0,Nestlé,"Cini minis canela, embalagem de 375g",,2.98,7.95,0,kg,€/Kg,,,https://driveimg1.intermarche.com/pt/Content/images/boitmal/produit/zoom/6971BBFEA24941874EC510EECF08F124.jpg,,,2025-12-10T23:59:59Z,PROSPECTUS,13,3,,,,
49475,5601146570027,3750.0,Sagres,"Cerveja com Álcool Mini, emb. 15 x 25 cl",,7.99,2.13,3750,L,€/L,,,https://driveimg1.intermarche.com/pt/Content/images/boitmal/produit/zoom/A715AE59B8D1A6C9C572F97AFE8A2897.jpg,,,2025-12-10T23:59:59Z,PROSPECTUS,13,3,,,,
49964,8719200238176,225.0,Becel,"Creme de barrar, embalagem de 225g",,1.99,8.84,0,kg,€/Kg,,,https://driveimg1.intermarche.com/pt/Content/images/boitmal/produit/zoom/02C3B8CB4BF40DA381639A6BD63AEBA6.jpg,,,2025-12-10T23:59:59Z,PROSPECTUS,13,3,,,,
5039,5601029001105,120.0,Pitéu,"Filete de Cavala em Óleo, emb. 120 gr",,2.04,17.0,0,kg,€/Kg,,,https://driveimg1.intermarche.com/pt/Content/images/boitmal/produit/zoom/73E77A16ABB6501C787F422E9312D109.jpg,,,2025-12-10T23:59:59Z,PROSPECTUS,13,3,,,,
50407,8445290489197,900.0,Cerelac,"Farinha láctea 40% menos açúcar, embalagem de 900g",,5.99,6.66,0,kg,€/Kg,,,https://driveimg1.intermarche.com/pt/Content/images/boitmal/produit/zoom/D5679DAEE4754B15BC232A3CCD376B42.jpg,,,2025-12-10T23:59:59Z,PROSPECTUS,13,3,,,,
50500,5601217134981,500.0,Vanish,"Aditivo tira nódoas spray nódoas dia-a-dia, 500 ml",,3.99,7.98,500,L,€/L,,,https://driveimg1.intermarche.com/pt/Content/images/boitmal/produit/zoom/77F5862CE52D144666F18B51D6C135F6.jpg,,,2025-12-10T23:59:59Z,PROSPECTUS,13,3,,,,
50630,5603722521461,1208.0,Mimosa,"Iogurte magro liquido de ananas e manga, 8x151ml",,2.99,2.48,1208,L,€/L,,,https://driveimg1.intermarche.com/pt/Content/images/boitmal/produit/zoom/391469C60827762112BDD90CD5A7ACC1.jpg,,,2025-12-10T23:59:59Z,PROSPECTUS,13,3,,,,
5095,5601050026405,300.0,Danone,"Queijinho dadoninho petitdino de morango, embalagem de 6 x 50g",,1.99,6.63,0,kg,€/Kg,,,https://driveimg1.intermarche.com/pt/Content/images/boitmal/produit/zoom/285FD05A8135D405134AF6FB325A781F.jpg,,,2025-12-10T23:59:59Z,PROSPECTUS,13,3,,,,
51094,5605378209106,500.0,Legumes,"Cebola Doce, emb. 500 gr",500 g,1.39,2.78,0,kg,€/Kg,,,https://driveimg1.intermarche.com/pt/Content/images/boitmal/produit/zoom/A3A195161818002B079AE373F23C98D9.jpg,,,2025-12-10T23:59:59Z,PROSPECTUS,13,3,,,,
51274,5601082048253,,Delta Q,Cápsulas de Café Mythiq XXL Int 15,Embalagem de 60 unidades,23.49,23.49,60,,€/Unidade,,,https://driveimg1.intermarche.com/pt/Content/images/boitmal/produit/zoom/82D8EFDD2FC425C61AA99063E0D6274A.jpg,,,2025-12-10T23:59:59Z,PROSPECTUS,13,3,,,,
51516,5000204242676,750.0,Pato,"Abrasivo Sanitário Líquido Forest Biodegradável, emb. 750 ml",,1.69,2.25,750,L,€/L,,,https://driveimg1.intermarche.com/pt/Content/images/boitmal/produit/zoom/8C1893E905FC06A67CD929B9867A4141.jpg,,,2025-12-10T23:59:59Z,PROSPECTUS,13,3,,,,
51538,8006540752333,,Fairy,Detergente Loiça Máquina Platinum Plus Limão,Pack XXL de 48 pastilhas,12.99,12.99,0,,€/Unidade,,,https://driveimg1.intermarche.com/pt/Content/images/boitmal/produit/zoom/8786FC846898F0510EA5C208486C5D8B.jpg,,,2025-12-10T23:59:59Z,PROSPECTUS,13,3,,,,
51539,8410436441971,1250.0,Sonasol,"Lava Tudo Amoniacal, 1.25 litros",,2.24,1.79,1250,L,€/L,,,https://driveimg1.intermarche.com/pt/Content/images/boitmal/produit/zoom/ADC2C768ECFDB2F140F8B3BBFE7C6F66.jpg,,,2025-12-10T23:59:59Z,PROSPECTUS,13,3,,,,
51608,8006540830918,820.0,Fairy,Detergente Líquido p/ Lavar Loiça Limão,Embalagem de 820 ml,3.99,4.87,820,L,€/L,,,https://driveimg1.intermarche.com/pt/Content/images/boitmal/produit/zoom/F542477DBDEED3AD6C2F55650254DA51.jpg,,,2025-12-10T23:59:59Z,PROSPECTUS,13,4,,,,
51895,8719200253407,225.0,Planta,"Creme vegetal para barrar original, 225g",,1.99,8.84,0,kg,€/Kg,,,https://driveimg1.intermarche.com/pt/Content/images/boitmal/produit/zoom/7E61C083BAEE72DB01F9769D3518098F.jpg,,,2025-12-10T23:59:59Z,PROSPECTUS,13,4,,,,
52137,5600111629814,,Diprochama,Acendalhas,2 x 32 Cubos,1.29,1.29,0,,€/Unidade,,,https://driveimg1.intermarche.com/pt/Content/images/boitmal/produit/zoom/B979A25FEFE01AA03ACA467CFB5A3E82.jpg,,,2025-12-10T23:59:59Z,PROSPECTUS,13,4,,,,
52377,8720181385131,,Skip,Detergente Máquina Roupa Líquido Sabão Natural,100 Doses,11.99,11.99,0,,€/Unidade,,,https://driveimg1.intermarche.com/pt/Content/images/boitmal/produit/zoom/B7482844827C04E8BE654EF9B7B49DD3.jpg,,,2025-12-10T23:59:59Z,PROSPECTUS,13,4,,,,
52620,0035051500407,,Rainbow High,Color & Create Olhos Verdes,1 unidade,37.99,37.99,0,,€/Unidade,,,https://driveimg1.intermarche.com/pt/Content/images/boitmal/produit/zoom/84C1C97E3024C8F292EC79CC3C30DBDE.jpg,,,2025-12-24T23:59:59Z,PROSPECTUS,13,4,,,,
52776,5604260331031,750.0,Selecção de Enófilos,"Vinho Tinto DOC Palmela Castelão, 75cl",,3.39,4.52,750,L,€/L,,,https://driveimg1.intermarche.com/pt/Content/images/boitmal/produit/zoom/1D0019BFED13ADC5C42B277D302BDE4E.jpg,,,2025-12-24T23:59:59Z,PROSPECTUS,13,4,,,,
52871,5601989007025,750.0,Monte Velho,"Vinho tinto regional do alentejo reserva, garrafa de 750 ml",,6.99,9.32,750,L,€/L,,,https://driveimg1.intermarche.com/pt/Content/images/boitmal/produit/zoom/17F975A395A848E60D0ECB0C1B0EB84E.jpg,https://driveimg1.intermarche.com/pt/Content/images/boitmal/produit/zoom/E69C498D956B4886BF37A7F7438EBDE2.jpg,https://driveimg1.intermarche.com/pt/Content/images/boitmal/produit/zoom/E69C498D956B4886BF37A7F7438EBDE2.jpg,2025-12-10T23:59:59Z,PROSPECTUS,13,4,,,,
52880,8719200267794,450.0,Becel,"Creme vegetal de barrar com sabor a manteiga, 450g",,3.56,7.91,0,kg,€/Kg,,,https://driveimg1.intermarche.com/pt/Content/images/boitmal/produit/zoom/E2EFE8BE5E96AF9FCA9D840059BF696C.jpg,https://driveimg1.intermarche.com/pt/Content/images/boitmal/produit/zoom/287D301C66C180312FAA8A3BAE7EA710.jpg,https://driveimg1.intermarche.com/pt/Content/images/boitmal/produit/zoom/287D301C66C180312FAA8A3BAE7EA710.jpg,2025-12-10T23:59:59Z,PROSPECTUS,13,4,https://driveimg1.intermarche.com/pt/Content/images/boitmal/produit/zoom/287D301C66C180312FAA8A3BAE7EA710.jpg,,,
52881,8719200267190,450.0,Becel,"Creme vegetal para barrar original, 450g",,3.56,7.91,0,kg,€/Kg,,,https://driveimg1.intermarche.com/pt/Content/images/boitmal/produit/zoom/7D8CFDDFB89CBA606F61A06158439D60.jpg,https://driveimg1.intermarche.com/pt/Content/images/boitmal/produit/zoom/D67292663C5C1617E51BCDF904BF56A4.jpg,https://driveimg1.intermarche.com/pt/Content/images/boitmal/produit/zoom/D67292663C5C1617E51BCDF904BF56A4.jpg,2025-12-10T23:59:59Z,PROSPECTUS,13,4,,,,
52900,5601217138088,720.0,Quanto,"Intensificador perfume líquido lavanda 36d, 720ml",,3.99,5.54,720,L,€/L,,,https://driveimg1.intermarche.com/pt/Content/images/boitmal/produit/zoom/DDFE09EA7BECC3C23C7C284449FD5594.jpg,https://driveimg1.intermarche.com/pt/Content/images/boitmal/produit/zoom/CAC5CEAACB3DCE6D8F3FF5B4761BDD42.jpg,https://driveimg1.intermarche.com/pt/Content/images/boitmal/produit/zoom/CAC5CEAACB3DCE6D8F3FF5B4761BDD42.jpg,2025-12-10T23:59:59Z,PROSPECTUS,13,4,,,,
53066,5601050037845,620.0,Danone,"Bifidus líquido activia aveia e noz 000%, 4 x 155g",,1.99,3.21,0,kg,€/Kg,,,https://driveimg1.intermarche.com/pt/Content/images/boitmal/produit/zoom/CA31731A632F34AB50927A2984D0BF84.jpg,https://driveimg1.intermarche.com/pt/Content/images/boitmal/produit/zoom/C3E5261F5C2ADA6A9243957038878389.jpg,https://driveimg1.intermarche.com/pt/Content/images/boitmal/produit/zoom/C3E5261F5C2ADA6A9243957038878389.jpg,2025-12-10T23:59:59Z,PROSPECTUS,13,4,https://driveimg1.intermarche.com/pt/Content/images/boitmal/produit/zoom/C3E5261F5C2ADA6A9243957038878389.jpg,,,
53229,8445290832917,190.0,Nestlé,"Refeição para Bebé Arroz e Frango +6M, emb. 190 gr",,1.49,7.84,0,kg,€/Kg,,,https://driveimg1.intermarche.com/pt/Content/images/boitmal/produit/zoom/A86A2FFA11A081C4BF9A01BDE75A344F.jpg,,,2025-12-10T23:59:59Z,PROSPECTUS,13,4,,,,
53232,8445290759207,600.0,Nesquik,"Achocolatado em Pó, 600g",,4.19,6.98,0,kg,€/Kg,,,https://driveimg1.intermarche.com/pt/Content/images/boitmal/produit/zoom/8142D9ABDD247C983EB9286F596F2E87.jpg,https://driveimg1.intermarche.com/pt/Content/images/boitmal/produit/zoom/1E8F61743B1B3F44416834AAF4EBE584.jpg,https://driveimg1.intermarche.com/pt/Content/images/boitmal/produit/zoom/1E8F61743B1B3F44416834AAF4EBE584.jpg,2025-12-10T23:59:59Z,PROSPECTUS,13,4,https://driveimg1.intermarche.com/pt/Content/images/boitmal/produit/zoom/1E8F61743B1B3F44416834AAF4EBE584.jpg,,,
53258,8445290554499,28.0,Nestlé,"Snack Para Bebé Morango e Banana, 28g",,1.06,37.86,0,kg,€/Kg,,,https://driveimg1.intermarche.com/pt/Content/images/boitmal/produit/zoom/6892F063E24374E65ABAEF0E93A198F3.jpg,,,2025-12-10T23:59:59Z,PROSPECTUS,13,4,,,,
53281,5053990162734,175.0,Pringles,"Aperitivos de paprika, 175g",,2.39,13.66,0,kg,€/Kg,,,https://driveimg1.intermarche.com/pt/Content/images/boitmal/produit/zoom/9438BA4B5C1610436998C7AB85D80ABB.jpg,https://driveimg1.intermarche.com/pt/Content/images/boitmal/produit/zoom/C0057FF36BD4F63586C66EB26D1B7D1F.jpg,https://driveimg1.intermarche.com/pt/Content/images/boitmal/produit/zoom/C0057FF36BD4F63586C66EB26D1B7D1F.jpg,2025-12-10T23:59:59Z,PROSPECTUS,13,4,,,,
53292,8719200265424,450.0,Becel,"Creme vegetal culinária, 450g",,2.49,5.53,0,kg,€/Kg,,,https://driveimg1.intermarche.com/pt/Content/images/boitmal/produit/zoom/731104623BFBA291592C36763AD2ACB6.jpg,https://driveimg1.intermarche.com/pt/Content/images/boitmal/produit/zoom/FE0F50DA9FD82BB1CA28828D6783A017.jpg,https://driveimg1.intermarche.com/pt/Content/images/boitmal/produit/zoom/FE0F50DA9FD82BB1CA28828D6783A017.jpg,2025-12-10T23:59:59Z,PROSPECTUS,13,4,https://driveimg1.intermarche.com/pt/Content/images/boitmal/produit/zoom/FE0F50DA9FD82BB1CA28828D6783A017.jpg,,,
54230,8005125677832,,Clementoni,Microscópio Pro,,32.99,32.99,0,,€/Unidade,,,https://driveimg1.intermarche.com/pt/Content/images/boitmal/produit/zoom/4D89C1CDB877ECE2A95541FC91202956.jpg,,,2025-12-24T23:59:59Z,PROSPECTUS,13,4,,,,
54308,5601217137999,,Air Wick,"Recarga Duo Lavanda Camomila, 2un.",,5.49,5.49,0,,€/Unidade,,,https://driveimg1.intermarche.com/pt/Content/images/boitmal/produit/zoom/78C110CAA5EF024A4EA96E5945825BCD.jpg,https://driveimg1.intermarche.com/pt/Content/images/boitmal/produit/zoom/DCF3D5D0D3FA3177E549BA42D5B2070C.jpg,https://driveimg1.intermarche.com/pt/Content/images/boitmal/produit/zoom/DCF3D5D0D3FA3177E549BA42D5B2070C.jpg,2025-12-10T23:59:59Z,PROSPECTUS,13,4,https://driveimg1.intermarche.com/pt/Content/images/boitmal/produit/zoom/DCF3D5D0D3FA3177E549BA42D5B2070C.jpg,,,
54365,8410104915209,,Finish,"Detergente Loiça Máquina Quantum Limão, 64 Pastilhas",,12.99,12.99,0,,€/Unidade,,,https://driveimg1.intermarche.com/pt/Content/images/boitmal/produit/zoom/D395D7FB7505791938B52E99053AC6D0.jpg,,,2025-12-10T23:59:59Z,PROSPECTUS,13,4,,,,
54397,3600523625765,300.0,Elvive,"Condicionador Color Vive, 300ml",,5.89,19.63,300,L,€/L,,,https://driveimg1.intermarche.com/pt/Content/images/boitmal/produit/zoom/3A5850403F6CF3F0E50392A345FFED62.jpg,https://driveimg1.intermarche.com/pt/Content/images/boitmal/produit/zoom/594F4BE14153A0758CD0AF974DCF187B.jpg,,2025-12-10T23:59:59Z,PROSPECTUS,13,4,,,,
54537,8700216323154,,Fairy,"Detergente Máquina Loiça Pastilhas Original Tudo em 1 Limão, 41D",,9.99,9.99,0,,€/Unidade,,,https://driveimg1.intermarche.com/pt/Content/images/boitmal/produit/zoom/2B102A42507542D79E488629773354F9.jpg,,,2025-12-10T23:59:59Z,PROSPECTUS,13,4,,,,
54598,5054563036124,125.0,Aquafresh,"Pasta de Dentes Branqueadora Active White, 125ml",,2.89,23.12,125,L,€/L,,,https://driveimg1.intermarche.com/pt/Content/images/boitmal/produit/zoom/7EF7A793D8883EA3562C47721CF204B2.jpg,,,2025-12-10T23:59:59Z,PROSPECTUS,13,4,,,,
54616,8700216322089,,Fairy,"Detergente Máquina Loiça Pastilhas Platinum Plus Tudo em 1 Limão, 30D",,8.99,8.99,0,,€/Unidade,,,https://driveimg1.intermarche.com/pt/Content/images/boitmal/produit/zoom/094A75AC8A071DA408FC35BE073E31DE.jpg,,,2025-12-10T23:59:59Z,PROSPECTUS,13,4,,,,
54669,5000116128754,200.0,Iglo,"Cordon bleu, 200g",,3.99,19.95,0,kg,€/Kg,,Tipo de stockagem,https://driveimg1.intermarche.com/pt/Content/images/boitmal/produit/zoom/9A94E635EDF0DAF7EF8F166E06599C57.jpg,,,2025-12-10T23:59:59Z,PROSPECTUS,13,4,,,,
54671,8711327587199,2000.0,Lipton,"Ice tea limao, 2 l",,3.19,1.6,2000,L,€/L,,,https://driveimg1.intermarche.com/pt/Content/images/boitmal/produit/zoom/50E0AE93B7B2DC79031DA2E6F9D15838.jpg,,,2025-12-10T23:59:59Z,PROSPECTUS,13,4,,,,
54675,5000159561877,135.0,Mars,"Snack de chocolate, 3 x 45 g",,2.45,18.15,0,kg,€/Kg,,,https://driveimg1.intermarche.com/pt/Content/images/boitmal/produit/zoom/578DFB79213B601C4F54634F988CF65F.jpg,,,2025-12-10T23:59:59Z,PROSPECTUS,13,4,,,,
54678,5000159559362,150.0,Twix,"Snack de chocolate, 3 x 50 g",,2.45,16.33,0,kg,€/Kg,,,https://driveimg1.intermarche.com/pt/Content/images/boitmal/produit/zoom/D4C51BDE874C3EFA639C8F53AC49BE90.jpg,,,2025-12-10T23:59:59Z,PROSPECTUS,13,4,,,,
54684,8711327611924,330.0,Magnum,"6 gelados mini chocolate e amêndoa, 330 ml",,5.99,18.15,330,L,€/L,,Tipo de stockagem,https://driveimg1.intermarche.com/pt/Content/images/boitmal/produit/zoom/779A2D41120BAD2364A0B6F639CCEACA.jpg,,,2025-12-10T23:59:59Z,PROSPECTUS,13,4,,,,
54794,5603722521546,604.0,Mimosa,"Iogurte liquido banana, 4 x 151 ml",,1.39,2.3,604,L,€/L,,,https://driveimg1.intermarche.com/pt/Content/images/boitmal/produit/zoom/23212EB7A3AC6B5E99AFE5AEC8D0F7DF.jpg,,,2025-12-10T23:59:59Z,PROSPECTUS,13,4,,,,
54804,5603722521584,604.0,Mimosa,"Iogurte liquido pinacolada, 4x151 ml",,1.39,2.3,604,L,€/L,,,https://driveimg1.intermarche.com/pt/Content/images/boitmal/produit/zoom/8E6126D08298F97351679D3A95D611FA.jpg,,,2025-12-10T23:59:59Z,PROSPECTUS,13,4,,,,
54908,8720181468452,720.0,Dove,"Gel De Banho Silky Velvet, 720ml",,4.79,6.65,720,L,€/L,,,https://driveimg1.intermarche.com/pt/Content/images/boitmal/produit/zoom/B4B8973AC1CFAE2318D36A45878739E2.jpg,,,2025-12-10T23:59:59Z,PROSPECTUS,13,4,,,,
54986,8711327609716,330.0,Magnum,"6 gelados mini chocolate branco e amêndoa, 330 ml",,5.99,18.15,330,L,€/L,,Tipo de stockagem,https://driveimg1.intermarche.com/pt/Content/images/boitmal/produit/zoom/AE00CAEAE1C3665E1D86858ECC0FD0D3.jpg,,,2025-12-10T23:59:59Z,PROSPECTUS,13,4,,,,
55018,5601027117303,430.0,Bimbo,"Pão de Forma com Côdea, emb. 430 gr",,1.59,3.7,0,kg,€/Kg,,,https://driveimg1.intermarche.com/pt/Content/images/boitmal/produit/zoom/8757FB8F05D49E0A715282DD0C0165A7.jpg,https://driveimg1.intermarche.com/pt/Content/images/boitmal/produit/zoom/4C17DB6C614697DA1B5FB0CE80A911CD.jpg,https://driveimg1.intermarche.com/pt/Content/images/boitmal/produit/zoom/4C17DB6C614697DA1B5FB0CE80A911CD.jpg,2025-12-10T23:59:59Z,PROSPECTUS,13,4,,,,
55028,8711327640450,204.0,Magnum,"Gelado Bombom Chocolate Branco e Cookies, 12 x 17ml",,3.59,17.6,204,L,€/L,,Tipo de stockagem,https://driveimg1.intermarche.com/pt/Content/images/boitmal/produit/zoom/984A4EA72874051F4DF6EE3A7421716E.jpg,,,2025-12-10T23:59:59Z,PROSPECTUS,13,4,,,,
552,3250390001065,800.0,Fiorini,Ravioli 800g,,3.99,4.99,0,kg,€/Kg,,,https://driveimg1.intermarche.com/pt/Content/images/boitmal/produit/zoom/2F452A8F1E156507751BFFDAE777303D.jpg,,,2025-12-10T23:59:59Z,PROSPECTUS,13,4,,,,
55263,8445291133372,220.0,Sical,"Café Moído Moagem Universal Tradição Int 11, emb. 220 gr",,3.34,15.18,0,kg,€/Kg,,,https://driveimg1.intermarche.com/pt/Content/images/boitmal/produit/zoom/2C71B4BE8C62CE03863B42CCFD75F09E.jpg,,,2025-12-10T23:59:59Z,PROSPECTUS,13,4,,,,
55278,8445291099692,,Buondi,"Cápsulas de Café Ristretto Int 13, 36un.",,11.99,11.99,36,,€/Unidade,,,https://driveimg1.intermarche.com/pt/Content/images/boitmal/produit/zoom/B08F7DA9148A63F6D56B42F18C106EC8.jpg,,,2025-12-10T23:59:59Z,PROSPECTUS,13,4,,,,
55329,8410500030964,100.0,Danone,"Iogurte Duo Cremoso Chocoballs, 100g",,0.79,7.9,0,kg,€/Kg,,,https://driveimg1.intermarche.com/pt/Content/images/boitmal/produit/zoom/B0F4CDC2E5BF370B42375079B29D01E4.jpg,,,2025-12-10T23:59:59Z,PROSPECTUS,13,4,,,,
55331,8445290351586,,Nescafe,"Cápsulas de Café Sical Int 7, 64un.",,18.89,18.89,64,,€/Unidade,,,https://driveimg1.intermarche.com/pt/Content/images/boitmal/produit/zoom/8B59FB7ABB2DF5BEB6AD59D20AEAA029.jpg,,,2025-12-10T23:59:59Z,PROSPECTUS,13,4,,,,
56251,5604260337446,150.0,PorSi,Batatas Fritas Onduladas com Sabor a Queijo da Ilha 150g,,1.49,9.93,0,kg,€/Kg,,,https://driveimg1.intermarche.com/pt/Content/images/boitmal/produit/zoom/B48BC926298FEF8FEAB8A63ACBED9587.jpg,,,2025-12-10T23:59:59Z,PROSPECTUS,13,4,,,,
56335,5604260326167,750.0,Selecção de Enófilos,"Porto 10 Anos 20% Vol. 0,75l",,9.49,12.65,750,L,€/L,,,https://driveimg1.intermarche.com/pt/Content/images/boitmal/produit/zoom/A385406AE03F1BFDA3BA94CFB04B8A9A.jpg,,,2025-12-24T23:59:59Z,PROSPECTUS,13,4,,,,
56542,5604260334674,125.0,Labell,Pasta de Dentes Proteçao Contra As Caries 125 ml,,1.06,8.48,125,L,€/L,,,https://driveimg1.intermarche.com/pt/Content/images/boitmal/produit/zoom/EFFC4A554B5F837EFBD12A16AFA7BD8C.jpg,,,2025-12-10T23:59:59Z,PROSPECTUS,13,4,,,,
56582,5604260337750,1000.0,PorSi,Brócolos 1kg,,1.69,1.69,0,kg,€/Kg,,Tipo de stockagem,https://driveimg1.intermarche.com/pt/Content/images/boitmal/produit/zoom/9D5046E678518F31B4F861D9D4B728E2.jpg,,,2025-12-10T23:59:59Z,PROSPECTUS,13,4,,,,
56904,8445290091598,,Nescafe,"Cápsula de Café Espresso Boundi Intenso, 64 un.",,18.89,18.89,64,,€/Unidade,,,https://driveimg1.intermarche.com/pt/Content/images/boitmal/produit/zoom/EBC42BB523408399AAAC703E462894AD.jpg,,,2025-12-10T23:59:59Z,PROSPECTUS,13,4,,,,
57224,8721201901560,461.0,Hellmann's,"Maionese Light sem Glúten, emb. 461 gr",,3.14,6.81,0,kg,€/Kg,,,https://driveimg1.intermarche.com/pt/Content/images/boitmal/produit/zoom/4E4786F74F670454D0A3C823B272AE3E.jpg,,,2025-12-10T23:59:59Z,PROSPECTUS,13,4,,,,
6037,5606215050011,750.0,Raposeira,Espumante meio seco reserva,Garrafa de 0.75 l,7.99,10.65,750,L,€/L,,,https://driveimg1.intermarche.com/pt/Content/images/boitmal/produit/zoom/044941B59EA88601A39BA3F3C187937B.jpg,,,2025-12-24T23:59:59Z,PROSPECTUS,13,4,,,,
6111,7613031204458,340.0,Purina Gourmet,Comida húmida para gato finos pedaços em molho,Embalagem de 340g,2.59,7.62,0,kg,€/Kg,,,https://driveimg1.intermarche.com/pt/Content/images/boitmal/produit/zoom/393F7D9374FE095E1E4BD6A16BFBFD33.jpg,,,2025-12-10T23:59:59Z,PROSPECTUS,13,4,,,,
6377,8410108125857,,Evax,Penso Diário Salva Slip,50 Unidades,2.54,2.54,0,,€/Unidade,,,https://driveimg1.intermarche.com/pt/Content/images/boitmal/produit/zoom/1DEB48EF641757554EEB9A48091A1615.jpg,,,2025-12-10T23:59:59Z,PROSPECTUS,13,4,,,,
638,3250390207481,150.0,Bouton D'or,Pistácios Torrados Salgados 150g,Embalagem de 150g,2.07,13.8,0,kg,€/Kg,,,https://driveimg1.intermarche.com/pt/Content/images/boitmal/produit/zoom/5779B2DB338F1A6B8B46C20197F52833.jpg,,,2025-12-10T23:59:59Z,PROSPECTUS,13,4,,,,
6476,8410436242295,1100.0,Sonasol,"Lava Tudo Brilhante Universal, embalagem 1,1l",,2.99,2.72,1100,L,€/L,,,https://driveimg1.intermarche.com/pt/Content/images/boitmal/produit/zoom/D0CE1B4731EB3A85F4B6D327C2738F50.jpg,,,2025-12-10T23:59:59Z,PROSPECTUS,13,4,,,,
766,4005500030263,400.0,Yogolino,Sobremesa láctea alperce 4x100g,,1.99,4.98,0,kg,€/Kg,,,https://driveimg1.intermarche.com/pt/Content/images/boitmal/produit/zoom/35565E007DE59883160198E8D7DDFAF9.jpg,,,2025-12-10T23:59:59Z,PROSPECTUS,13,4,,,,
767,4005500030287,400.0,Yogolino,"Alimento Lácteo Banana sem Glúten +6M, emb. 4 x 100 gr",,1.99,4.98,0,kg,€/Kg,,,https://driveimg1.intermarche.com/pt/Content/images/boitmal/produit/zoom/A0BB60E9F5E33B5B09F3E17A632208B0.jpg,,,2025-12-10T23:59:59Z,PROSPECTUS,13,4,,,,
774,4008400102528,160.0,Mon Chéri,Bombons de chocolate,Embalagem de 160g,4.99,31.19,0,kg,€/Kg,,,https://driveimg1.intermarche.com/pt/Content/images/boitmal/produit/zoom/06E35E72C313819BC0684E7A6E3534D5.jpg,,,2025-12-10T23:59:59Z,PROSPECTUS,13,4,,,,
8400,5601050033779,620.0,Danone,"Iogurte Líquido Bifidus Cereais Integrais, emb. 620 gr (4 x 155 gr)",,1.99,3.21,0,kg,€/Kg,,,https://driveimg1.intermarche.com/pt/Content/images/boitmal/produit/zoom/3AC3707CF655B8CC61D2C80E4828D7C8.jpg,,,2025-12-10T23:59:59Z,PROSPECTUS,13,4,,,,
8413,8410500008932,600.0,Danone,"Actimel iogurte líquido de morango, de 6 x 100g",,2.99,4.98,0,kg,€/Kg,,,https://driveimg1.intermarche.com/pt/Content/images/boitmal/produit/zoom/F5F985DE2C1FEBCCE4ED6002098F416C.jpg,,,2025-12-10T23:59:59Z,PROSPECTUS,13,4,,,,
8415,8410500007836,600.0,Danone,"Actimel iogurte líquido tutti frutti, embalagem de 6 x 100g",,2.99,4.98,0,kg,€/Kg,,,https://driveimg1.intermarche.com/pt/Content/images/boitmal/produit/zoom/0712AE23BC1EFB6DA91FF7C37F68326A.jpg,,,2025-12-10T23:59:59Z,PROSPECTUS,13,4,,,,
8417,8410500006020,600.0,Danone,"Actimel magro natural, embalagem de 6 x 100g",,2.99,4.98,0,kg,€/Kg,,,https://driveimg1.intermarche.com/pt/Content/images/boitmal/produit/zoom/729A5232D0A334A9B7BE031706F8AD19.jpg,,,2025-12-10T23:59:59Z,PROSPECTUS,13,4,,,,
8434,5601050033731,620.0,Danone,"Iogurte activia líquido 0% lima/limão, embalagem de 4 x 155g",,1.99,3.21,0,kg,€/Kg,,,https://driveimg1.intermarche.com/pt/Content/images/boitmal/produit/zoom/B41EA750EA9360556362913E488E9E4D.jpg,,,2025-12-10T23:59:59Z,PROSPECTUS,13,4,,,,
8436,5601050033762,620.0,Danone,"Iogurte activia líquido 0% frutos silvestres, embalagem de 4 x 155g",,1.99,3.21,0,kg,€/Kg,,,https://driveimg1.intermarche.com/pt/Content/images/boitmal/produit/zoom/A6C8A8EEDA98A4116E3BB4EB3828EC61.jpg,,,2025-12-10T23:59:59Z,PROSPECTUS,13,4,,,,
848,5000189974579,200.0,Kit Kat,"Snack de Chocolate de Leite Kit Kat Mini, emb. 200,4 gr (12 un)",,3.98,19.9,0,kg,€/Kg,,,https://driveimg1.intermarche.com/pt/Content/images/boitmal/produit/zoom/90873705F18CB17964EF30C7A0BF7D60.jpg,,,2025-12-10T23:59:59Z,PROSPECTUS,13,4,,,,
853,5010394001526,180.0,Pedigree,"Snack para cão dentastix fresh medio, embalagem de 180 g",,2.58,14.33,0,kg,€/Kg,,,https://driveimg1.intermarche.com/pt/Content/images/boitmal/produit/zoom/2BC1FE695CF9F1162E9C68F520AD79E6.jpg,,,2025-12-10T23:59:59Z,PROSPECTUS,13,4,,,,
8794,5601237233220,750.0,JP,"Vinho regional península de setúbal branco, garrafa de 0.75 l",,2.99,3.99,750,L,€/L,,,https://driveimg1.intermarche.com/pt/Content/images/boitmal/produit/zoom/A84E869B295C8EAA0785F72E27A73746.jpg,,,2025-12-10T23:59:59Z,PROSPECTUS,13,4,,,,
8801,5601244201960,350.0,Terra Nostra,"Queijo flamengo, bola quartos, embalagem de 350g",,3.49,9.97,0,kg,€/Kg,,,https://driveimg1.intermarche.com/pt/Content/images/boitmal/produit/zoom/6383E3291BF534B2B32E49FC441DAF9D.jpg,,,2025-12-10T23:59:59Z,PROSPECTUS,13,4,,,,
8895,5601332000475,750.0,Ramos Pinto,Vinho do porto lágrima tinto,"Garrafa de 0,75L",9.99,13.32,750,L,€/L,,,https://driveimg1.intermarche.com/pt/Content/images/boitmal/produit/zoom/3664D0270048D0C57BE7CE267D1963D2.jpg,,,2025-12-24T23:59:59Z,PROSPECTUS,13,4,,,,
897,5600316860845,400.0,Iglo,Almôndegas bolonhesa,Embalagem de 400g,4.49,11.23,0,kg,€/Kg,,Tipo de stockagem,https://driveimg1.intermarche.com/pt/Content/images/boitmal/produit/zoom/F4885E8BB4E647D068C321961D480DA6.jpg,,,2025-12-10T23:59:59Z,PROSPECTUS,13,4,,,,
9111,5601989001412,750.0,Monte Velho,"Vinho regional alentejano tinto, garrafa de 0.75 l",,3.99,5.32,750,L,€/L,,,https://driveimg1.intermarche.com/pt/Content/images/boitmal/produit/zoom/5313E203A06105D1BF7A5AD8308AD864.jpg,,,2025-12-10T23:59:59Z,PROSPECTUS,13,4,,,,
