identifier,produitEan13,capacite,marque,libelle,conditionnement,prix,unitPrice,volume,typeProduit_uniteByCode,unit_value,pictogrammes_0,pictogrammes_libelleCategorie,images_0,images_1,images_2,avantages_dateFin,avantages_categorie,nro_paginas,page,images_3,images_4,images_5,images_6
15161,5604260274246,1000.0,PorSi,Cenouras Programa Origens,Embalagem de 1 kg,0.89,0.89,0,kg,€/Kg,,,https://driveimg1.intermarche.com/pt/Content/images/boitmal/produit/zoom/558C3AC1450C10C8B2395D06441C5423.jpg,,,2025-04-02T23:59:59.999999999+01:00,PROSPECTUS,14,1,,,,
1427,5601255322128,1000.0,Caçarola,"Arroz agulha, embalagem de 1 kg",,1.35,1.35,0,kg,€/Kg,,,https://driveimg1.intermarche.com/pt/Content/images/boitmal/produit/zoom/5909BD82C9A83624AB1295F48ED2D005.jpg,,,2025-04-02T23:59:59.999999999+01:00,PROSPECTUS,14,1,,,,
26772,5449000106186,3500.0,Coca-Cola,"Refrigerante com gás, pack 2 x 1.75 l",,3.77,1.08,3500,L,€/L,,,https://driveimg1.intermarche.com/pt/Content/images/boitmal/produit/zoom/A789E276311FA9DA8F07BCEEEA6CB731.jpg,,,2025-04-02T23:59:59.999999999+01:00,PROSPECTUS,14,1,,,,
11687,5601244202158,400.0,Terra Nostra,"Queijo fatias redução de gordura, embalagem de 400g",,4.19,10.48,0,kg,€/Kg,,,https://driveimg1.intermarche.com/pt/Content/images/boitmal/produit/zoom/1F91460A767DF4AF90E45E918A360294.jpg,,,2025-04-02T23:59:59.999999999+01:00,PROSPECTUS,14,1,,,,
13934,2891062000000,250.0,Porco,Rojões,1 un = 250 gr  (aprox.),1.05,4.19,0,,€/Kg,,,https://driveimg1.intermarche.com/pt/Content/images/boitmal/produit/zoom/925F2FDC1F925A7FD71EE6165315B22E.jpg,,,2025-04-02T23:59:59.999999999+01:00,PROSPECTUS,14,1,,,,
5008,5601028000383,,Renova,"Lenços de bolso sensi, brancos, 10 unidades",Uma embalagem de 6x10,0.89,0.89,0,,€/Unidade,,,https://driveimg1.intermarche.com/pt/Content/images/boitmal/produit/zoom/A7E56C5340E5213CBF3A606D0311258B.jpg,,,2025-04-02T23:59:59.999999999+01:00,PROSPECTUS,14,1,,,,
13529,2893521000000,1000.0,Peixaria,Pescada do Chile Congelada Nº3,1 un= 1 kg (aprox.),9.59,9.59,0,,€/Kg,,Avantages !,https://driveimg1.intermarche.com/pt/Content/images/boitmal/produit/zoom/40D57D35BBDBDF72027C959F41A6E90C.jpg,,,2025-04-02T23:59:59.999999999+01:00,PROSPECTUS,14,1,,,,
14038,2696013000000,80.0,Padaria,Bola mistura,1 unidade= 80 g,0.19,2.38,0,kg,€/Kg,,,https://driveimg1.intermarche.com/pt/Content/images/boitmal/produit/zoom/509539D5119FE663643D444B9A3F9D6A.jpg,,,2025-04-02T23:59:59.999999999+01:00,PROSPECTUS,14,1,,,,
17900,8001480023277,700.0,Neoblanc,"Lixívia Spray Mousse Flor, 700ml",,1.99,2.84,700,L,€/L,,,https://driveimg1.intermarche.com/pt/Content/images/boitmal/produit/zoom/4C9540C630C990410131B89E1C2C75B8.jpg,,,2025-04-02T23:59:59.999999999+01:00,PROSPECTUS,14,1,,,,
12888,2892090000000,500.0,Fruta,Manga Avião,1 un=500 gr (aprox.),2.0,3.99,0,,€/Kg,,,https://driveimg1.intermarche.com/pt/Content/images/boitmal/produit/zoom/A3E5B8447376E0E91C2C4BB7B1444B76.jpg,https://driveimg1.intermarche.com/pt/Content/images/boitmal/produit/zoom/842EA0C904154D230A3A6F63A245D264.jpg,,2025-04-02T23:59:59.999999999+01:00,PROSPECTUS,14,1,,,,
4975,5601007001332,750.0,Esteva,"Vinho doc douro tinto, garrafa de 0.75 l",,5.49,7.32,750,L,€/L,,,https://driveimg1.intermarche.com/pt/Content/images/boitmal/produit/zoom/7DE3E82C8EEE9F921A3163C241BC3A09.jpg,,,2025-04-02T23:59:59.999999999+01:00,PROSPECTUS,14,1,,,,
15490,3010470181953,4000.0,Friskies,"Ração para gato adulto com bacalhau e legumes, embalagem de 4 kg",,10.79,2.7,0,kg,€/Kg,,,https://driveimg1.intermarche.com/pt/Content/images/boitmal/produit/zoom/6848184BEB2091DF565E30DD98789DD2.jpg,,,2025-04-02T23:59:59.999999999+01:00,PROSPECTUS,14,1,,,,
25214,7613035930551,90.0,Nestlé,"Fruta para bebé maçã banana morango +8 meses, embalagem de 90g",,0.69,7.67,0,kg,€/Kg,,,https://driveimg1.intermarche.com/pt/Content/images/boitmal/produit/zoom/A2E1B043C34553B91FFED35123D220EC.jpg,,,2025-04-02T23:59:59.999999999+01:00,PROSPECTUS,14,1,,,,
41041,8001480703001,700.0,Neoblanc,Tira nódoas em spray cores,Embalagem de 700 ml,2.09,2.99,700,L,€/L,,,https://driveimg1.intermarche.com/pt/Content/images/boitmal/produit/zoom/1B7BCC034AAC45310DFFCE9E289F80C7.jpg,,,2025-04-02T23:59:59.999999999+01:00,PROSPECTUS,14,1,,,,
30958,5449000957955,3500.0,Coca-Cola,"Refrigerante zero, pack 2 x 1.75 l",,3.32,0.95,3500,L,€/L,,,https://driveimg1.intermarche.com/pt/Content/images/boitmal/produit/zoom/F2EAD17F7ACB8ABDBC63DEE76B961767.jpg,,,2025-04-02T23:59:59.999999999+01:00,PROSPECTUS,14,1,,,,
10095,8435257040899,640.0,Nestlé,"Iogurte líquido yoggi morango, embalagem de 4 x 160g",,1.99,3.11,0,kg,€/Kg,,,https://driveimg1.intermarche.com/pt/Content/images/boitmal/produit/zoom/BCBB1C4518CDF8045B46EB41CD173E54.jpg,,,2025-04-02T23:59:59.999999999+01:00,PROSPECTUS,14,1,,,,
18426,3600541887817,400.0,Garnier,Champô Ultra Suave Delicias de Aveia,Embalagem de 400 ml,5.89,14.73,400,L,€/L,,,https://driveimg1.intermarche.com/pt/Content/images/boitmal/produit/zoom/FB3520AB0507187656A408B0D650CF4F.jpg,,,2025-04-02T23:59:59.999999999+01:00,PROSPECTUS,14,1,,,,
37443,7613037040869,250.0,Nestum,"Nestum zero espelta/aveia, embalagem de 250g",,2.24,8.96,0,kg,€/Kg,,,https://driveimg1.intermarche.com/pt/Content/images/boitmal/produit/zoom/BF80E2BF1A95765256612BEC5A65D8DD.jpg,,,2025-04-02T23:59:59.999999999+01:00,PROSPECTUS,14,1,,,,
31516,8435257039107,1280.0,Nestlé,"Yoggi liquido morango, embalagem de 8x160g",,3.89,3.04,0,kg,€/Kg,,,https://driveimg1.intermarche.com/pt/Content/images/boitmal/produit/zoom/919C3780A665F064AD1803A3631A5911.jpg,,,2025-04-02T23:59:59.999999999+01:00,PROSPECTUS,14,1,,,,
15951,7613033995620,1400.0,Friskies,"Ração para cão mini adulto nutri soft com frango, de 1,4 kg",,5.59,3.99,0,kg,€/Kg,,,https://driveimg1.intermarche.com/pt/Content/images/boitmal/produit/zoom/F1BD6371DCA3D1AB48AE179C2E415892.jpg,,,2025-04-02T23:59:59.999999999+01:00,PROSPECTUS,14,1,,,,
26047,8412600070994,650.0,Bimbo,Pão de forma s/ côdea,Embalagem de 650 g,2.14,3.29,0,kg,€/Kg,,,https://driveimg1.intermarche.com/pt/Content/images/boitmal/produit/zoom/29A6957961BACB180F45AAA47CD1FB78.jpg,,,2025-04-02T23:59:59.999999999+01:00,PROSPECTUS,14,1,,,,
12978,2892462000000,400.0,Legumes,Alface Frisada,1 un= 400 g (aprox.),0.68,1.69,0,,€/Kg,,,https://driveimg1.intermarche.com/pt/Content/images/boitmal/produit/zoom/11753DE36CD8D1B450ED5A40B08A088C.jpg,,,2025-04-02T23:59:59.999999999+01:00,PROSPECTUS,14,1,,,,
20031,5602947000058,750.0,Quinta da Pacheca,Vinho branco doc douro,Garrafa de 750 ml,5.49,7.32,750,L,€/L,,,https://driveimg1.intermarche.com/pt/Content/images/boitmal/produit/zoom/7BF729E81FA3ED465AF2D3DA55DE4EE4.jpg,,,2025-04-02T23:59:59.999999999+01:00,PROSPECTUS,14,1,,,,
37981,5604260295760,,PorSi,"Sacos do lixo lavanda 50 litros, 15 unidades",,1.69,1.69,0,,€/Unidade,,,https://driveimg1.intermarche.com/pt/Content/images/boitmal/produit/zoom/87BB39A7028A7AC67136CE76F8517017.jpg,,,2025-04-02T23:59:59.999999999+01:00,PROSPECTUS,14,1,,,,
36727,5604260294404,1000.0,PorSi,Arroz basmati,Embalagem de 1 kg,1.99,1.99,0,kg,€/Kg,,,https://driveimg1.intermarche.com/pt/Content/images/boitmal/produit/zoom/4276C26236BCA3B8F3F002AEBC9361B0.jpg,,,2025-04-02T23:59:59.999999999+01:00,PROSPECTUS,14,1,,,,
8383,5601049132995,1000.0,Mimosa,"Leite uht meio gordo, embalagem de 1litro",,0.89,0.89,1000,L,€/L,,,https://driveimg1.intermarche.com/pt/Content/images/boitmal/produit/zoom/6FB52C843F677BD37D399D45BB10B38B.jpg,https://driveimg1.intermarche.com/pt/Content/images/boitmal/produit/zoom/AE810093A08CEBD60415DCC626CF5804.jpg,https://driveimg1.intermarche.com/pt/Content/images/boitmal/produit/zoom/A0562293538F541B1B99592AA046327B.jpg,2025-04-02T23:59:59.999999999+01:00,PROSPECTUS,14,1,,,,
13781,2892323000000,250.0,Fruta,Uva Red Globe,1 un = 250 gr  (aprox.),0.85,3.39,0,,€/Kg,,,https://driveimg1.intermarche.com/pt/Content/images/boitmal/produit/zoom/0CB9D5C0FE47F5D642EA2D42574AAC35.jpg,,,2025-04-02T23:59:59.999999999+01:00,PROSPECTUS,14,1,,,,
12909,2892005000000,250.0,Fruta,Laranja Económica,1 un = 250 gr  (aprox.),0.24,0.95,0,,€/Kg,,,https://driveimg1.intermarche.com/pt/Content/images/boitmal/produit/zoom/67E13FD34B36BCD37E12339EB836171D.jpg,,,2025-04-02T23:59:59.999999999+01:00,PROSPECTUS,14,1,,,,
13947,2891125000000,150.0,Peru,Espetadas de Peru,1 un = 150 gr (aprox.),0.97,6.49,0,,€/Kg,,,https://driveimg1.intermarche.com/pt/Content/images/boitmal/produit/zoom/7051DD49B64096A6B46E7815DD618A85.jpg,,,2025-04-02T23:59:59.999999999+01:00,PROSPECTUS,14,1,,,,
12898,2893293000000,400.0,Programa Origens,Dourada,1 un= 400 grs (aprox.),3.6,8.99,0,,€/Kg,,,https://driveimg1.intermarche.com/pt/Content/images/boitmal/produit/zoom/1228D1EB55215F23AB492009B28E8268.jpg,,,2025-04-02T23:59:59.999999999+01:00,PROSPECTUS,14,1,,,,
34385,5604260285754,,PorSi,Papel higiénico reciclado 2 folhas,12 rolos,2.39,2.39,0,,€/Unidade,,,https://driveimg1.intermarche.com/pt/Content/images/boitmal/produit/zoom/A1DBFD368962CC2E7DAC05F669F9A1E3.jpg,,,2025-04-02T23:59:59.999999999+01:00,PROSPECTUS,14,1,,,,
40750,5604260304165,1000.0,PorSi,Detergente liquido loiça limão,Garrafa de 1 litro,0.89,0.89,1000,L,€/L,,,https://driveimg1.intermarche.com/pt/Content/images/boitmal/produit/zoom/2532D260202FF646D416E5D63E3F4DF5.jpg,,,2025-04-02T23:59:59.999999999+01:00,PROSPECTUS,14,1,,,,
48860,5604260319794,150.0,PorSi Viva Bem,Queijo mozzarella light ralado,Embalagem de 150 g,1.59,10.6,0,kg,€/Kg,,,https://driveimg1.intermarche.com/pt/Content/images/boitmal/produit/zoom/35271112CCD07C945317D670793A0A37.jpg,,,2025-04-02T23:59:59.999999999+01:00,PROSPECTUS,14,1,,,,
11967,5601049612336,250.0,Mimosa,"Manteiga com sal, embalagem de 250g",,2.14,8.56,0,kg,€/Kg,,,https://driveimg1.intermarche.com/pt/Content/images/boitmal/produit/zoom/2C2D066D904F137421CA4F472DC07738.jpg,https://driveimg1.intermarche.com/pt/Content/images/boitmal/produit/zoom/B59AE74FD0DBE6C3112F001AFF69E867.jpg,https://driveimg1.intermarche.com/pt/Content/images/boitmal/produit/zoom/BB9196C3025886DBB6F20EDD70A1CA7A.jpg,2025-04-02T23:59:59.999999999+01:00,PROSPECTUS,14,1,,,,
13813,2892489000000,250.0,Legumes,Batata Doce,1 un = 250 gr  (aprox.),0.37,1.49,0,,€/Kg,,,https://driveimg1.intermarche.com/pt/Content/images/boitmal/produit/zoom/B0785A3D8A1A6773EB1FB43B119AC4D9.jpg,,,2025-04-02T23:59:59.999999999+01:00,PROSPECTUS,14,1,,,,
13892,2891041000000,1000.0,Porco,Costeletas do Lombo,Vendido ao peso a partir de 1 kg,3.49,3.49,0,,€/Kg,,,https://driveimg1.intermarche.com/pt/Content/images/boitmal/produit/zoom/589E4AFE71E19AF7FEB32FB0C0E176FF.jpg,,,2025-04-02T23:59:59.999999999+01:00,PROSPECTUS,14,1,,,,
13893,2891043000000,1000.0,Porco,Entrecosto,Vendido ao peso a partir de 1 kg,4.99,4.99,0,,€/Kg,,,https://driveimg1.intermarche.com/pt/Content/images/boitmal/produit/zoom/AA05EE99D302D59771FCC108473E0700.jpg,,,2025-04-02T23:59:59.999999999+01:00,PROSPECTUS,14,1,,,,
13902,2891121000000,900.0,Peru,Bife,1 un = 900 gr (aprox.),7.19,7.99,0,,€/Kg,,,https://driveimg1.intermarche.com/pt/Content/images/boitmal/produit/zoom/2D41BF1F1FE2BF88186B66A43F12D1F1.jpg,,,2025-04-02T23:59:59.999999999+01:00,PROSPECTUS,14,1,,,,
19022,5603722509742,800.0,Agros,"Leite com chocolate, embalagem de 4 x 200 ml",,1.56,1.95,800,L,€/L,,,https://driveimg1.intermarche.com/pt/Content/images/boitmal/produit/zoom/86A34AF1051A1750347A4FF58912A923.jpg,,,2025-04-02T23:59:59.999999999+01:00,PROSPECTUS,14,1,,,,
40498,5604260296101,,PorSi,"Sacos do lixo com atilho 100 litros, 15 sacos",,1.79,1.79,0,,€/Unidade,,,https://driveimg1.intermarche.com/pt/Content/images/boitmal/produit/zoom/52236672C0ACB8BB799D3EBEA8C2ECEB.jpg,,,2025-04-02T23:59:59.999999999+01:00,PROSPECTUS,14,1,,,,
41129,5604260303762,200.0,PorSi,"8 salsichas aves, embalagem de 200g",,1.09,5.45,0,kg,€/Kg,,,https://driveimg1.intermarche.com/pt/Content/images/boitmal/produit/zoom/9EA05D92F833661969A8EB1078BF37A5.jpg,,,2025-04-02T23:59:59.999999999+01:00,PROSPECTUS,14,1,,,,
44956,2696878000000,,Padaria,Bola de mistura centeio Baviera,90 g,0.2,0.2,0,,€/Unidade,,,https://driveimg1.intermarche.com/pt/Content/images/boitmal/produit/zoom/09DB4B39AC0AAE5D11E868A906EFB364.jpg,,,2025-04-02T23:59:59.999999999+01:00,PROSPECTUS,14,1,,,,
48368,5604260321735,,PorSi,"Sacos lixo eco com atilho 30 litros, 20 unidades",,0.8,0.8,0,,€/Unidade,,,https://driveimg1.intermarche.com/pt/Content/images/boitmal/produit/zoom/265A59AC39DAD564BB7550DBB887E284.jpg,,,2025-04-02T23:59:59.999999999+01:00,PROSPECTUS,14,1,,,,
53469,5601028019941,,Renova,Rolo Cozinha Máxima Absorção Extra XXL,Embalagem de 2 unidades,1.98,1.98,2,,€/Unidade,,,https://driveimg1.intermarche.com/pt/Content/images/boitmal/produit/zoom/F4A90C9D477EA88B96B77E4FB64FF1F5.jpg,,,2025-04-02T23:59:59.999999999+01:00,PROSPECTUS,14,1,,,,
7231,3059941005008,750.0,Harpic,"Gel wc tripla ação com lixívia, de 750 ml",,1.99,2.65,750,L,€/L,,,https://driveimg1.intermarche.com/pt/Content/images/boitmal/produit/zoom/709DE4E0C5656AA740292F75F71F1AE8.jpg,,,2025-04-02T23:59:59.999999999+01:00,PROSPECTUS,14,1,,,,
927,5601001180903,380.0,Nestlé,Cereais chocapic,Embalagem de 375 g,2.39,6.29,0,kg,€/Kg,,,https://driveimg1.intermarche.com/pt/Content/images/boitmal/produit/zoom/EA69C754779AF0C6F4DD36E6F3A8C272.jpg,,,2025-04-02T23:59:59.999999999+01:00,PROSPECTUS,14,1,,,,
980,5601024134488,750.0,Oliveira da Serra,Azeite virgem extra clássico,Embalagem de 750 ml,5.99,7.99,750,L,€/L,,,https://driveimg1.intermarche.com/pt/Content/images/boitmal/produit/zoom/01EF39EFE8396CC9ACA95DC25E9D3412.jpg,,,2025-04-02T23:59:59.999999999+01:00,PROSPECTUS,14,1,,,,
12889,2892175000000,150.0,Fruta,Kiwi categoria II,1 un = 150 gr (aprox.),0.45,2.99,0,,€/Kg,,,https://driveimg1.intermarche.com/pt/Content/images/boitmal/produit/zoom/39D74C337E358C98856B0EB2FC79D7A8.jpg,,,2025-04-02T23:59:59.999999999+01:00,PROSPECTUS,14,1,,,,
1463,5601286232779,250.0,Milaneza,"Massa pevide, embalagem de 250g",,0.61,2.44,0,kg,€/Kg,,,https://driveimg1.intermarche.com/pt/Content/images/boitmal/produit/zoom/7FABF67C8683DAD5B618F045601E14A4.jpg,,,2025-04-02T23:59:59.999999999+01:00,PROSPECTUS,14,1,,,,
16427,5604260277407,2000.0,PorSi,Lixívia Roupa delicada,Embalagem de 2 l,1.19,0.6,2000,L,€/L,,,https://driveimg1.intermarche.com/pt/Content/images/boitmal/produit/zoom/04D235A82CA5C93C045F731FF2ACAE42.jpg,,,2025-04-02T23:59:59.999999999+01:00,PROSPECTUS,14,1,,,,
22953,8411660670236,750.0,Sanytol,Desinfetante Multiusos,Embalagem de 750 ml,2.49,3.32,750,L,€/L,,,https://driveimg1.intermarche.com/pt/Content/images/boitmal/produit/zoom/1EEAA97664C33C6BEBEA4FA4B7290F03.jpg,,,2025-04-02T23:59:59.999999999+01:00,PROSPECTUS,14,1,,,,
2589,7622300281182,154.0,Oreo,"Bolachas, tubo, embalagem de 150g",,1.39,9.03,0,kg,€/Kg,,,https://driveimg1.intermarche.com/pt/Content/images/boitmal/produit/zoom/A967EF8D7DC66A4DE384AFCA6E356DB8.jpg,,,2025-04-02T23:59:59.999999999+01:00,PROSPECTUS,14,1,,,,
34877,5604260285464,1500.0,PorSi,Maçã royal gala categoria II Programa Origens,Embalagem de 1.5 kg,1.79,1.19,0,kg,€/Kg,,,https://driveimg1.intermarche.com/pt/Content/images/boitmal/produit/zoom/F091E3663EBAE6E7A8981702DFBCC609.jpg,,,2025-04-02T23:59:59.999999999+01:00,PROSPECTUS,14,1,,,,
38291,8410436343527,1100.0,Sonasol,"Lava Tudo Desinfetante, embalagem 1,1l",,2.79,2.54,1100,L,€/L,,,https://driveimg1.intermarche.com/pt/Content/images/boitmal/produit/zoom/3BCE9789D68C09F6CE19611FDEABB947.jpg,,,2025-04-02T23:59:59.999999999+01:00,PROSPECTUS,14,1,,,,
40493,5604260296125,,PorSi,"Sacos do lixo wc 5L, 30 sacos",,0.85,0.85,0,,€/Unidade,,,https://driveimg1.intermarche.com/pt/Content/images/boitmal/produit/zoom/71190204B6BA7B59B49CD014C9D15AF9.jpg,,,2025-04-02T23:59:59.999999999+01:00,PROSPECTUS,14,1,,,,
40495,5604260296071,,PorSi,Sacos do lixo com atilho 20 litros,50 sacos,1.79,1.79,0,,€/Unidade,,,https://driveimg1.intermarche.com/pt/Content/images/boitmal/produit/zoom/09451DAED034B47C1C9D6F554E340140.jpg,,,2025-04-02T23:59:59.999999999+01:00,PROSPECTUS,14,1,,,,
41300,5601050036596,440.0,Danone,"Iogurte oikos manga papaya, embalagem de 4 x 110g",,1.99,4.52,0,kg,€/Kg,,,https://driveimg1.intermarche.com/pt/Content/images/boitmal/produit/zoom/407B76EA9B8AB5CE288E3F687A8DBF84.jpg,,,2025-04-02T23:59:59.999999999+01:00,PROSPECTUS,14,1,,,,
44936,8711327318373,540.0,Olá,"Cornetto clássico, embalagem de 6 x 90 ml",,3.29,6.09,540,L,€/L,,Tipo de stockagem,https://driveimg1.intermarche.com/pt/Content/images/boitmal/produit/zoom/375352E817B7CDAB1DA63F9C8C8FF261.jpg,,,2025-04-02T23:59:59.999999999+01:00,PROSPECTUS,14,1,,,,
46955,5600748341554,,Ovitae,Ovos | Classe: L,24 unidades,4.99,4.99,0,,€/Unidade,,,https://driveimg1.intermarche.com/pt/Content/images/boitmal/produit/zoom/60D180E3671C3B8C51448428E2B8CE67.jpg,,,2025-04-02T23:59:59.999999999+01:00,PROSPECTUS,14,1,,,,
47102,5603722520198,250.0,Mimosa,"Manteiga com sal e sem lactose, embalagem de 250g",,2.44,9.76,0,kg,€/Kg,,,https://driveimg1.intermarche.com/pt/Content/images/boitmal/produit/zoom/93C16F859411D0EBAFBF43E49FD1DA1B.jpg,https://driveimg1.intermarche.com/pt/Content/images/boitmal/produit/zoom/03F85375587D6FDFB4925819A11BDAE0.jpg,https://driveimg1.intermarche.com/pt/Content/images/boitmal/produit/zoom/851EE75BBBA7A9986AE9578DEC17E3F9.jpg,2025-04-02T23:59:59.999999999+01:00,PROSPECTUS,14,1,,,,
48137,5604260323319,2000.0,PorSi,Amaciador concentrado talco,80 doses,1.85,0.93,2000,L,€/L,,,https://driveimg1.intermarche.com/pt/Content/images/boitmal/produit/zoom/19A86120D5B46985AF96636938E62EA9.jpg,,,2025-04-02T23:59:59.999999999+01:00,PROSPECTUS,14,1,,,,
48369,5604260321773,,PorSi,"Sacos lixo eco com atilho 50 litros, 15 unidades",,0.99,0.99,0,,€/Unidade,,,https://driveimg1.intermarche.com/pt/Content/images/boitmal/produit/zoom/DC3FB64CCEE2C6111E1FFC5F91642D44.jpg,,,2025-04-02T23:59:59.999999999+01:00,PROSPECTUS,14,1,,,,
51573,5604260327980,750.0,PorSi,Azeite virgem,Garrafa de 750 ml,4.79,6.39,750,L,€/L,,,https://driveimg1.intermarche.com/pt/Content/images/boitmal/produit/zoom/9A840A77BE9455BCDA776FF0863DDB23.jpg,,,2025-04-02T23:59:59.999999999+01:00,PROSPECTUS,14,1,,,,
52601,5601217137944,1710.0,Quanto,"Amaciador roupa concentrado rubi e jasmim, 95 doses",,3.99,2.33,1710,L,€/L,,,https://driveimg1.intermarche.com/pt/Content/images/boitmal/produit/zoom/F98E5B67EBAD53610C2B7527547160F8.jpg,,,2025-04-02T23:59:59.999999999+01:00,PROSPECTUS,14,1,,,,
54362,8410104914127,,Finish,"Detergente loiça máquina ultimate limão, 32 pastilhas",,8.99,8.99,32,,€/Unidade,,,https://driveimg1.intermarche.com/pt/Content/images/boitmal/produit/zoom/1D3A215F5E688CA6FF7E7D1EDBD7C601.jpg,,,2025-04-02T23:59:59.999999999+01:00,PROSPECTUS,14,1,,,,
5788,5604260033447,200.0,PorSi,Chouriço corrente,Embalagem de 200 g,1.35,6.75,0,kg,€/Kg,,,https://driveimg1.intermarche.com/pt/Content/images/boitmal/produit/zoom/92DD7C79E00E3F96B89DDD048D065D1C.jpg,,,2025-04-02T23:59:59.999999999+01:00,PROSPECTUS,14,1,,,,
6278,8410001103877,,Scotch Brite,"Esfregão com Esponja Salva Unhas Fibra Verde Gama Classic, 2 unidades",,1.49,1.49,0,,€/Unidade,,,https://driveimg1.intermarche.com/pt/Content/images/boitmal/produit/zoom/8B050954A17B3AEE53D05423C2DB9B5C.jpg,,,2025-04-02T23:59:59.999999999+01:00,PROSPECTUS,14,1,,,,
8384,5601049133992,1000.0,Mimosa,"Leite uht magro, embalagem de 1litro",,0.89,0.89,1000,L,€/L,,,https://driveimg1.intermarche.com/pt/Content/images/boitmal/produit/zoom/128AB814EBA9C0783B386EB2E0A38CC9.jpg,https://driveimg1.intermarche.com/pt/Content/images/boitmal/produit/zoom/8C350978140C257D0AAD7365CD133F0C.jpg,https://driveimg1.intermarche.com/pt/Content/images/boitmal/produit/zoom/B9BED9F397071733FB4D36CBE39ECDBA.jpg,2025-04-02T23:59:59.999999999+01:00,PROSPECTUS,14,1,,,,
10094,8435257040776,640.0,Nestlé,"Iogurte líquido yoggi banana, embalagem de 4 x 160 g",,1.99,3.11,0,kg,€/Kg,,,https://driveimg1.intermarche.com/pt/Content/images/boitmal/produit/zoom/6885FCEF2FEF4752D565E64A3BDEE242.jpg,,,2025-04-02T23:59:59.999999999+01:00,PROSPECTUS,14,1,,,,
10273,8410436240130,50.0,Sonasol,Bloco sanitário blue activ higiene,Embalagem de 50 g,1.98,39.6,0,kg,€/Kg,,,https://driveimg1.intermarche.com/pt/Content/images/boitmal/produit/zoom/030C25BBFC0551A8A26341A0DB18F1E8.jpg,,,2025-04-02T23:59:59.999999999+01:00,PROSPECTUS,14,1,,,,
12107,5604260266609,320.0,PorSi,Napolitanas creme cacau,Embalagem de 320g,1.77,5.53,0,kg,€/Kg,,,https://driveimg1.intermarche.com/pt/Content/images/boitmal/produit/zoom/7E715318E7923DFB0EA8242531AE3823.jpg,,,2025-04-02T23:59:59.999999999+01:00,PROSPECTUS,14,1,,,,
13839,2891006000000,800.0,Novilho,Bife da Pá,Vendido ao peso a partir de 800 g,9.19,11.49,0,,€/Kg,,,https://driveimg1.intermarche.com/pt/Content/images/boitmal/produit/zoom/5626B1315F40E59D057B37FBCA18064B.jpg,,,2025-04-02T23:59:59.999999999+01:00,PROSPECTUS,14,1,,,,
13894,2891044000000,1000.0,Porco,Entremeada sem Entrecosto,Vendido ao peso a partir de 1 kg,4.89,4.89,0,,€/Kg,,,https://driveimg1.intermarche.com/pt/Content/images/boitmal/produit/zoom/033DDCE7C7F9A9CD99F0A4BEB2F74462.jpg,,,2025-04-02T23:59:59.999999999+01:00,PROSPECTUS,14,1,,,,
13966,2696019000000,450.0,Padaria,Pão Regional Rio Maior Inteiro,1 unidade= 450 g,1.09,2.42,0,kg,€/Kg,,,https://driveimg1.intermarche.com/pt/Content/images/boitmal/produit/zoom/868CC38F01B8F1FD056036A7F49504A8.jpg,,,2025-04-02T23:59:59.999999999+01:00,PROSPECTUS,14,1,,,,
14198,5604260273683,800.0,PorSi,Bolacha tostada,Embalagem de 800g,1.69,2.11,0,kg,€/Kg,,,https://driveimg1.intermarche.com/pt/Content/images/boitmal/produit/zoom/B2D5FAAB4BD35CE24623ED7F165261C0.jpg,,,2025-04-02T23:59:59.999999999+01:00,PROSPECTUS,14,1,,,,
14337,3387390320008,141.0,Nestlé,"Barras fitness com chocolate, embalagem de 140g",,2.99,21.21,0,kg,€/Kg,,,https://driveimg1.intermarche.com/pt/Content/images/boitmal/produit/zoom/60AE623A4FF700F6FDA38FA5729DE5A4.jpg,,,2025-04-02T23:59:59.999999999+01:00,PROSPECTUS,14,1,,,,
14698,7613034570512,90.0,Nestlé,"Fruta para bebé 4 frutas +4 meses, embalagem de 90g",,0.69,7.67,0,kg,€/Kg,,,https://driveimg1.intermarche.com/pt/Content/images/boitmal/produit/zoom/3717C2AF583A80AD83A765BB8032F767.jpg,,,2025-04-02T23:59:59.999999999+01:00,PROSPECTUS,14,1,,,,
15886,5601027003859,210.0,Manhãzitos,Manhãzitos original,Embalagem 6x2 unidades,2.29,10.9,0,kg,€/Kg,,,https://driveimg1.intermarche.com/pt/Content/images/boitmal/produit/zoom/E3BD264A0F36C19CDFE09BE15A0F5910.jpg,,,2025-04-02T23:59:59.999999999+01:00,PROSPECTUS,14,1,,,,
17207,8006540943687,1800.0,Fairy,Detergente manual de loiça limão,Embalagem de 2 x 900 ml,6.49,3.61,1800,L,€/L,,,https://driveimg1.intermarche.com/pt/Content/images/boitmal/produit/zoom/B2EE328B1B3FB1BA0162E77ED87C40E9.jpg,,,2025-04-02T23:59:59.999999999+01:00,PROSPECTUS,14,1,,,,
17402,8412600027233,700.0,Bimbo,Pão forma familiar normal,embalagem de 700 g,1.99,2.84,0,kg,€/Kg,,,https://driveimg1.intermarche.com/pt/Content/images/boitmal/produit/zoom/BD26753EF23D0DF0FDC14FCDC181B902.jpg,,,2025-04-02T23:59:59.999999999+01:00,PROSPECTUS,14,1,,,,
19368,5606586000417,250.0,Legumes,Tomate Cherry,Embalagem de 250 g,1.19,4.76,0,kg,€/Kg,,,https://driveimg1.intermarche.com/pt/Content/images/boitmal/produit/zoom/069A452D96BB832E7E3CCB43CD96D923.jpg,,,2025-04-02T23:59:59.999999999+01:00,PROSPECTUS,14,1,,,,
20988,5601260593605,67.0,Cigala,"Noodle banzai galinha, embalagem de 70g",,1.09,16.27,0,kg,€/Kg,,,https://driveimg1.intermarche.com/pt/Content/images/boitmal/produit/zoom/71C67AA9B3CABECA513D8BECB737982E.jpg,,,2025-04-02T23:59:59.999999999+01:00,PROSPECTUS,14,1,,,,
21767,7613035487871,90.0,Nestlé,"Fruta para bebé multifrutas +4 meses, embalagem de 90g",,0.69,7.67,0,kg,€/Kg,,,https://driveimg1.intermarche.com/pt/Content/images/boitmal/produit/zoom/1B1A7DCEC52C23E2760C4FE3A24A75EE.jpg,,,2025-04-02T23:59:59.999999999+01:00,PROSPECTUS,14,1,,,,
23571,5604260326549,,PorSi,Toalhitas higiene adultos,60 Unidades,1.99,1.99,0,,€/Unidade,,,https://driveimg1.intermarche.com/pt/Content/images/boitmal/produit/zoom/FE967579451C74C088CFE98A2846FA03.jpg,,,2025-04-02T23:59:59.999999999+01:00,PROSPECTUS,14,1,,,,
25215,7613035930582,90.0,Nestlé,"Fruta para bebé maçã manga +6 meses, embalagem de 90g",,0.69,7.67,0,kg,€/Kg,,,https://driveimg1.intermarche.com/pt/Content/images/boitmal/produit/zoom/1A0BFDB38CDBA8991FD9074B384368B9.jpg,,,2025-04-02T23:59:59.999999999+01:00,PROSPECTUS,14,1,,,,
2779,8410180108038,185.0,Artiach,Bolachas infantil dinossauros,Embalagem de 190g,1.69,9.14,0,kg,€/Kg,,,https://driveimg1.intermarche.com/pt/Content/images/boitmal/produit/zoom/93FFBED3F451AE6676EBADF170E0F9AC.jpg,,,2025-04-02T23:59:59.999999999+01:00,PROSPECTUS,14,1,,,,
29263,8414516090615,100.0,Florette,Salada Gourmet 8 Brotes,Embalagem de 100 g,1.49,14.9,0,kg,€/Kg,,,https://driveimg1.intermarche.com/pt/Content/images/boitmal/produit/zoom/F31CD8F501723124D6B2E5650152B276.jpg,,,2025-04-02T23:59:59.999999999+01:00,PROSPECTUS,14,1,,,,
36263,5601027973060,480.0,Bimbo,Pão de forma integral,Embalagem de 480 g,1.89,3.94,0,kg,€/Kg,,,https://driveimg1.intermarche.com/pt/Content/images/boitmal/produit/zoom/34F016B3F162809D8E0423F1C3245DFD.jpg,,,2025-04-02T23:59:59.999999999+01:00,PROSPECTUS,14,1,,,,
36657,5601217132673,500.0,Cillitbang,"Spray lixívia e higiene, de 500 ml",,2.49,4.98,500,L,€/L,,,https://driveimg1.intermarche.com/pt/Content/images/boitmal/produit/zoom/D9B27A41A222F2F218026715A414F2D0.jpg,,,2025-04-02T23:59:59.999999999+01:00,PROSPECTUS,14,1,,,,
38560,5601027006447,280.0,Bimbo,Pão de leite 8 un.,Embalagem de 280g,1.99,7.11,0,kg,€/Kg,,,https://driveimg1.intermarche.com/pt/Content/images/boitmal/produit/zoom/6B2CD6A0B581F7726EA51AA0698C6FB6.jpg,https://driveimg1.intermarche.com/pt/Content/images/boitmal/produit/zoom/03428EFF3EBBF0386E77776667460845.jpg,,2025-04-02T23:59:59.999999999+01:00,PROSPECTUS,14,1,,,,
41078,8718951333420,1250.0,Ajax,"Detergente líquido lava-tudo festa das flores primavera, 1.25 litros",,2.24,1.79,1250,L,€/L,,,https://driveimg1.intermarche.com/pt/Content/images/boitmal/produit/zoom/67E1C6EE2E3883C90BF505A7EA63B51E.jpg,,,2025-04-02T23:59:59.999999999+01:00,PROSPECTUS,14,1,,,,
41297,5601050036534,440.0,Danone,"Iogurte oikos pêssego, embalagem de 4 x 110g",,1.99,4.52,0,kg,€/Kg,,,https://driveimg1.intermarche.com/pt/Content/images/boitmal/produit/zoom/C2BCC90FB2B192B3C8BC1E9CCF0DA4AF.jpg,,,2025-04-02T23:59:59.999999999+01:00,PROSPECTUS,14,1,,,,
43215,5603722519802,300.0,Castelões,"Queijo curado fatias sem lactose, 2x150g",,3.29,10.97,0,kg,€/Kg,,,https://driveimg1.intermarche.com/pt/Content/images/boitmal/produit/zoom/00AFD4E031A3F72FB642915439BD8EFE.jpg,,,2025-04-02T23:59:59.999999999+01:00,PROSPECTUS,14,1,,,,
43540,5604260312573,2520.0,PorSi,Detergente em pó máquina de lavar roupa active action,40 doses,5.59,2.22,0,kg,€/Kg,,,https://driveimg1.intermarche.com/pt/Content/images/boitmal/produit/zoom/F9A12FCC303D0D1D32033297746495E3.jpg,,,2025-04-02T23:59:59.999999999+01:00,PROSPECTUS,14,1,,,,
43542,5604260309962,2000.0,PorSi,"Amaciador concentrado para roupa jojoba, 80 doses",,1.85,0.93,2000,L,€/L,,,https://driveimg1.intermarche.com/pt/Content/images/boitmal/produit/zoom/95C7567032806DAB5689560A3C82D170.jpg,,,2025-04-02T23:59:59.999999999+01:00,PROSPECTUS,14,1,,,,
43543,5604260309931,2000.0,PorSi,Amaciador concentrado para roupa alfazema,80 doses,1.85,0.93,2000,L,€/L,,,https://driveimg1.intermarche.com/pt/Content/images/boitmal/produit/zoom/07069CB8BFCFAE27D60047F2A269715A.jpg,,,2025-04-02T23:59:59.999999999+01:00,PROSPECTUS,14,1,,,,
44234,8710522854815,257.0,Calvé,"Mostarda top down, embalagem de 257g",,1.68,6.54,0,kg,€/Kg,,,https://driveimg1.intermarche.com/pt/Content/images/boitmal/produit/zoom/63AC7BC5BB2C7D5CE58B458BE855CC4A.jpg,,,2025-04-02T23:59:59.999999999+01:00,PROSPECTUS,14,1,,,,
45326,5604260314256,,PorSi,Detergentes máquina lavar loiça next generation,30 pastilhas,5.54,5.54,0,,€/Unidade,,,https://driveimg1.intermarche.com/pt/Content/images/boitmal/produit/zoom/3877597C67E67FAF94A364481248DE61.jpg,,,2025-04-02T23:59:59.999999999+01:00,PROSPECTUS,14,1,,,,
48138,5604260323302,2000.0,PorSi,"Amaciador concentrado spa, 80 doses",,1.85,0.93,2000,L,€/L,,,https://driveimg1.intermarche.com/pt/Content/images/boitmal/produit/zoom/B55A72265AD19CED3CBED903155DF619.jpg,,,2025-04-02T23:59:59.999999999+01:00,PROSPECTUS,14,1,,,,
48209,5604260322787,1980.0,PorSi,"Detergente líquido máquina de roupa delicada, 66 doses",,2.79,1.41,1980,L,€/L,,,https://driveimg1.intermarche.com/pt/Content/images/boitmal/produit/zoom/D1552534B80C43B5DC20090AA96CB12B.jpg,,,2025-04-02T23:59:59.999999999+01:00,PROSPECTUS,14,1,,,,
48725,8410376057645,319.0,Gullón,"Surtido diet nature, 319g",,4.44,13.92,0,kg,€/Kg,,,https://driveimg1.intermarche.com/pt/Content/images/boitmal/produit/zoom/0F081766711E99C8AF731499148CF883.jpg,,,2025-04-02T23:59:59.999999999+01:00,PROSPECTUS,14,2,,,,
50405,8445290489173,900.0,Cerelac,"Papa Infantil 12 meses, 900g",,6.29,6.99,0,kg,€/Kg,,,https://driveimg1.intermarche.com/pt/Content/images/boitmal/produit/zoom/79C2E535CBAB06EFF8E7EE2B8A2191BC.jpg,,,2025-04-02T23:59:59.999999999+01:00,PROSPECTUS,14,2,,,,
5126,5601068014494,750.0,Cif,"Desinfetante em gel com lixívia, de 750 ml",,1.49,1.99,750,L,€/L,,,https://driveimg1.intermarche.com/pt/Content/images/boitmal/produit/zoom/77935B9909F887F8D557F56915EB5FD9.jpg,,,2025-04-02T23:59:59.999999999+01:00,PROSPECTUS,14,2,,,,
52296,3023290072097,160.0,Lindahls,"Iogurte sólido proteico stracciatella, embalagem de 160 g",,1.19,7.44,0,kg,€/Kg,,,https://driveimg1.intermarche.com/pt/Content/images/boitmal/produit/zoom/F40178A8CA528D15DB7CD5F4CB218526.jpg,,,2025-04-02T23:59:59.999999999+01:00,PROSPECTUS,14,2,,,,
52602,5601217137937,1710.0,Quanto,"Amaciador roupa concentrado lirios e frutos vermelhos, 95 doses",,3.99,2.33,1710,L,€/L,,,https://driveimg1.intermarche.com/pt/Content/images/boitmal/produit/zoom/D5EC13B4D27621ECAF91289F5FDA9612.jpg,,,2025-04-02T23:59:59.999999999+01:00,PROSPECTUS,14,2,,,,
52785,5900020043504,310.0,Nestlé,"Cereais Fibra Fitness 0% Mel, 310g",,3.34,10.77,0,kg,€/Kg,,,https://driveimg1.intermarche.com/pt/Content/images/boitmal/produit/zoom/8279A6B5BC166AA60A43E6EF7802287B.jpg,,,2025-04-02T23:59:59.999999999+01:00,PROSPECTUS,14,2,,,,
54347,8435495843856,,Gama,"Detergente Roupa Máquina Líquido Jasmim, 100D",,9.99,9.99,0,,€/Unidade,,,https://driveimg1.intermarche.com/pt/Content/images/boitmal/produit/zoom/59368F24AEB9ACBEBF03B871B10185FE.jpg,,,2025-04-02T23:59:59.999999999+01:00,PROSPECTUS,14,2,,,,
54799,5603722521263,604.0,Mimosa,Iogurte magro liquido frutos silvestres 4 x 151 ml,,0.99,1.64,604,L,€/L,,,https://driveimg1.intermarche.com/pt/Content/images/boitmal/produit/zoom/783E43940BBBFF2CB63BFFCCB1232BA5.jpg,,,2025-04-02T23:59:59.999999999+01:00,PROSPECTUS,14,2,,,,
54805,5603722521256,604.0,Mimosa,"Iogurte magro liquido morango e kiwi, 4 x 151ml",,0.99,1.64,604,L,€/L,,,https://driveimg1.intermarche.com/pt/Content/images/boitmal/produit/zoom/A3858514DE6D6159040FFCC958098D81.jpg,,,2025-04-02T23:59:59.999999999+01:00,PROSPECTUS,14,2,,,,
55161,5601283554362,250.0,Penha,"Caramelos de frutos tropicais, 250g",,2.24,8.96,0,kg,€/Kg,,,https://driveimg1.intermarche.com/pt/Content/images/boitmal/produit/zoom/C4AE17D3A533818D3A0E84287C02FAB9.jpg,,,2025-04-02T23:59:59.999999999+01:00,PROSPECTUS,14,2,,,,
5925,5604260256891,2000.0,PorSi,"Lava Tudo Perfumado Floral, embalagem de 2 l",,0.99,0.5,2000,L,€/L,,,https://driveimg1.intermarche.com/pt/Content/images/boitmal/produit/zoom/F01E0A9A550FA76DA5066F589EA8BBFA.jpg,,,2025-04-02T23:59:59.999999999+01:00,PROSPECTUS,14,2,,,,
6205,8001480020450,2000.0,Neoblanc,Lixívia Denso-Activa Harmonias Florais p/ Casa e Roupa,Embalagem de 2 l,2.99,1.5,2000,L,€/L,,,https://driveimg1.intermarche.com/pt/Content/images/boitmal/produit/zoom/C3481E94CAB9959473CAD676E85F2973.jpg,,,2025-04-02T23:59:59.999999999+01:00,PROSPECTUS,14,2,,,,
6207,8001480020528,2000.0,Neoblanc,Lixívia para roupa tradicional,Embalagem de 2 l,1.75,0.88,2000,L,€/L,,,https://driveimg1.intermarche.com/pt/Content/images/boitmal/produit/zoom/930401C25A92312F34CEB71B016BE255.jpg,,,2025-04-02T23:59:59.999999999+01:00,PROSPECTUS,14,2,,,,
8068,5011417544679,400.0,Finish,Abrilhantador p/ máquina de lavar loiça,Garrafa de 400 ml,3.99,9.98,400,L,€/L,,,https://driveimg1.intermarche.com/pt/Content/images/boitmal/produit/zoom/5D045CC65EE222532216DB5B0BF2A582.jpg,,,2025-04-02T23:59:59.999999999+01:00,PROSPECTUS,14,2,,,,
8396,5601049614330,250.0,Milhafre,"Manteiga com sal, embalagem de 250g",,2.14,8.56,0,kg,€/Kg,,,https://driveimg1.intermarche.com/pt/Content/images/boitmal/produit/zoom/8DCB9F2F3B36086D35B7173891ABA268.jpg,,,2025-04-02T23:59:59.999999999+01:00,PROSPECTUS,14,2,,,,
929,5601001187803,625.0,Nestlé,"Cereais chocapic, 625 g",,3.74,5.98,0,kg,€/Kg,,,https://driveimg1.intermarche.com/pt/Content/images/boitmal/produit/zoom/8DB31C1F3066D48D593AE11B75516670.jpg,,,2025-04-02T23:59:59.999999999+01:00,PROSPECTUS,14,2,,,,
941,5601001322808,100.0,Nescafé,"Café solúvel, embalagem de 100g",,3.79,37.9,0,kg,€/Kg,,,https://driveimg1.intermarche.com/pt/Content/images/boitmal/produit/zoom/B063757FB22F6A33CD1F9CE6C13974A8.jpg,,,2025-04-02T23:59:59.999999999+01:00,PROSPECTUS,14,2,,,,
9692,5604260270644,1000.0,PorSi,Lasanha à Bolonhesa,Embalagem de 1 kg,4.49,4.49,0,kg,€/Kg,,,https://driveimg1.intermarche.com/pt/Content/images/boitmal/produit/zoom/595A20D8C881F56034BBF0051C161610.jpg,,,2025-04-02T23:59:59.999999999+01:00,PROSPECTUS,14,2,,,,
9727,5604260273058,200.0,PorSi,Queijo mozzarella ralado,Embalagem de 200 g,1.64,8.2,0,kg,€/Kg,,,https://driveimg1.intermarche.com/pt/Content/images/boitmal/produit/zoom/D767CFC30304ACED37F1FA78A6E123BE.jpg,,,2025-04-02T23:59:59.999999999+01:00,PROSPECTUS,14,2,,,,
9999,8001480020535,4000.0,Neoblanc,Lixívia Tradicional,Embalagem de 4 l,2.99,0.75,4000,L,€/L,,,https://driveimg1.intermarche.com/pt/Content/images/boitmal/produit/zoom/9906959CB147C83320C04CF2C670E38F.jpg,,,2025-04-02T23:59:59.999999999+01:00,PROSPECTUS,14,2,,,,
1010,5601038300091,240.0,Knorr,"Caldo de galinha 24 cubos, embalagem de 240g",,2.49,10.38,0,kg,€/Kg,,,https://driveimg1.intermarche.com/pt/Content/images/boitmal/produit/zoom/4E25834255892D5C9C1047A286FE9847.jpg,,,2025-04-02T23:59:59.999999999+01:00,PROSPECTUS,14,2,,,,
10161,8410199030900,85.0,LayS,"Aperitivos 3ds cones, embalagem de 90g",,1.19,14.0,0,kg,€/Kg,,,https://driveimg1.intermarche.com/pt/Content/images/boitmal/produit/zoom/CABD9E02E15FE0A39A1EB6AA89751DFE.jpg,,,2025-04-02T23:59:59.999999999+01:00,PROSPECTUS,14,2,,,,
10509,8435250297955,256.0,Nestlé,"Iogurte mix in smarties baunilha, embalagem de 2 x 128 g",,2.09,8.16,0,kg,€/Kg,,,https://driveimg1.intermarche.com/pt/Content/images/boitmal/produit/zoom/5355941DC0922592DB9EDB46788FEE19.jpg,,,2025-04-02T23:59:59.999999999+01:00,PROSPECTUS,14,2,,,,
10823,2895063000000,250.0,Castelões,Queijo Curado kg,1 un = 250 gr  (aprox.),2.62,10.49,0,,€/Kg,,,https://driveimg1.intermarche.com/pt/Content/images/boitmal/produit/zoom/75B6363D9B6BD363EA11623977BF1CB2.jpg,,,2025-04-02T23:59:59.999999999+01:00,PROSPECTUS,14,2,,,,
11501,5601049612084,125.0,Mimosa,"Manteiga com sal, embalagem de 130g",,1.34,10.72,0,kg,€/Kg,,,https://driveimg1.intermarche.com/pt/Content/images/boitmal/produit/zoom/C0A3DF0B7623AAEE8B7C1B9626AECDDA.jpg,https://driveimg1.intermarche.com/pt/Content/images/boitmal/produit/zoom/1207D37BB442FDD5C918BE023189F00C.jpg,,2025-04-02T23:59:59.999999999+01:00,PROSPECTUS,14,2,,,,
11656,5601195510128,1000.0,Pedras Salgadas,"Água com gás limão, pack 4 x 0.25 l",,2.19,2.19,1000,L,€/L,,,https://driveimg1.intermarche.com/pt/Content/images/boitmal/produit/zoom/B17C3B681260FB1EF3C3D602C2A48DB7.jpg,,,2025-04-02T23:59:59.999999999+01:00,PROSPECTUS,14,2,,,,
11963,5603722505775,250.0,Mimosa,"Manteiga sem sal, embalagem de 250g",,2.14,8.56,0,kg,€/Kg,,,https://driveimg1.intermarche.com/pt/Content/images/boitmal/produit/zoom/9BCF64C54A7D7626D65710EBF82436CC.jpg,https://driveimg1.intermarche.com/pt/Content/images/boitmal/produit/zoom/1EA90F949357E7F98D48732996035C6E.jpg,https://driveimg1.intermarche.com/pt/Content/images/boitmal/produit/zoom/1F0AD169BB42B947BB5B96F6E89FDECD.jpg,2025-04-02T23:59:59.999999999+01:00,PROSPECTUS,14,2,,,,
12106,5604260266593,320.0,PorSi,Napolitas creme baunilha,Embalagem de 320g,1.77,5.53,0,kg,€/Kg,,,https://driveimg1.intermarche.com/pt/Content/images/boitmal/produit/zoom/DD74E124716DAC476D4D2CC49FD2F04F.jpg,,,2025-04-02T23:59:59.999999999+01:00,PROSPECTUS,14,2,,,,
13095,2893071000000,100.0,Peixaria,Carapau Pequeno,1 un = 100 g (aprox.),0.35,3.49,0,,€/Kg,,,https://driveimg1.intermarche.com/pt/Content/images/boitmal/produit/zoom/07606BE143D22CF4796A63CA9C752E5B.jpg,,,2025-04-02T23:59:59.999999999+01:00,PROSPECTUS,14,2,,,,
13566,2893560000000,250.0,Congelado de Aquicultura,Camarão Congelado 20/30,1 un = 250 gr  (aprox.),2.5,9.99,0,,€/Kg,,Avantages !,https://driveimg1.intermarche.com/pt/Content/images/boitmal/produit/zoom/863DB9F10BE616A55736AB7A17BC6BB5.jpg,,,2025-04-02T23:59:59.999999999+01:00,PROSPECTUS,14,2,,,,
13582,2893577000000,400.0,Peixaria,Solha Congelada,,2.28,5.69,0,,€/Kg,,Avantages !,https://driveimg1.intermarche.com/pt/Content/images/boitmal/produit/zoom/09CD29C77ECA15BC59D0A288B72C20B4.jpg,,,2025-04-02T23:59:59.999999999+01:00,PROSPECTUS,14,2,,,,
13630,2893625000000,800.0,Nossa Seleção,Maruca,Congelada,7.19,8.99,0,,€/Kg,,Avantages !,https://driveimg1.intermarche.com/pt/Content/images/boitmal/produit/zoom/D10F1B147D38A26647832B3B877B06EF.jpg,,,2025-04-02T23:59:59.999999999+01:00,PROSPECTUS,14,2,,,,
13977,2696106000000,,Pastelaria,Folhado de Maçã,1 unidade= 100 g,0.89,0.89,0,,€/Unidade,,,https://driveimg1.intermarche.com/pt/Content/images/boitmal/produit/zoom/C92497D9C6A75CD832651E848AF344C3.jpg,,,2025-04-02T23:59:59.999999999+01:00,PROSPECTUS,14,2,,,,
13981,2696138000000,60.0,Pastelaria,Pastel de Nata,60 g,0.39,6.5,0,kg,€/Kg,,,https://driveimg1.intermarche.com/pt/Content/images/boitmal/produit/zoom/EA9B10BF07D95E268418206A452F7022.jpg,,,2025-04-02T23:59:59.999999999+01:00,PROSPECTUS,14,2,,,,
14370,8712100544132,72.0,Knorr,"Molho cervejeira 8 cubos, embalagem de 70g",,1.59,22.08,0,kg,€/Kg,,,https://driveimg1.intermarche.com/pt/Content/images/boitmal/produit/zoom/4BA8D4D54E6D8F06F977BA78E61BEE2F.jpg,,,2025-04-02T23:59:59.999999999+01:00,PROSPECTUS,14,2,,,,
1447,5601283141500,250.0,Penha,"Caramelos de fruta, embalagem de 250g",,2.24,8.96,0,kg,€/Kg,,,https://driveimg1.intermarche.com/pt/Content/images/boitmal/produit/zoom/7EC5A442E9EF4DEED119DFDA6F572F35.jpg,,,2025-04-02T23:59:59.999999999+01:00,PROSPECTUS,14,2,,,,
1465,5601286234773,250.0,Milaneza,"Massa de letras, embalagem de 250g",,0.61,2.44,0,kg,€/Kg,,,https://driveimg1.intermarche.com/pt/Content/images/boitmal/produit/zoom/93F4FB7CE3C81A4CA398AFB1F88C82DD.jpg,,,2025-04-02T23:59:59.999999999+01:00,PROSPECTUS,14,2,,,,
14968,5000116109081,227.0,Capitão Iglo,"Big burger frango, embalagem de 230g",,3.29,14.49,0,kg,€/Kg,,Tipo de stockagem,https://driveimg1.intermarche.com/pt/Content/images/boitmal/produit/zoom/EDBAA2D3D86CC9AD1CAF56CB2A43F94C.jpg,,,2025-04-02T23:59:59.999999999+01:00,PROSPECTUS,14,2,,,,
15010,2892545000000,1000.0,Programa Origens,Couve Flor,1 un = 1 kg (aprox.),1.49,1.49,0,,€/Kg,,,https://driveimg1.intermarche.com/pt/Content/images/boitmal/produit/zoom/93AF9BD404AC9C131A6A0C88150C31D1.jpg,,,2025-04-02T23:59:59.999999999+01:00,PROSPECTUS,14,2,,,,
15566,8410063056180,250.0,Pescanova,"Miolo camarão, 250g",,6.99,27.96,0,kg,€/Kg,,Tipo de stockagem,https://driveimg1.intermarche.com/pt/Content/images/boitmal/produit/zoom/BEE1FF3586E000AD085B4D38C7ACD034.jpg,,,2025-04-02T23:59:59.999999999+01:00,PROSPECTUS,14,2,,,,
16229,8712561587495,4000.0,Comfort,"Amaciador de roupa, pure, de 4 l",,4.99,1.25,4000,L,€/L,,,https://driveimg1.intermarche.com/pt/Content/images/boitmal/produit/zoom/AAE7E7461FE5C9CAA68CFDC37842673D.jpg,,,2025-04-02T23:59:59.999999999+01:00,PROSPECTUS,14,2,,,,
16607,8712561521529,700.0,Cif,"Creme abrasivo original, de 700 ml",,2.69,3.84,700,L,€/L,,,https://driveimg1.intermarche.com/pt/Content/images/boitmal/produit/zoom/30CCCA0B503F489882A8FCB31275E9C6.jpg,,,2025-04-02T23:59:59.999999999+01:00,PROSPECTUS,14,2,,,,
16609,8712561846530,700.0,Cif,"Creme abrasivo pink flowers, de 700 ml",,2.69,3.84,700,L,€/L,,,https://driveimg1.intermarche.com/pt/Content/images/boitmal/produit/zoom/C71BC29DB02419E55AB519313E13B11B.jpg,,,2025-04-02T23:59:59.999999999+01:00,PROSPECTUS,14,2,,,,
16610,8712561521703,700.0,Cif,"Creme abrasivo ativo com lixívia, de 700 ml",,2.69,3.84,700,L,€/L,,,https://driveimg1.intermarche.com/pt/Content/images/boitmal/produit/zoom/8A1C269FF05C78AE2B38E76648F4E8B5.jpg,,,2025-04-02T23:59:59.999999999+01:00,PROSPECTUS,14,2,,,,
16983,8712100735455,540.0,Olá,"Gelado cornetto morango, embalagem de 6 x 90 ml",,3.29,6.09,540,L,€/L,,Tipo de stockagem,https://driveimg1.intermarche.com/pt/Content/images/boitmal/produit/zoom/F864C0CC873250BC9D1DC90A794E1882.jpg,https://driveimg1.intermarche.com/pt/Content/images/boitmal/produit/zoom/FF03523E6B925BE3441B0A34A996CA2B.jpg,https://driveimg1.intermarche.com/pt/Content/images/boitmal/produit/zoom/FF03523E6B925BE3441B0A34A996CA2B.jpg,2025-04-02T23:59:59.999999999+01:00,PROSPECTUS,14,2,https://driveimg1.intermarche.com/pt/Content/images/boitmal/produit/zoom/FF03523E6B925BE3441B0A34A996CA2B.jpg,,,
17149,8436048440393,120.0,Artiach,"Bolacha infantil dinossaurus mini cereais, 120g",,1.49,12.42,0,kg,€/Kg,,,https://driveimg1.intermarche.com/pt/Content/images/boitmal/produit/zoom/1EC8AB1211C60614115937E5C17820A9.jpg,,,2025-04-02T23:59:59.999999999+01:00,PROSPECTUS,14,2,,,,
17174,2891285000000,1000.0,Novilho,Costeletão,Vendido ao peso a partir de 1 kg,9.99,9.99,0,,€/Kg,,,https://driveimg1.intermarche.com/pt/Content/images/boitmal/produit/zoom/3119B572BBCB66D5B0D8D4234718B722.jpg,,,2025-04-02T23:59:59.999999999+01:00,PROSPECTUS,14,2,,,,
17665,8712100745591,754.0,Calvé,"Maionese top down, embalagem de 753 g",,3.49,4.63,0,kg,€/Kg,,,https://driveimg1.intermarche.com/pt/Content/images/boitmal/produit/zoom/C6F00A8AA4D7D21E56D34CFA61170423.jpg,,,2025-04-02T23:59:59.999999999+01:00,PROSPECTUS,14,2,,,,
18628,5601028002707,,Renova,Rolo de Cozinha Multi,4 Rolos,2.49,2.49,0,,€/Unidade,,,https://driveimg1.intermarche.com/pt/Content/images/boitmal/produit/zoom/A6A18C9DEB55952EA54214B88A2CC38D.jpg,,,2025-04-02T23:59:59.999999999+01:00,PROSPECTUS,14,2,,,,
19607,7613035376625,90.0,Nestlé,Fruta para bebé maçã banana aveia +6 meses,Embalagem de 90g,0.69,7.67,0,kg,€/Kg,,,https://driveimg1.intermarche.com/pt/Content/images/boitmal/produit/zoom/63EF160EDC28D2A349A30B7555DC57D7.jpg,,,2025-04-02T23:59:59.999999999+01:00,PROSPECTUS,14,2,,,,
19939,7613035619425,300.0,Nestlé,Gronola de aveia chocolate,Embalagem de 300g,3.29,10.97,0,kg,€/Kg,,,https://driveimg1.intermarche.com/pt/Content/images/boitmal/produit/zoom/9320D561FEE05C66ADC01B69C3EF7AE4.jpg,,,2025-04-02T23:59:59.999999999+01:00,PROSPECTUS,14,2,,,,
19940,7613035619456,300.0,Nestlé,Granola aveia fitness mel,Embalagem de 300g,3.29,10.97,0,kg,€/Kg,,,https://driveimg1.intermarche.com/pt/Content/images/boitmal/produit/zoom/EAEAF515FE565B8F35270BCD3427077E.jpg,,,2025-04-02T23:59:59.999999999+01:00,PROSPECTUS,14,2,,,,
20032,5602947000010,750.0,Quinta da Pacheca,Vinho tinto doc douro,Garrafa de 750 ml,5.49,7.32,750,L,€/L,,,https://driveimg1.intermarche.com/pt/Content/images/boitmal/produit/zoom/7E98EA253AD421BB8B156D996574E752.jpg,,,2025-04-02T23:59:59.999999999+01:00,PROSPECTUS,14,2,,,,
20221,8410500020071,460.0,Danone,"Iogurte activia aveia nozes, embalagem de 4 x 120g",,2.39,5.2,0,kg,€/Kg,,,https://driveimg1.intermarche.com/pt/Content/images/boitmal/produit/zoom/95DB5CF2D3415DECF98AD16FB13B5950.jpg,,,2025-04-02T23:59:59.999999999+01:00,PROSPECTUS,14,2,,,,
20612,5029053550176,,Huggies,"Toalhitas Bebé Natural Care, 3x56un.",,3.39,3.39,0,,€/Unidade,,,https://driveimg1.intermarche.com/pt/Content/images/boitmal/produit/zoom/606C7A48D796733AA1083F7F306A9EF8.jpg,,,2025-04-02T23:59:59.999999999+01:00,PROSPECTUS,14,2,,,,
20620,7613031497126,375.0,Nestlé,"Cereais fitness chocolate preto, embalagem de 375g",,3.74,9.97,0,kg,€/Kg,,,https://driveimg1.intermarche.com/pt/Content/images/boitmal/produit/zoom/20CCA311279667ADD25FA01E9050F1D6.jpg,,,2025-04-02T23:59:59.999999999+01:00,PROSPECTUS,14,2,,,,
20625,7613034995414,90.0,Purina One,"Biscoito para cão strips, embalagem de 90g",,1.49,16.56,0,kg,€/Kg,,,https://driveimg1.intermarche.com/pt/Content/images/boitmal/produit/zoom/CF15B0C8E94E935F684CB9112330E767.jpg,,,2025-04-02T23:59:59.999999999+01:00,PROSPECTUS,14,2,,,,
21577,5602947000713,750.0,Quinta da Pacheca,Vinho rosé doc douro,Garrafa de 750 ml,5.49,7.32,750,L,€/L,,,https://driveimg1.intermarche.com/pt/Content/images/boitmal/produit/zoom/99C3E3FF1B0370B7F352668571EDA823.jpg,,,2025-04-02T23:59:59.999999999+01:00,PROSPECTUS,14,2,,,,
21766,7613035487840,90.0,Nestlé,Fruta para bebé banana laranja bolacha +6 meses,Embalagem de 90g,0.69,7.67,0,kg,€/Kg,,,https://driveimg1.intermarche.com/pt/Content/images/boitmal/produit/zoom/A8104E7B3738DD14CEF192706B16EFC4.jpg,,,2025-04-02T23:59:59.999999999+01:00,PROSPECTUS,14,2,,,,
2223,5604260266388,500.0,PorSi,Bolachas com recheio baunilha,Embalagem de 500g,1.59,3.18,0,kg,€/Kg,,,https://driveimg1.intermarche.com/pt/Content/images/boitmal/produit/zoom/629B86B30C117365C725FDCFA3AF6120.jpg,,,2025-04-02T23:59:59.999999999+01:00,PROSPECTUS,14,2,,,,
23524,5000204922851,750.0,Pato,"Líquido sanitário extra power, marinho, 750 ml",,1.69,2.25,750,L,€/L,,,https://driveimg1.intermarche.com/pt/Content/images/boitmal/produit/zoom/60268FF4016AF8FBA52DB6A9A88D181B.jpg,,,2025-04-02T23:59:59.999999999+01:00,PROSPECTUS,14,2,,,,
24411,8410436297752,1300.0,Sonasol,"Lava tudo rosas e jasmim, 1,3l",,2.09,1.61,1300,L,€/L,,,https://driveimg1.intermarche.com/pt/Content/images/boitmal/produit/zoom/A8DAC5F038BB6C2FB23FB3C7F35CC590.jpg,,,2025-04-02T23:59:59.999999999+01:00,PROSPECTUS,14,2,,,,
24412,8410436297660,1300.0,Sonasol,"Lava tudo aloe vera e flores brancas, 1,3l",,2.09,1.61,1300,L,€/L,,,https://driveimg1.intermarche.com/pt/Content/images/boitmal/produit/zoom/1CF7718543DB6BCDD620E4F3293279BF.jpg,,,2025-04-02T23:59:59.999999999+01:00,PROSPECTUS,14,2,,,,
24586,3600541946293,400.0,Garnier,Condicionador Ultra Suave abacate,Embalagem de 400 ml,5.89,14.73,400,L,€/L,,,https://driveimg1.intermarche.com/pt/Content/images/boitmal/produit/zoom/BD38900C3DFE3A9574382D078DA54518.jpg,,,2025-04-02T23:59:59.999999999+01:00,PROSPECTUS,14,2,,,,
251,2696001000000,400.0,Padaria,Baguete,400 g,0.79,1.98,0,kg,€/Kg,,,https://driveimg1.intermarche.com/pt/Content/images/boitmal/produit/zoom/42C2E126B9E5B84C243F0668DEC3869F.jpg,,,2025-04-02T23:59:59.999999999+01:00,PROSPECTUS,14,2,,,,
26091,7613036115575,550.0,Nestlé,Cereais estrelitas,Embalagem de 550g,2.49,4.53,0,kg,€/Kg,,,https://driveimg1.intermarche.com/pt/Content/images/boitmal/produit/zoom/90505B63FB20AF187537F3B46DDB9B86.jpg,,,2025-04-02T23:59:59.999999999+01:00,PROSPECTUS,14,2,,,,
26455,8006540830840,1250.0,Fairy,Detergente Líquido p/ Lavar Loiça Platinum Original,"Embalagem de 1,25 l",4.99,3.99,1250,L,€/L,,,https://driveimg1.intermarche.com/pt/Content/images/boitmal/produit/zoom/F9FB16396CA6333A721D98D1F2F69B67.jpg,,,2025-04-02T23:59:59.999999999+01:00,PROSPECTUS,14,2,,,,
2749,8410063046532,350.0,Pescanova,"Miolo de camarão 80/100, embalagem de 350g",,6.99,19.97,0,kg,€/Kg,,Tipo de stockagem,https://driveimg1.intermarche.com/pt/Content/images/boitmal/produit/zoom/0EA75135180DC26543A97F342303334A.jpg,,,2025-04-02T23:59:59.999999999+01:00,PROSPECTUS,14,2,,,,
2764,8410100070629,400.0,Friskies,"Comida húmida para gato adulto com salmão, atum e legumes",Embalagem de 400g,1.49,3.73,0,kg,€/Kg,,,https://driveimg1.intermarche.com/pt/Content/images/boitmal/produit/zoom/65A2AFE0C790BE0C871BA772EB531E25.jpg,,,2025-04-02T23:59:59.999999999+01:00,PROSPECTUS,14,2,,,,
2813,8410376037784,250.0,Gullón,"Diet nature recheado de chocolate, embalagem de 250g",,1.84,7.36,0,kg,€/Kg,,,https://driveimg1.intermarche.com/pt/Content/images/boitmal/produit/zoom/30414AA93585D592E30D5CCFDF4C5F1C.jpg,,,2025-04-02T23:59:59.999999999+01:00,PROSPECTUS,14,2,,,,
28507,8006540618752,,Dodot,Fraldas Bebé Seco Extra +14kg T6,Embalagem c/ 48 un.,13.49,13.49,0,,€/Unidade,,,https://driveimg1.intermarche.com/pt/Content/images/boitmal/produit/zoom/3B2C8C276E6D8600A83CC88CD26B6A19.jpg,,,2025-04-02T23:59:59.999999999+01:00,PROSPECTUS,14,2,,,,
28510,5601217129819,800.0,Finish,"Abrilhantador máquina de lavar loiça brilho e secagem, embalagem de 800 ml",,7.94,9.93,800,L,€/L,,,https://driveimg1.intermarche.com/pt/Content/images/boitmal/produit/zoom/4771F47A09A543C7AE4519E8292E01AF.jpg,,,2025-04-02T23:59:59.999999999+01:00,PROSPECTUS,14,2,,,,
29738,8410436324533,1300.0,Sonasol,"Lava Tudo Flores Montanha, 1.3 l",,2.09,1.61,1300,L,€/L,,,https://driveimg1.intermarche.com/pt/Content/images/boitmal/produit/zoom/13FBFB2C777E7C44B0340328520A2D41.jpg,,,2025-04-02T23:59:59.999999999+01:00,PROSPECTUS,14,2,,,,
30753,4023103192577,,Vileda,"Pano microfibras colors, 4 unidades",,3.49,3.49,1,,€/Unidade,,,https://driveimg1.intermarche.com/pt/Content/images/boitmal/produit/zoom/51106914752CA54C934E8C1CF795F52B.jpg,,,2025-04-02T23:59:59.999999999+01:00,PROSPECTUS,14,2,,,,
30854,8436048961515,185.0,Artiach,Bolachas artiach dinosaurus de cereais sem açúcar 185 g,,1.84,9.95,0,kg,€/Kg,,,https://driveimg1.intermarche.com/pt/Content/images/boitmal/produit/zoom/09C6849CC61B5CD7D483A01928C93E63.jpg,,,2025-04-02T23:59:59.999999999+01:00,PROSPECTUS,14,2,,,,
3166,4023103147232,,Vileda,"Pano microfibras colors xl, embalagem com 4 un.",,2.99,2.99,1,,€/Unidade,,,https://driveimg1.intermarche.com/pt/Content/images/boitmal/produit/zoom/F1009F49564A3D858883030A30985F77.jpg,,,2025-04-02T23:59:59.999999999+01:00,PROSPECTUS,14,2,,,,
33884,2893837000000,1500.0,Peixaria,Peixe espada preto inteiro,Vendido ao peso,11.99,7.99,0,,€/Kg,,,https://driveimg1.intermarche.com/pt/Content/images/boitmal/produit/zoom/0C1CA3DE6B16A13335042AAFE1F612D6.jpg,,,2025-04-02T23:59:59.999999999+01:00,PROSPECTUS,14,2,,,,
35138,5603722517655,960.0,Mimosa,"Iogurte sólido aroma morango, ananás e banana, 8 x 120 g",,1.89,1.97,0,kg,€/Kg,,,https://driveimg1.intermarche.com/pt/Content/images/boitmal/produit/zoom/7070B93AC2DB23DCF61734D801E40E6D.jpg,,,2025-04-02T23:59:59.999999999+01:00,PROSPECTUS,14,2,,,,
35483,8410436343435,500.0,Sonasol,Spray desengordurante,Embalagem de 500 ml,1.99,3.98,500,L,€/L,,,https://driveimg1.intermarche.com/pt/Content/images/boitmal/produit/zoom/47473DD6CCCCC8BCBCC650E05B76EF50.jpg,,,2025-04-02T23:59:59.999999999+01:00,PROSPECTUS,14,2,,,,
35616,7613037043914,100.0,Nestlé,"Descafeinado, embalagem de 100g",,4.29,42.9,0,kg,€/Kg,,,https://driveimg1.intermarche.com/pt/Content/images/boitmal/produit/zoom/67B7A960E664E041DCCA5B39B81AA598.jpg,,,2025-04-02T23:59:59.999999999+01:00,PROSPECTUS,14,2,,,,
35884,7613036886536,400.0,Yogolino,Yogolino morango banana 0% açúcares adicionados 4x100g,Embalagem de 400g,2.19,5.48,0,kg,€/Kg,,,https://driveimg1.intermarche.com/pt/Content/images/boitmal/produit/zoom/7807C1DC6FDB66074A291996AEB79A89.jpg,,,2025-04-02T23:59:59.999999999+01:00,PROSPECTUS,14,2,,,,
36186,8715700017006,570.0,Heinz,"Ketchup top down, 570g",,3.24,5.68,0,kg,€/Kg,,,https://driveimg1.intermarche.com/pt/Content/images/boitmal/produit/zoom/61C6EABD68232C332B75678207D54C3E.jpg,,,2025-04-02T23:59:59.999999999+01:00,PROSPECTUS,14,2,,,,
372,8711200532391,260.0,Calvé,"Molho big burguer, embalagem de 260g",,1.94,7.46,0,kg,€/Kg,,,https://driveimg1.intermarche.com/pt/Content/images/boitmal/produit/zoom/274182EF6D0EFA8A84998CA913A7016C.jpg,https://driveimg1.intermarche.com/pt/Content/images/boitmal/produit/zoom/122719564EBC4BB4D52F039A6C0EDAF1.jpg,,2025-04-02T23:59:59.999999999+01:00,PROSPECTUS,14,2,,,,
37444,7613036955799,250.0,Nestum,"Nestum zero mel, embalagem de 250g",,2.24,8.96,0,kg,€/Kg,,,https://driveimg1.intermarche.com/pt/Content/images/boitmal/produit/zoom/5B200610F8E9504D3552A7693F67BE32.jpg,,,2025-04-02T23:59:59.999999999+01:00,PROSPECTUS,14,2,,,,
37510,7613036841498,90.0,Nestlé,"Pacote maçã e pêssego, embalagem de 90g",,0.69,7.67,0,kg,€/Kg,,,https://driveimg1.intermarche.com/pt/Content/images/boitmal/produit/zoom/E9135C730A89C3C259880AD7C684D6EF.jpg,,,2025-04-02T23:59:59.999999999+01:00,PROSPECTUS,14,2,,,,
37948,5601217132697,500.0,Cillitbang,"Spray limpeza casa de banho, embalagem de 500 ml",,2.49,4.98,500,L,€/L,,,https://driveimg1.intermarche.com/pt/Content/images/boitmal/produit/zoom/62E5A8E0A6D5CF81B7A29AA6D1070117.jpg,,,2025-04-02T23:59:59.999999999+01:00,PROSPECTUS,14,2,,,,
38308,8410436341011,150.0,Sonasol,Bloco WC Poder Activo Eucalipto,Embalagem 3 x 50 g,4.39,29.27,0,kg,€/Kg,,,https://driveimg1.intermarche.com/pt/Content/images/boitmal/produit/zoom/82ED9D6125B06B5AB3E7C3747C99F060.jpg,,,2025-04-02T23:59:59.999999999+01:00,PROSPECTUS,14,2,,,,
38312,8410104702663,,Finish,"Limpa máquinas de loiça limão, embalagem com 250 ml",,3.89,3.89,1,,€/Unidade,,,https://driveimg1.intermarche.com/pt/Content/images/boitmal/produit/zoom/543AF0EA0E513D87A0B6AA970DE2490B.jpg,,,2025-04-02T23:59:59.999999999+01:00,PROSPECTUS,14,2,,,,
38330,7613036886994,400.0,Yogolino,Yogolino pêssego banana 0% açúcares adicionados 4x100g,Embalagem de 400g,2.19,5.48,0,kg,€/Kg,,,https://driveimg1.intermarche.com/pt/Content/images/boitmal/produit/zoom/46F9E1E8ECDF4D5D7026305EEF6FB459.jpg,,,2025-04-02T23:59:59.999999999+01:00,PROSPECTUS,14,2,,,,
40494,5604260296132,,PorSi,"Sacos do lixo jardim 130 litros, 10 sacos",,3.05,3.05,0,,€/Unidade,,,https://driveimg1.intermarche.com/pt/Content/images/boitmal/produit/zoom/B6FAA02494C4B630F7C51B00EF7AD9DD.jpg,,,2025-04-02T23:59:59.999999999+01:00,PROSPECTUS,14,2,,,,
41226,5601050036572,440.0,Danone,"Oikos morango, embalagem de 4 x 110g",,1.99,4.52,0,kg,€/Kg,,,https://driveimg1.intermarche.com/pt/Content/images/boitmal/produit/zoom/2653493E2B1190B7D8AE6B95BAB9D958.jpg,,,2025-04-02T23:59:59.999999999+01:00,PROSPECTUS,14,2,,,,
42135,5604260307012,,PorSi,Cesto para roupa lavada (cores sortidas),Capacidade: 26 litros,2.69,2.69,0,,€/Unidade,,,https://driveimg1.intermarche.com/pt/Content/images/boitmal/produit/zoom/A83F4E7E724FCEE81E740CBED98E4589.jpg,https://driveimg1.intermarche.com/pt/Content/images/boitmal/produit/zoom/348B18310947DFC88FC99D71C17F7666.jpg,,2025-04-02T23:59:59.999999999+01:00,PROSPECTUS,14,2,,,,
42158,5604260308248,1500.0,PorSi,Bacalhau lombos,Embalagem de 1.5 kg,26.99,17.99,0,kg,€/Kg,,Tipo de stockagem,https://driveimg1.intermarche.com/pt/Content/images/boitmal/produit/zoom/302AFAE3F32DEA51CBA5B890687B1D7A.jpg,,,2025-04-02T23:59:59.999999999+01:00,PROSPECTUS,14,2,,,,
42708,5604260309238,50.0,PorSi,Ambientador Difusor Frutos Vermelhos,50 ml,2.99,59.8,50,L,€/L,,,https://driveimg1.intermarche.com/pt/Content/images/boitmal/produit/zoom/6B89548ECA1857F3847121B08E255192.jpg,,,2025-04-02T23:59:59.999999999+01:00,PROSPECTUS,14,2,,,,
43027,5604260309948,2000.0,PorSi,"Amaciador concentrado para roupa aloé vera, 80 doses",,1.85,0.93,2000,L,€/L,,,https://driveimg1.intermarche.com/pt/Content/images/boitmal/produit/zoom/74EDE38428346064C0CAB7C74708459C.jpg,https://driveimg1.intermarche.com/pt/Content/images/boitmal/produit/zoom/8F5D9E9881CF7344832E8C38BDD4AAAF.jpg,https://driveimg1.intermarche.com/pt/Content/images/boitmal/produit/zoom/8F5D9E9881CF7344832E8C38BDD4AAAF.jpg,2025-04-02T23:59:59.999999999+01:00,PROSPECTUS,14,2,,,,
43424,5604260312627,6300.0,PorSi,Detergente em pó máquina de lavar roupa sabão natural,100 doses,9.99,1.59,0,kg,€/Kg,,,https://driveimg1.intermarche.com/pt/Content/images/boitmal/produit/zoom/82B06A5CDDD2B807848A092F365EBECB.jpg,https://driveimg1.intermarche.com/pt/Content/images/boitmal/produit/zoom/882B5A86D5A0AA8DC44704CE6E48DCAC.jpg,https://driveimg1.intermarche.com/pt/Content/images/boitmal/produit/zoom/882B5A86D5A0AA8DC44704CE6E48DCAC.jpg,2025-04-02T23:59:59.999999999+01:00,PROSPECTUS,14,2,https://driveimg1.intermarche.com/pt/Content/images/boitmal/produit/zoom/882B5A86D5A0AA8DC44704CE6E48DCAC.jpg,,,
43520,8411300478116,400.0,Elvive,Champô argila cabelos normais,Embalagem com 400ml,3.99,9.98,400,L,€/L,,,https://driveimg1.intermarche.com/pt/Content/images/boitmal/produit/zoom/638A557615C1C43E87F50B5AF3FB796E.jpg,,,2025-04-02T23:59:59.999999999+01:00,PROSPECTUS,14,2,,,,
43541,5604260309955,2000.0,PorSi,Amaciador concentrado para roupa floral,80 doses,1.85,0.93,2000,L,€/L,,,https://driveimg1.intermarche.com/pt/Content/images/boitmal/produit/zoom/AC8E28B5914FC2CC7805AFF54F6F924A.jpg,,,2025-04-02T23:59:59.999999999+01:00,PROSPECTUS,14,2,,,,
43544,5604260309979,2000.0,PorSi,"Amaciador concentrado para roupa pétalas de rosa, 80 doses",,1.85,0.93,2000,L,€/L,,,https://driveimg1.intermarche.com/pt/Content/images/boitmal/produit/zoom/5694AB32A5EFD974E4C8265F593E7D4C.jpg,,,2025-04-02T23:59:59.999999999+01:00,PROSPECTUS,14,2,,,,
43722,5604260312566,630.0,PorSi,Detergente em pó máquina de lavar roupa active action,10 doses,2.15,3.41,0,kg,€/Kg,,,https://driveimg1.intermarche.com/pt/Content/images/boitmal/produit/zoom/3908D317519C388F4DBFE257C59794DB.jpg,,,2025-04-02T23:59:59.999999999+01:00,PROSPECTUS,14,2,,,,
43843,5604260312610,4725.0,PorSi,Detergente em pó máquina de lavar roupa lavanda,75 doses,9.22,1.95,0,kg,€/Kg,,,https://driveimg1.intermarche.com/pt/Content/images/boitmal/produit/zoom/F3289E384FE13BA0E9DAD129A9E31D3B.jpg,,,2025-04-02T23:59:59.999999999+01:00,PROSPECTUS,14,3,,,,
43845,5604260312603,2520.0,PorSi,Detergente em pó máquina roupa lavanda,Embalagem de 40 doses,6.99,2.77,0,kg,€/Kg,,,https://driveimg1.intermarche.com/pt/Content/images/boitmal/produit/zoom/C50067D7913894184E624009AC86F7D0.jpg,,,2025-04-02T23:59:59.999999999+01:00,PROSPECTUS,14,3,,,,
44908,7613033010170,100.0,Nescafé,"Café descafeinado, embalagem de 100g",,6.09,60.9,0,kg,€/Kg,,,https://driveimg1.intermarche.com/pt/Content/images/boitmal/produit/zoom/A928E341402EF9B577A83B4FC4F4DBBD.jpg,,,2025-04-02T23:59:59.999999999+01:00,PROSPECTUS,14,3,,,,
44950,5604260312276,500.0,PorSi,Bolachas com recheio de chocolate,Embalagem de 500g,1.69,3.38,0,kg,€/Kg,,,https://driveimg1.intermarche.com/pt/Content/images/boitmal/produit/zoom/747A4C6929B24B849D3F32DE079D4281.jpg,,,2025-04-02T23:59:59.999999999+01:00,PROSPECTUS,14,3,,,,
45700,5604260314249,,PorSi,Detergente maquina loiça tudo em 1 limão,Embalagem de 40 cápsulas,4.59,4.59,0,,€/Unidade,,,https://driveimg1.intermarche.com/pt/Content/images/boitmal/produit/zoom/E2AF666FA080D39884D54C761B4D071C.jpg,,,2025-04-02T23:59:59.999999999+01:00,PROSPECTUS,14,3,,,,
46306,5604260315000,500.0,PorSi,Brócolos e couve-flor cortados,500 g,1.99,3.98,0,kg,€/Kg,,,https://driveimg1.intermarche.com/pt/Content/images/boitmal/produit/zoom/8C271325A66865A5963027880DF66EE1.jpg,,,2025-04-02T23:59:59.999999999+01:00,PROSPECTUS,14,3,,,,
46517,5000204208917,750.0,Pato,"Líquido sanitário ação total pinho, 750 ml",,1.94,2.59,750,L,€/L,,,https://driveimg1.intermarche.com/pt/Content/images/boitmal/produit/zoom/08C17A1F547C898E2E6E9CBB3441BB2A.jpg,,,2025-04-02T23:59:59.999999999+01:00,PROSPECTUS,14,3,,,,
46828,5601195650121,1000.0,Pedras Salgadas,"Água com gás tangerina, pack 4 x 25 cl",,2.19,2.19,1000,L,€/L,,,https://driveimg1.intermarche.com/pt/Content/images/boitmal/produit/zoom/C741A105A5ADD4B4B95BF633150AA653.jpg,,,2025-04-02T23:59:59.999999999+01:00,PROSPECTUS,14,3,,,,
46871,8411660000224,,Sanytol,"Toalhitas desinfetantes, 36 unidades",,2.49,2.49,0,,€/Unidade,,,https://driveimg1.intermarche.com/pt/Content/images/boitmal/produit/zoom/4B0437D5536C9ECA61CD0C9A016E01DD.jpg,,,2025-04-02T23:59:59.999999999+01:00,PROSPECTUS,14,3,,,,
47034,8714100827666,160.0,Knorr,"Caldo galinha receita económica, embalagem de 160g",,1.29,8.06,0,kg,€/Kg,,,https://driveimg1.intermarche.com/pt/Content/images/boitmal/produit/zoom/54D2297B42302C9BEB14DE9BF8F6F3CF.jpg,,,2025-04-02T23:59:59.999999999+01:00,PROSPECTUS,14,3,,,,
476,3010470159020,400.0,Friskies,"Ração para gato adulto com coelho, frango e legumes",Embalagem de 400g,1.86,4.65,0,kg,€/Kg,,,https://driveimg1.intermarche.com/pt/Content/images/boitmal/produit/zoom/14A83E0B863A6F9B6D934AF2C5E8BC68.jpg,,,2025-04-02T23:59:59.999999999+01:00,PROSPECTUS,14,3,,,,
47657,5600356070006,700.0,Super Pop,"Detergente loiça tripla ação maçã, 700 ml",,2.49,3.56,700,L,€/L,,,https://driveimg1.intermarche.com/pt/Content/images/boitmal/produit/zoom/225ACC9F82588EB810572EC1677D5B22.jpg,,,2025-04-02T23:59:59.999999999+01:00,PROSPECTUS,14,3,,,,
47979,5604260312740,,PorSi,Detergentes máquina lavar loiça ecológico,26 pastilhas,3.46,3.46,0,,€/Unidade,,,https://driveimg1.intermarche.com/pt/Content/images/boitmal/produit/zoom/78BEBFE1DB31B8C2D02C89E6CE3251D4.jpg,,,2025-04-02T23:59:59.999999999+01:00,PROSPECTUS,14,3,,,,
48066,5604260320974,,PorSi,Pensos incontinência maxi noite,12 unidades,2.99,2.99,0,,€/Unidade,,,https://driveimg1.intermarche.com/pt/Content/images/boitmal/produit/zoom/A9FEFEF8ADC3A3EB51F3D73B7247EB64.jpg,,,2025-04-02T23:59:59.999999999+01:00,PROSPECTUS,14,3,,,,
48069,5604260319862,,PorSi,Fraldas incontinência super L,20 unidades,9.99,9.99,0,,€/Unidade,,,https://driveimg1.intermarche.com/pt/Content/images/boitmal/produit/zoom/628DD48C6639BAE1BC5F4C4605A0E9DD.jpg,,,2025-04-02T23:59:59.999999999+01:00,PROSPECTUS,14,3,,,,
48085,5604260319145,2000.0,PorSi,"Iogurte cremeo vários sabores, 16 x 125 g",,4.99,2.5,0,kg,€/Kg,,,https://driveimg1.intermarche.com/pt/Content/images/boitmal/produit/zoom/9EB3444AAE60DA230D9A0A81989B0C95.jpg,,,2025-04-02T23:59:59.999999999+01:00,PROSPECTUS,14,3,,,,
48210,5604260323111,4300.0,PorSi,Detergente líquido máquina de roupa sabão natural,86 Doses,6.19,1.44,4300,L,€/L,,,https://driveimg1.intermarche.com/pt/Content/images/boitmal/produit/zoom/76EACB4A59BF656D1FBA0DCA4A1D2D29.jpg,,,2025-04-02T23:59:59.999999999+01:00,PROSPECTUS,14,3,,,,
48367,5604260321759,,PorSi,"Sacos lixo eco 100 litros, 10 unidades",,1.15,1.15,0,,€/Unidade,,,https://driveimg1.intermarche.com/pt/Content/images/boitmal/produit/zoom/29B4EA700A8ED894B54595309D3C2709.jpg,,,2025-04-02T23:59:59.999999999+01:00,PROSPECTUS,14,3,,,,
48723,8000500359815,90.0,Ferrero Rocher,"Tablete chocolate negro com avelâ, embalagem de 90g",,1.99,22.11,0,kg,€/Kg,,,https://driveimg1.intermarche.com/pt/Content/images/boitmal/produit/zoom/D6806CF60967A20DE736EEBFD2A5CD26.jpg,,,2025-04-02T23:59:59.999999999+01:00,PROSPECTUS,14,3,,,,
48903,5604260321704,,PorSi,Sacos lixo aroma a limão 50 litros,,1.69,1.69,0,,€/Unidade,,,https://driveimg1.intermarche.com/pt/Content/images/boitmal/produit/zoom/85894941DCF98EC874A5BA11186D55D1.jpg,https://driveimg1.intermarche.com/pt/Content/images/boitmal/produit/zoom/D99044E4CAAA902AF25BAB8B9C03DFE3.jpg,https://driveimg1.intermarche.com/pt/Content/images/boitmal/produit/zoom/D99044E4CAAA902AF25BAB8B9C03DFE3.jpg,2025-04-02T23:59:59.999999999+01:00,PROSPECTUS,14,3,https://driveimg1.intermarche.com/pt/Content/images/boitmal/produit/zoom/D99044E4CAAA902AF25BAB8B9C03DFE3.jpg,https://driveimg1.intermarche.com/pt/Content/images/boitmal/produit/zoom/D99044E4CAAA902AF25BAB8B9C03DFE3.jpg,https://driveimg1.intermarche.com/pt/Content/images/boitmal/produit/zoom/D99044E4CAAA902AF25BAB8B9C03DFE3.jpg,
49215,5604260322800,,PorSi,Detergente líquido máquina roupa sabão natural,40 doses,3.3,3.3,0,,€/Unidade,,,https://driveimg1.intermarche.com/pt/Content/images/boitmal/produit/zoom/1050941D8226F2FD6BB56637BBE1285A.jpg,,,2025-04-02T23:59:59.999999999+01:00,PROSPECTUS,14,3,,,,
49463,8445290250322,600.0,Nestum,Flocos Cereais Mel,Embalagem de 600g,3.79,6.32,0,kg,€/Kg,,,https://driveimg1.intermarche.com/pt/Content/images/boitmal/produit/zoom/4A0A62606AC144021ED115E1FAB3D0CE.jpg,,,2025-04-02T23:59:59.999999999+01:00,PROSPECTUS,14,3,,,,
49763,5601050037579,460.0,Danone,"Iogurte activia fibras aveia & frutos secos, 4x115g",,2.39,5.2,0,kg,€/Kg,,,https://driveimg1.intermarche.com/pt/Content/images/boitmal/produit/zoom/D3105D0A7021B60785802EF13F61AE8F.jpg,,,2025-04-02T23:59:59.999999999+01:00,PROSPECTUS,14,3,,,,
49831,8445290157348,390.0,Nesquik,"Achocolatado em pó, embalagem de 390g",,3.49,8.95,0,kg,€/Kg,,,https://driveimg1.intermarche.com/pt/Content/images/boitmal/produit/zoom/1C8D0ADDD419DD646B2CF36E18D3378F.jpg,,,2025-04-02T23:59:59.999999999+01:00,PROSPECTUS,14,3,,,,
50277,8410436429443,,Persil,Detergente máquina roupa 4 em 1,40 cápsulas,9.99,9.99,0,,€/Unidade,,,https://driveimg1.intermarche.com/pt/Content/images/boitmal/produit/zoom/24973D94F20D9012C6C46FC53A9E8545.jpg,,,2025-04-02T23:59:59.999999999+01:00,PROSPECTUS,14,3,,,,
5028,5601028006231,,Renova,"Lenços de bolso sensitive brancos, 24 unidades",,2.89,2.89,0,,€/Unidade,,,https://driveimg1.intermarche.com/pt/Content/images/boitmal/produit/zoom/0CC244AFF55976B3210C6D16467CD206.jpg,,,2025-04-02T23:59:59.999999999+01:00,PROSPECTUS,14,3,,,,
50386,8445290290014,30.0,Maggi,"Molho suculento frango no forno com alho e cebola em saqueta, 30g",,0.89,29.67,0,kg,€/Kg,,,https://driveimg1.intermarche.com/pt/Content/images/boitmal/produit/zoom/0DEECC66FD9482A59A0436C06913C5D2.jpg,,,2025-04-02T23:59:59.999999999+01:00,PROSPECTUS,14,3,,,,
50458,5603722521003,160.0,Mimosa,"Manteiga com sal, 160g",,2.24,14.0,0,kg,€/Kg,,,https://driveimg1.intermarche.com/pt/Content/images/boitmal/produit/zoom/09C6645B0E41FE4C659D6FBAFCE3C138.jpg,,,2025-04-02T23:59:59.999999999+01:00,PROSPECTUS,14,3,,,,
50609,5053827110679,375.0,KelloggS,"Cereais froot loops, embalagem de 375g",,3.19,8.51,0,kg,€/Kg,,,https://driveimg1.intermarche.com/pt/Content/images/boitmal/produit/zoom/AE71122807C7BCA401FEFC66A0C75214.jpg,,,2025-04-02T23:59:59.999999999+01:00,PROSPECTUS,14,3,,,,
50954,8006540767689,,Fairy,Detergente Loiça Máquina Ultra,53 pastilhas,13.99,13.99,0,,€/Unidade,,,https://driveimg1.intermarche.com/pt/Content/images/boitmal/produit/zoom/B8715491007747823440062BA929A0DC.jpg,,,2025-04-02T23:59:59.999999999+01:00,PROSPECTUS,14,3,,,,
51057,8006540833230,650.0,Fairy,Detergente líquido manual loiça ultra power limão,Embalagem de 650 ml,3.59,5.52,650,L,€/L,,,https://driveimg1.intermarche.com/pt/Content/images/boitmal/produit/zoom/D26E78A01D97299C997A1460F04E3378.jpg,,,2025-04-02T23:59:59.999999999+01:00,PROSPECTUS,14,3,,,,
51081,8006540758946,210.0,Lenor,Pérolas de Perfume Sensations,embalagem de 210 g,5.99,28.52,0,kg,€/Kg,,,https://driveimg1.intermarche.com/pt/Content/images/boitmal/produit/zoom/93E102C4446B504C618932349074F59F.jpg,,,2025-04-02T23:59:59.999999999+01:00,PROSPECTUS,14,3,,,,
51113,8720181262784,500.0,Cif,"Limpa casa banho spray higiene c/ lixívia, 500 ml",,1.99,3.98,500,L,€/L,,,https://driveimg1.intermarche.com/pt/Content/images/boitmal/produit/zoom/8CA4C0BAC8A169ADEC56BAD426803345.jpg,,,2025-04-02T23:59:59.999999999+01:00,PROSPECTUS,14,3,,,,
51182,5601217137272,720.0,Quanto,"Perfumador de roupa rosa, 36 doses",,3.49,4.85,720,L,€/L,,,https://driveimg1.intermarche.com/pt/Content/images/boitmal/produit/zoom/49C27F970394771F7D0DE5ACF0C1EA92.jpg,,,2025-04-02T23:59:59.999999999+01:00,PROSPECTUS,14,3,,,,
51250,8445290287229,30.0,Maggi,"Molho suculento entrecosto no forno com pimentão doce, alho e mel, 30g",,0.89,29.67,0,kg,€/Kg,,,https://driveimg1.intermarche.com/pt/Content/images/boitmal/produit/zoom/68CDA71560F39F4BC908CB18542B7C9D.jpg,,,2025-04-02T23:59:59.999999999+01:00,PROSPECTUS,14,3,,,,
51404,5604260324262,1000.0,PorSi,Água engomar perfumada rosas,Garrafa de 1 l,0.65,0.65,1000,L,€/L,,,https://driveimg1.intermarche.com/pt/Content/images/boitmal/produit/zoom/4E3DF1850024E0DB8889F861E52AA63A.jpg,,,2025-04-02T23:59:59.999999999+01:00,PROSPECTUS,14,3,,,,
51516,5000204242676,750.0,Pato,"Líquido Sanitário Biodegradável, 750 ml",,1.69,2.25,750,L,€/L,,,https://driveimg1.intermarche.com/pt/Content/images/boitmal/produit/zoom/8C1893E905FC06A67CD929B9867A4141.jpg,,,2025-04-02T23:59:59.999999999+01:00,PROSPECTUS,14,3,,,,
51751,8720181338502,435.0,Cif,"Spray remove bolores, 435 ml",,2.49,5.72,435,L,€/L,,,https://driveimg1.intermarche.com/pt/Content/images/boitmal/produit/zoom/380C503403FDBF9BBCD37132FDE8F56E.jpg,,,2025-04-02T23:59:59.999999999+01:00,PROSPECTUS,14,3,,,,
51753,8410001134970,,Scotch Brite,"Esfregão Fibra com Esponja Não Risca Azul, 2 unidades",,1.49,1.49,0,,€/Unidade,,,https://driveimg1.intermarche.com/pt/Content/images/boitmal/produit/zoom/1406EA81C05F8A34137EF898D93E3B95.jpg,,,2025-04-02T23:59:59.999999999+01:00,PROSPECTUS,14,3,,,,
51779,5604260327089,,PorSi,Detergentes máquina lavar loiça,60 pastilhas,3.79,3.79,0,,€/Unidade,,,https://driveimg1.intermarche.com/pt/Content/images/boitmal/produit/zoom/5D0E62FF3D9A0C755640BCC5F7832DD7.jpg,,,2025-04-02T23:59:59.999999999+01:00,PROSPECTUS,14,3,,,,
51806,8000500359884,90.0,Ferrero Rocher,"Tablete chocolate branco, embalagem de 90 g",,1.99,22.11,0,kg,€/Kg,,,https://driveimg1.intermarche.com/pt/Content/images/boitmal/produit/zoom/613205E879F5E64277FDEB8438B8429D.jpg,,,2025-04-02T23:59:59.999999999+01:00,PROSPECTUS,14,3,,,,
51895,8719200253407,225.0,Planta,"Creme vegetal para barrar original, 225g",,1.79,7.96,0,kg,€/Kg,,,https://driveimg1.intermarche.com/pt/Content/images/boitmal/produit/zoom/7E61C083BAEE72DB01F9769D3518098F.jpg,,,2025-04-02T23:59:59.999999999+01:00,PROSPECTUS,14,3,,,,
52297,3023290072134,160.0,Lindahls,"Iogurte sólido proteico pêssego maracujá, embalagem de 160 g",,1.19,7.44,0,kg,€/Kg,,,https://driveimg1.intermarche.com/pt/Content/images/boitmal/produit/zoom/8E044D245812210B87881DDCE4C62971.jpg,,,2025-04-02T23:59:59.999999999+01:00,PROSPECTUS,14,3,,,,
52337,8720181392955,1368.0,Comfort,"Amaciador roupa concentrado creations flor de lótus e lima, 76 doses",,3.99,2.92,1368,L,€/L,,,https://driveimg1.intermarche.com/pt/Content/images/boitmal/produit/zoom/AA557AEC063D2D449E9AD9A05E65B1FD.jpg,,,2025-04-02T23:59:59.999999999+01:00,PROSPECTUS,14,3,,,,
52338,8720181392931,1368.0,Comfort,"Amaciador roupa concentrado creations jasmim e mirtilo, 76 doses",,3.99,2.92,1368,L,€/L,,,https://driveimg1.intermarche.com/pt/Content/images/boitmal/produit/zoom/6011DCF134621AA99ADEF13E90F43514.jpg,,,2025-04-02T23:59:59.999999999+01:00,PROSPECTUS,14,3,,,,
52339,8720181392924,1368.0,Comfort,"Amaciador Roupa Concentrado Creations Lírios e Morango, 76 doses",,3.99,2.92,1368,L,€/L,,,https://driveimg1.intermarche.com/pt/Content/images/boitmal/produit/zoom/CE8FB9A40EB58A232C2FDE5C1B9A52E7.jpg,,,2025-04-02T23:59:59.999999999+01:00,PROSPECTUS,14,3,,,,
52340,8720181392962,1368.0,Comfort,"Amaciador roupa concentrado creations madressilva e sândalo, 76 doses",,3.99,2.92,1368,L,€/L,,,https://driveimg1.intermarche.com/pt/Content/images/boitmal/produit/zoom/C0B30E2D0BC6350378445269707C8D01.jpg,,,2025-04-02T23:59:59.999999999+01:00,PROSPECTUS,14,3,,,,
52375,8720181387425,,Skip,Detergente Máquina Roupa Pó Sabão Natural,100 Doses,13.99,13.99,0,,€/Unidade,,,https://driveimg1.intermarche.com/pt/Content/images/boitmal/produit/zoom/8B93F96041E98D0FC28E6DD42F9EAB4B.jpg,,,2025-04-02T23:59:59.999999999+01:00,PROSPECTUS,14,3,,,,
5272,5601164902312,4800.0,Super Bock,"Cerveja com álcool, pack 24 x 0.20 l",,9.99,2.08,4800,L,€/L,,,https://driveimg1.intermarche.com/pt/Content/images/boitmal/produit/zoom/A98E5FF8E5DDF166F2B333F0EE0114E7.jpg,https://driveimg1.intermarche.com/pt/Content/images/boitmal/produit/zoom/C2C2858ADC421F33AF17C6115D108100.jpg,,2025-04-02T23:59:59.999999999+01:00,PROSPECTUS,14,3,,,,
52830,8435257070636,500.0,Nestlé,"Kéfir natural 0%, 500g",,1.99,3.98,0,kg,€/Kg,,,https://driveimg1.intermarche.com/pt/Content/images/boitmal/produit/zoom/B202392E0B4B3B2F8623F9BC7E7C4E70.jpg,,,2025-04-02T23:59:59.999999999+01:00,PROSPECTUS,14,3,,,,
52838,8720182598899,1000.0,Cif,"Detergente loiça manual frutos vermelhos +poder, 1l",,1.99,1.99,1000,L,€/L,,,https://driveimg1.intermarche.com/pt/Content/images/boitmal/produit/zoom/784A59ED0AC78C19C7FF36B0B0E91397.jpg,,,2025-04-02T23:59:59.999999999+01:00,PROSPECTUS,14,3,,,,
52889,8720181385094,945.0,Skip,"Detergente líquido máquina de roupa baby, 21 doses",,3.99,4.22,945,L,€/L,,,https://driveimg1.intermarche.com/pt/Content/images/boitmal/produit/zoom/88B9AA7AC23F4BC407E554F7DDCFF45B.jpg,https://driveimg1.intermarche.com/pt/Content/images/boitmal/produit/zoom/F71A2C4911172C11157AB331E2B3BEF3.jpg,https://driveimg1.intermarche.com/pt/Content/images/boitmal/produit/zoom/F71A2C4911172C11157AB331E2B3BEF3.jpg,2025-04-02T23:59:59.999999999+01:00,PROSPECTUS,14,3,,,,
52890,8720181387395,2600.0,Skip,"Detergente em pó máquina de roupa lavanda, 52 doses",,9.99,3.84,0,kg,€/Kg,,,https://driveimg1.intermarche.com/pt/Content/images/boitmal/produit/zoom/8B9191CB2F5AF708DBCEF366A5EAA9EF.jpg,https://driveimg1.intermarche.com/pt/Content/images/boitmal/produit/zoom/0A65B162D21D47988E6DF425FEB9E8A0.jpg,https://driveimg1.intermarche.com/pt/Content/images/boitmal/produit/zoom/0A65B162D21D47988E6DF425FEB9E8A0.jpg,2025-04-02T23:59:59.999999999+01:00,PROSPECTUS,14,3,https://driveimg1.intermarche.com/pt/Content/images/boitmal/produit/zoom/0A65B162D21D47988E6DF425FEB9E8A0.jpg,https://driveimg1.intermarche.com/pt/Content/images/boitmal/produit/zoom/0A65B162D21D47988E6DF425FEB9E8A0.jpg,,
52941,8720181386510,2700.0,Skip,"Detergente líquido máquina de roupa sabão natural, 60 doses",,7.99,2.96,2700,L,€/L,,,https://driveimg1.intermarche.com/pt/Content/images/boitmal/produit/zoom/E86C320C5CE9CDD2DA45593DF7CE710E.jpg,https://driveimg1.intermarche.com/pt/Content/images/boitmal/produit/zoom/F78D7BA1CEEC1BA7836B80E309E4D243.jpg,https://driveimg1.intermarche.com/pt/Content/images/boitmal/produit/zoom/F78D7BA1CEEC1BA7836B80E309E4D243.jpg,2025-04-02T23:59:59.999999999+01:00,PROSPECTUS,14,3,,,,
53044,8720181368769,4320.0,Omo,"Detergente roupa máquina líquido, 96 doses",,8.99,2.08,4320,L,€/L,,,https://driveimg1.intermarche.com/pt/Content/images/boitmal/produit/zoom/30BA46CDC8291B3E0F7206BAD1197FAE.jpg,,,2025-04-02T23:59:59.999999999+01:00,PROSPECTUS,14,3,,,,
53208,8719200268647,1000.0,Vaqueiro,"Creme vegetal culinária clássico, 1 kg",,2.99,2.99,0,kg,€/Kg,,,https://driveimg1.intermarche.com/pt/Content/images/boitmal/produit/zoom/0735A691FAA77E120C1E24086E19EA16.jpg,https://driveimg1.intermarche.com/pt/Content/images/boitmal/produit/zoom/DD9C237337ADB2608A1427FA94442244.jpg,https://driveimg1.intermarche.com/pt/Content/images/boitmal/produit/zoom/DD9C237337ADB2608A1427FA94442244.jpg,2025-04-02T23:59:59.999999999+01:00,PROSPECTUS,14,3,https://driveimg1.intermarche.com/pt/Content/images/boitmal/produit/zoom/DD9C237337ADB2608A1427FA94442244.jpg,,,
53346,5000204310344,,Raid,"Insecticida Anti Traça Gel Lavanda, 2 un.",,2.69,2.69,0,,€/Unidade,,,https://driveimg1.intermarche.com/pt/Content/images/boitmal/produit/zoom/C77F5E5CF047ED105E2F113AF1E339DD.jpg,https://driveimg1.intermarche.com/pt/Content/images/boitmal/produit/zoom/85183DE7F313323A9F76803A61102127.jpg,https://driveimg1.intermarche.com/pt/Content/images/boitmal/produit/zoom/85183DE7F313323A9F76803A61102127.jpg,2025-04-02T23:59:59.999999999+01:00,PROSPECTUS,14,3,,,,
53886,5604260328635,200.0,PorSi,"Salsichas de porco em lata, embalagem de 200g",,0.95,4.75,0,kg,€/Kg,,,https://driveimg1.intermarche.com/pt/Content/images/boitmal/produit/zoom/31082215F673730ADB8637807346D57D.jpg,,,2025-04-02T23:59:59.999999999+01:00,PROSPECTUS,14,3,,,,
54238,8720182878632,500.0,Cif,"Spray ultra desengordurante, 500ml",,1.99,3.98,500,L,€/L,,,https://driveimg1.intermarche.com/pt/Content/images/boitmal/produit/zoom/F7B6360115905FDA67B8B79B6475E1A8.jpg,,,2025-04-02T23:59:59.999999999+01:00,PROSPECTUS,14,3,,,,
54348,5601217138064,1332.0,Quanto,"Amaciador roupa concentrado ouro e orquídea branca, 74d",,2.99,2.24,1332,L,€/L,,,https://driveimg1.intermarche.com/pt/Content/images/boitmal/produit/zoom/0C119962D33161B345F6A902867F6FC1.jpg,,,2025-04-02T23:59:59.999999999+01:00,PROSPECTUS,14,3,,,,
54365,8410104915209,,Finish,"Detergente Loiça Máquina Quantum Limão, 64 Pastilhas",,12.49,12.49,0,,€/Unidade,,,https://driveimg1.intermarche.com/pt/Content/images/boitmal/produit/zoom/D395D7FB7505791938B52E99053AC6D0.jpg,,,2025-04-02T23:59:59.999999999+01:00,PROSPECTUS,14,3,,,,
54378,8720181462498,,Skip,"Detergente máquina roupa cápsulas ultimate active clean, 60d",,14.99,14.99,60,,€/Unidade,,,https://driveimg1.intermarche.com/pt/Content/images/boitmal/produit/zoom/DC9F6855F0C3FEA66E07C050FB4866BA.jpg,,,2025-04-02T23:59:59.999999999+01:00,PROSPECTUS,14,3,,,,
54538,8006540763582,,Fairy,"Detergente Máquina Loiça Pastilhas Original Tudo em 1 Limão, 71D",,13.99,13.99,0,,€/Unidade,,,https://driveimg1.intermarche.com/pt/Content/images/boitmal/produit/zoom/937EB01E1BF93392425BD6CC2ABF2650.jpg,,,2025-04-02T23:59:59.999999999+01:00,PROSPECTUS,14,3,,,,
54795,5603722521225,604.0,Mimosa,"Iogurte magro liquido morango, 4x151 ml",,1.54,2.55,604,L,€/L,,,https://driveimg1.intermarche.com/pt/Content/images/boitmal/produit/zoom/075603ECF4916B645B9AA45146480552.jpg,,,2025-04-02T23:59:59.999999999+01:00,PROSPECTUS,14,3,,,,
54807,5603722521249,604.0,Mimosa,"Iogurte magro liquido frutos tropicais, 4 x 151 ml",,1.54,2.55,604,L,€/L,,,https://driveimg1.intermarche.com/pt/Content/images/boitmal/produit/zoom/C77456F505DA2CCD8DCF28975C13CB45.jpg,,,2025-04-02T23:59:59.999999999+01:00,PROSPECTUS,14,3,,,,
55018,5601027117303,430.0,Bimbo,"Pão de forma com Côdea, 430g",,1.74,4.05,0,kg,€/Kg,,,https://driveimg1.intermarche.com/pt/Content/images/boitmal/produit/zoom/4C17DB6C614697DA1B5FB0CE80A911CD.jpg,,,2025-04-02T23:59:59.999999999+01:00,PROSPECTUS,14,3,,,,
55047,8445291325036,250.0,Nestum,"Nestum Cereais Proteína, 250g",,2.58,10.32,0,kg,€/Kg,,,https://driveimg1.intermarche.com/pt/Content/images/boitmal/produit/zoom/60118FC3A66CD4FA6B7C87A7FDB061C9.jpg,,,2025-04-02T23:59:59.999999999+01:00,PROSPECTUS,14,3,,,,
55049,5601027119567,450.0,Bimbo,"Pão de Forma 10 Cereais e Sementes sem Côdea, 450g",,1.99,4.42,0,kg,€/Kg,,,https://driveimg1.intermarche.com/pt/Content/images/boitmal/produit/zoom/599690F08967F62D33B6420CCF1AEF7E.jpg,,,2025-04-02T23:59:59.999999999+01:00,PROSPECTUS,14,3,,,,
5772,5604260025275,200.0,PorSi,"Fiambre extra, fatiado",Embalagem de 200g,1.99,9.95,0,kg,€/Kg,,,https://driveimg1.intermarche.com/pt/Content/images/boitmal/produit/zoom/3B7831E12BFDD22B7C9801E5C6E0914F.jpg,,,2025-04-02T23:59:59.999999999+01:00,PROSPECTUS,14,3,,,,
5807,5604260055852,2000.0,PorSi,Lixívia com detergente,Embalagem de 2 l,1.25,0.63,2000,L,€/L,,,https://driveimg1.intermarche.com/pt/Content/images/boitmal/produit/zoom/5F470598FD01ED421660D86CAC111329.jpg,,,2025-04-02T23:59:59.999999999+01:00,PROSPECTUS,14,3,,,,
5928,5604260256921,2000.0,PorSi,"Lava Tudo Perfumado Montanha, 2 l",,0.99,0.5,2000,L,€/L,,,https://driveimg1.intermarche.com/pt/Content/images/boitmal/produit/zoom/1025C53588751D93B22FC3DF4D839D3B.jpg,,,2025-04-02T23:59:59.999999999+01:00,PROSPECTUS,14,3,,,,
6281,8410001109978,,Scotch Brite,"Esfregão com esponja salva unhas ergonómico, 2 unidades",,1.85,1.85,2,,€/Unidade,,,https://driveimg1.intermarche.com/pt/Content/images/boitmal/produit/zoom/4CA8003DAEE6979618A8434446696DC5.jpg,,,2025-04-02T23:59:59.999999999+01:00,PROSPECTUS,14,3,,,,
6460,8410436216777,53.0,Sonasol,Bloco Sanitário Poder Activo Floral,Embalagem de 50 g,1.98,37.36,0,kg,€/Kg,,,https://driveimg1.intermarche.com/pt/Content/images/boitmal/produit/zoom/428A90D17C72E1CEA455915A18AE3510.jpg,,,2025-04-02T23:59:59.999999999+01:00,PROSPECTUS,14,3,,,,
6477,8410437531008,750.0,Cif,"Desinfetante em gel para wc, de 750 ml",,1.49,1.99,750,L,€/L,,,https://driveimg1.intermarche.com/pt/Content/images/boitmal/produit/zoom/92E5BCE8386F2FCD785A33187882812A.jpg,,,2025-04-02T23:59:59.999999999+01:00,PROSPECTUS,14,3,,,,
7039,2894063000000,150.0,PorSi,Fiambre da Pá,1 un = 150 gr (aprox.),1.2,7.99,0,,€/Kg,,,https://driveimg1.intermarche.com/pt/Content/images/boitmal/produit/zoom/B263AAD24D8655825D397EE88CE54C25.jpg,,,2025-04-02T23:59:59.999999999+01:00,PROSPECTUS,14,3,,,,
8752,5601217102065,1000.0,Finish,"Sal para máquina de lavar loiça, embalagem de 1 kg",,1.89,1.89,0,kg,€/Kg,,,https://driveimg1.intermarche.com/pt/Content/images/boitmal/produit/zoom/D8090F73E97416F92FF4C25B1B1ED407.jpg,,,2025-04-02T23:59:59.999999999+01:00,PROSPECTUS,14,3,,,,
8802,5601244202363,400.0,Terra Nostra,"Queijo em fatias, embalagem de 400g",,4.09,10.23,0,kg,€/Kg,,,https://driveimg1.intermarche.com/pt/Content/images/boitmal/produit/zoom/035A5C69BE8C551B825128DC308F8F7B.jpg,,,2025-04-02T23:59:59.999999999+01:00,PROSPECTUS,14,3,,,,
9300,5603722497261,1500.0,Pleno,"Tisana chá verde/limão, garrafa de 1,5 l",,1.59,1.06,1500,L,€/L,,,https://driveimg1.intermarche.com/pt/Content/images/boitmal/produit/zoom/7EF2B204E50EAE71668E7C4A97DD36C7.jpg,,,2025-04-02T23:59:59.999999999+01:00,PROSPECTUS,14,3,,,,
940,5601001322402,20.0,Nescafé,"Café solúvel nescafé, embalagem de 20g",,1.49,74.5,0,kg,€/Kg,,,https://driveimg1.intermarche.com/pt/Content/images/boitmal/produit/zoom/BCEBB6129FC84253AC3E2D01F300F9A9.jpg,,,2025-04-02T23:59:59.999999999+01:00,PROSPECTUS,14,3,,,,
942,5601001324109,100.0,Nescafé,"Café solúvel gold, embalagem de 100g",,5.69,56.9,0,kg,€/Kg,,,https://driveimg1.intermarche.com/pt/Content/images/boitmal/produit/zoom/56AF775E1D437B4623D4E42AE4DAA827.jpg,,,2025-04-02T23:59:59.999999999+01:00,PROSPECTUS,14,3,,,,
944,5601001339301,200.0,Nestlé,"Mistura solúvel mokambo, embalagem de 200g",,4.19,20.95,0,kg,€/Kg,,,https://driveimg1.intermarche.com/pt/Content/images/boitmal/produit/zoom/7654D4A8AEB526591EE0FD0D1A7BE478.jpg,,,2025-04-02T23:59:59.999999999+01:00,PROSPECTUS,14,3,,,,
999,5601038101001,250.0,Maizena,"Base para molho express, embalagem de 250g",,2.09,8.36,0,kg,€/Kg,,,https://driveimg1.intermarche.com/pt/Content/images/boitmal/produit/zoom/85F4EF54EF5934A483F5A5FAA4DD2B45.jpg,,,2025-04-02T23:59:59.999999999+01:00,PROSPECTUS,14,3,,,,
40491,5604260295753,,PorSi,"Sacos do lixo lavanda 30 litros, 20 sacos",,1.05,1.05,0,,€/Unidade,,,https://driveimg1.intermarche.com/pt/Content/images/boitmal/produit/zoom/DFBB530640691593E7F39F828433DED1.jpg,,,2025-04-02T23:59:59.999999999+01:00,PROSPECTUS,14,3,,,,
40654,5604260295708,,PorSi,"Sacos do lixo 50 litros com fecho fácil, 10 unidades",,0.99,0.99,0,,€/Unidade,,,https://driveimg1.intermarche.com/pt/Content/images/boitmal/produit/zoom/26D085B0AD6F18827C0DB222DE504A7D.jpg,,,2025-04-02T23:59:59.999999999+01:00,PROSPECTUS,14,3,,,,
40749,5604260304158,1000.0,PorSi,Detergente liquido loiça clássico,Garrafa de 1 litro,0.89,0.89,1000,L,€/L,,,https://driveimg1.intermarche.com/pt/Content/images/boitmal/produit/zoom/AF2F1189F25F58E20EE8C7BA2141119A.jpg,,,2025-04-02T23:59:59.999999999+01:00,PROSPECTUS,14,3,,,,
405,8712566410910,275.0,Calvé,"Ketchup, embalagem de 275g",,1.49,5.42,0,kg,€/Kg,,,https://driveimg1.intermarche.com/pt/Content/images/boitmal/produit/zoom/9E63EED4B27A252289B8979C188F5B40.jpg,https://driveimg1.intermarche.com/pt/Content/images/boitmal/produit/zoom/0D7B165FF00CA45BD8F6AC077E3CA1EC.jpg,https://driveimg1.intermarche.com/pt/Content/images/boitmal/produit/zoom/0D7B165FF00CA45BD8F6AC077E3CA1EC.jpg,2025-04-02T23:59:59.999999999+01:00,PROSPECTUS,14,3,https://driveimg1.intermarche.com/pt/Content/images/boitmal/produit/zoom/0D7B165FF00CA45BD8F6AC077E3CA1EC.jpg,,,
40925,8710522652138,240.0,Calvé,"Maionese top down, embalagem de 240g",,1.49,6.21,0,kg,€/Kg,,,https://driveimg1.intermarche.com/pt/Content/images/boitmal/produit/zoom/ECF2C8ABFC985CAC5B87AA78A2E96931.jpg,https://driveimg1.intermarche.com/pt/Content/images/boitmal/produit/zoom/8E23B17512BCD2C444A6228885CC4217.jpg,https://driveimg1.intermarche.com/pt/Content/images/boitmal/produit/zoom/8E23B17512BCD2C444A6228885CC4217.jpg,2025-04-02T23:59:59.999999999+01:00,PROSPECTUS,14,3,https://driveimg1.intermarche.com/pt/Content/images/boitmal/produit/zoom/8E23B17512BCD2C444A6228885CC4217.jpg,https://driveimg1.intermarche.com/pt/Content/images/boitmal/produit/zoom/8E23B17512BCD2C444A6228885CC4217.jpg,,
5926,5604260256907,2000.0,PorSi,"Lava Tudo Perfumado Lavanda, embalagem de 2 l",,0.99,0.5,2000,L,€/L,,,https://driveimg1.intermarche.com/pt/Content/images/boitmal/produit/zoom/01DD4B6F1EC514CE87AE4FA32F6F195B.jpg,,,2025-04-02T23:59:59.999999999+01:00,PROSPECTUS,14,3,,,,
9311,5603722502064,250.0,Mimosa,"Manteiga fácil de barrar, embalagem de 250g",,2.19,8.76,0,kg,€/Kg,,,https://driveimg1.intermarche.com/pt/Content/images/boitmal/produit/zoom/FEF75CFD36A5CE8709DF5D4930F11917.jpg,https://driveimg1.intermarche.com/pt/Content/images/boitmal/produit/zoom/A8C47E9F1F12DFE2439D3530C38E2D87.jpg,https://driveimg1.intermarche.com/pt/Content/images/boitmal/produit/zoom/2EE410FD3A0147BBB442FA96902FFF46.jpg,2025-04-02T23:59:59.999999999+01:00,PROSPECTUS,14,3,,,,
38148,5603722519123,1000.0,Milhafre,Leite de Pastagem Biológico Meio Gordo,1 litro,1.18,1.18,1000,L,€/L,,Produtos Bio,https://driveimg1.intermarche.com/pt/Content/images/boitmal/produit/zoom/DCB3EAE989BC2DDA8E3D76C140D59BA5.jpg,,,2025-04-02T23:59:59.999999999+01:00,PROSPECTUS,14,3,,,,
36170,5604260295654,1000.0,PorSi,Batata pré-frita palito,Embalagem de 1 kg,1.85,1.85,0,kg,€/Kg,,Tipo de stockagem,https://driveimg1.intermarche.com/pt/Content/images/boitmal/produit/zoom/CF4C3E7B4CE8656CEB5876B96DD4C997.jpg,,,2025-04-02T23:59:59.999999999+01:00,PROSPECTUS,14,3,,,,
40739,5604260302666,2000.0,PorSi,"Lava Tudo Perfumado flor de laranjeira, embalagem de 2 l",,0.99,0.5,2000,L,€/L,,,https://driveimg1.intermarche.com/pt/Content/images/boitmal/produit/zoom/EC235B47803E16EEB9720D84212A145E.jpg,,,2025-04-02T23:59:59.999999999+01:00,PROSPECTUS,14,3,,,,
16343,5601151978856,6000.0,Serra da estrela,"Água sem gás, garrafão de 6l",,1.49,0.25,6000,L,€/L,,,https://driveimg1.intermarche.com/pt/Content/images/boitmal/produit/zoom/8D402342781DACEBEA13B36CE32D8EBF.jpg,,,2025-04-02T23:59:59.999999999+01:00,PROSPECTUS,14,3,,,,
40848,5604260296118,,PorSi,Sacos para lixo ultra resistentes 50 litros,15 unidades,1.95,1.95,0,,€/Unidade,,,https://driveimg1.intermarche.com/pt/Content/images/boitmal/produit/zoom/53339BC26922912810A74230DB210BFC.jpg,,,2025-04-02T23:59:59.999999999+01:00,PROSPECTUS,14,3,,,,
32158,4015400917328,480.0,Fairy,"Detergente Liquido da Loiça Limão, 480 ml",,2.54,5.29,480,L,€/L,,,https://driveimg1.intermarche.com/pt/Content/images/boitmal/produit/zoom/4E2BD689329F214554584573973F36ED.jpg,,,2025-04-02T23:59:59.999999999+01:00,PROSPECTUS,14,3,,,,
41601,5604260301515,,PorSi,Rolo de multiusos decor 3 folhas,1 unidade,4.69,4.69,0,,€/Unidade,,,https://driveimg1.intermarche.com/pt/Content/images/boitmal/produit/zoom/3267BCD45AAE35B19E63A46DF91D8031.jpg,,,2025-04-02T23:59:59.999999999+01:00,PROSPECTUS,14,3,,,,
14726,8711100080060,400.0,Maizena,"Farinha, embalagem de 400g",,2.59,6.48,0,kg,€/Kg,,,https://driveimg1.intermarche.com/pt/Content/images/boitmal/produit/zoom/510CA0D1320DDBD17C988D55861FD3B8.jpg,,,2025-04-02T23:59:59.999999999+01:00,PROSPECTUS,14,3,,,,
30414,4015400917304,480.0,Fairy,Detergente Liquido Loiça Original,480 ml,2.54,5.29,480,L,€/L,,,https://driveimg1.intermarche.com/pt/Content/images/boitmal/produit/zoom/BDA62A6B9333A70897E09AEAD0B62BBF.jpg,,,2025-04-02T23:59:59.999999999+01:00,PROSPECTUS,14,3,,,,
848,5000189974579,200.0,Kit Kat,"Chocolate mini, embalagem de 200g",,3.09,15.45,0,kg,€/Kg,,,https://driveimg1.intermarche.com/pt/Content/images/boitmal/produit/zoom/90873705F18CB17964EF30C7A0BF7D60.jpg,,,2025-04-02T23:59:59.999999999+01:00,PROSPECTUS,14,3,,,,
15687,5000116109234,700.0,Iglo,"Ervilhas, embalagem de 700g",,3.39,4.84,0,kg,€/Kg,,Tipo de stockagem,https://driveimg1.intermarche.com/pt/Content/images/boitmal/produit/zoom/AC9F197DD289CE6E6A9903FC824FDD75.jpg,,,2025-04-02T23:59:59.999999999+01:00,PROSPECTUS,14,3,,,,
17150,8436048440416,120.0,Artiach,"Bolacha infantil dinossaurus mini chocolate, 120g",,1.49,12.42,0,kg,€/Kg,,,https://driveimg1.intermarche.com/pt/Content/images/boitmal/produit/zoom/CC8423CB8DDD3F032D5216356FFB1237.jpg,,,2025-04-02T23:59:59.999999999+01:00,PROSPECTUS,14,4,,,,
24415,8410436299961,1300.0,Sonasol,"Lava tudo lavanda, 1,3l",,2.09,1.61,1300,L,€/L,,,https://driveimg1.intermarche.com/pt/Content/images/boitmal/produit/zoom/7357FEB6EC6D53B795AF0EA5889F5ADF.jpg,,,2025-04-02T23:59:59.999999999+01:00,PROSPECTUS,14,4,,,,
2206,5604260265084,800.0,PorSi,Bacalhau em lombos,Embalagem de 800g,14.49,18.11,0,kg,€/Kg,,Tipo de stockagem,https://driveimg1.intermarche.com/pt/Content/images/boitmal/produit/zoom/75C602CADA3F956410C970E554FA55DE.jpg,,,2025-04-02T23:59:59.999999999+01:00,PROSPECTUS,14,4,,,,
13523,2893515000000,250.0,Peixaria,Lula Congelada,1 un= 250 gr (aprox.),1.25,4.99,0,,€/Kg,,Avantages !,https://driveimg1.intermarche.com/pt/Content/images/boitmal/produit/zoom/B2B7BBDC4CDC3C912C9CD2FEC6D3B682.jpg,,,2025-04-02T23:59:59.999999999+01:00,PROSPECTUS,14,4,,,,
23353,5000116112197,375.0,Capitão Iglo,"18 nuggets de frango, embalagem de 380g",,4.99,13.31,0,kg,€/Kg,,Tipo de stockagem,https://driveimg1.intermarche.com/pt/Content/images/boitmal/produit/zoom/F26C89B365D9DC17E138C74AB049DE6B.jpg,,,2025-04-02T23:59:59.999999999+01:00,PROSPECTUS,14,4,,,,
49762,5601050037562,460.0,Danone,"Iogurte com cereais activia, 4x115g",,2.39,5.2,0,kg,€/Kg,,,https://driveimg1.intermarche.com/pt/Content/images/boitmal/produit/zoom/51EAF4A53D8366A31634F35574981BCB.jpg,,,2025-04-02T23:59:59.999999999+01:00,PROSPECTUS,14,4,,,,
9989,8000430133035,125.0,Galbani,"Queijo mozzarella fresca, embalagem de 125 g",,1.69,13.52,0,kg,€/Kg,,,https://driveimg1.intermarche.com/pt/Content/images/boitmal/produit/zoom/2D2F42EC9092F570E0A5C16679F885D7.jpg,,,2025-04-02T23:59:59.999999999+01:00,PROSPECTUS,14,4,,,,
1279,5601151123362,1000.0,Bongo,"Néctar de 8 frutos, garrafa de 1l",,1.35,1.35,1000,L,€/L,,,https://driveimg1.intermarche.com/pt/Content/images/boitmal/produit/zoom/DDDD7150C72E25EE2FF7F3F4EC28BE9B.jpg,,,2025-04-02T23:59:59.999999999+01:00,PROSPECTUS,14,4,,,,
16022,5601146703609,5000.0,Sagres,Cerveja Mini,20 x 0.25 l,9.79,1.96,5000,L,€/L,,,https://driveimg1.intermarche.com/pt/Content/images/boitmal/produit/zoom/DB02895A50A259FB6B3AB495851D234D.jpg,,,2025-04-02T23:59:59.999999999+01:00,PROSPECTUS,14,4,,,,
8382,5601049131998,1000.0,Mimosa,"Leite uht gordo, embalagem de 1litro",,1.05,1.05,1000,L,€/L,,,https://driveimg1.intermarche.com/pt/Content/images/boitmal/produit/zoom/5D46937192D7E0425B02DA44F0AF6CA9.jpg,https://driveimg1.intermarche.com/pt/Content/images/boitmal/produit/zoom/85426DF0A207BC5690BA7486D86DBCDC.jpg,https://driveimg1.intermarche.com/pt/Content/images/boitmal/produit/zoom/85C3489AE589A6300942C731BCB55282.jpg,2025-04-02T23:59:59.999999999+01:00,PROSPECTUS,14,4,,,,
13884,2891106000000,2000.0,PorSi Select,Frango do Campo Inteiro c/ Miúdos Programa Origens,Vendido ao peso,8.98,4.49,0,,€/Kg,,,https://driveimg1.intermarche.com/pt/Content/images/boitmal/produit/zoom/4004CE88E12A24D0AD85684C27210FBB.jpg,,,2025-04-02T23:59:59.999999999+01:00,PROSPECTUS,14,4,,,,
17873,8718951037885,500.0,Ajax,"Limpa vidros recarga tripla ação, 500 ml",,1.79,3.58,500,L,€/L,,,https://driveimg1.intermarche.com/pt/Content/images/boitmal/produit/zoom/D0A7A0C399BF07DEEA9FD446034A3D4F.jpg,,,2025-04-02T23:59:59.999999999+01:00,PROSPECTUS,14,4,,,,
36465,5601028023443,,Renova,Lenços de bolso kids,Embalagem sortida com 8 unidades + 2 grátis,1.09,1.09,0,,€/Unidade,,,https://driveimg1.intermarche.com/pt/Content/images/boitmal/produit/zoom/2B0AFA48224382F2654400960136DE54.jpg,https://driveimg1.intermarche.com/pt/Content/images/boitmal/produit/zoom/0CE1F27833749E5A2E2A6631A26FC1E0.jpg,https://driveimg1.intermarche.com/pt/Content/images/boitmal/produit/zoom/10669725004839CB519AC745D1B0A74F.jpg,2025-04-02T23:59:59.999999999+01:00,PROSPECTUS,14,4,https://driveimg1.intermarche.com/pt/Content/images/boitmal/produit/zoom/B68437CAB6470B905C65CD8F71745279.jpg,,,
5927,5604260256914,2000.0,PorSi,"Lava Tudo Perfumado Herbal, embalagem de 2 l",,0.99,0.5,2000,L,€/L,,,https://driveimg1.intermarche.com/pt/Content/images/boitmal/produit/zoom/D0BC6E0F8FB6EE1D6C3B7DBC82D3AD1E.jpg,,,2025-04-02T23:59:59.999999999+01:00,PROSPECTUS,14,4,,,,
5952,5604260266975,750.0,PorSi,Creme abrasivo de limão,Embalagem de 750 ml,1.19,1.59,750,L,€/L,,,https://driveimg1.intermarche.com/pt/Content/images/boitmal/produit/zoom/7CC9BEECF39A3B46832B54494A33E2E3.jpg,,,2025-04-02T23:59:59.999999999+01:00,PROSPECTUS,14,4,,,,
4786,5010029000061,430.0,Weetabix,"Cereais, embalagem de 430g",,3.14,7.3,0,kg,€/Kg,,,https://driveimg1.intermarche.com/pt/Content/images/boitmal/produit/zoom/232982B37BEBBB4A68E8B55711F4EB74.jpg,,,2025-04-02T23:59:59.999999999+01:00,PROSPECTUS,14,4,,,,
15507,5601050031621,480.0,Danone,"Iogurte activia cremoso coco,  4 x 120 g",,1.99,4.15,0,kg,€/Kg,,,https://driveimg1.intermarche.com/pt/Content/images/boitmal/produit/zoom/C7C13400244FC9F141DCEBAD00E0F9D5.jpg,,,2025-04-02T23:59:59.999999999+01:00,PROSPECTUS,14,4,,,,
16492,8718951037847,500.0,Ajax,"Limpa vidros pistola, tripla acção, embalagem de 500 ml",,1.97,3.94,500,L,€/L,,,https://driveimg1.intermarche.com/pt/Content/images/boitmal/produit/zoom/835152AD536CA633AE488A10E244161F.jpg,,,2025-04-02T23:59:59.999999999+01:00,PROSPECTUS,14,4,,,,
19586,8435257028057,720.0,Longa vida,"Iogurte aroma 0% tutti fruti/coco, embalagem de 6 x 120g",,2.29,3.18,0,kg,€/Kg,,,https://driveimg1.intermarche.com/pt/Content/images/boitmal/produit/zoom/6FEC33DAE59256CBE3074F3F03199908.jpg,,,2025-04-02T23:59:59.999999999+01:00,PROSPECTUS,14,4,,,,
20967,5601027002593,175.0,Manhãzitos,5 manhãzitos choco chips,Embalagem de 175 g,2.24,12.8,0,kg,€/Kg,,,https://driveimg1.intermarche.com/pt/Content/images/boitmal/produit/zoom/6EB4FB571FE310CEFF50998F54BCFA17.jpg,,,2025-04-02T23:59:59.999999999+01:00,PROSPECTUS,14,4,,,,
43768,7613287121783,187.0,Smarties,"Smarties mini chocolate, 187g",,3.09,16.52,0,kg,€/Kg,,,https://driveimg1.intermarche.com/pt/Content/images/boitmal/produit/zoom/044C78E073B5B5B26D68268157615A9F.jpg,https://driveimg1.intermarche.com/pt/Content/images/boitmal/produit/zoom/E8FEE980732B87942B93ED2D1ABFFA78.jpg,https://driveimg1.intermarche.com/pt/Content/images/boitmal/produit/zoom/E8FEE980732B87942B93ED2D1ABFFA78.jpg,2025-04-02T23:59:59.999999999+01:00,PROSPECTUS,14,4,https://driveimg1.intermarche.com/pt/Content/images/boitmal/produit/zoom/E8FEE980732B87942B93ED2D1ABFFA78.jpg,https://driveimg1.intermarche.com/pt/Content/images/boitmal/produit/zoom/E8FEE980732B87942B93ED2D1ABFFA78.jpg,,
1281,5601151136140,1000.0,Compal,"Nectar vital equilibrio ananásemcoco, embalagem de 1l",,1.49,1.49,1000,L,€/L,,,https://driveimg1.intermarche.com/pt/Content/images/boitmal/produit/zoom/8767C13FE6BC314E1156E753BCDBEE55.jpg,,,2025-04-02T23:59:59.999999999+01:00,PROSPECTUS,14,4,,,,
1462,5601286231772,250.0,Milaneza,"Massa, estrelinhas, embalagem de 250g",,0.61,2.44,0,kg,€/Kg,,,https://driveimg1.intermarche.com/pt/Content/images/boitmal/produit/zoom/3936C365D7B95744ED545201CA491D61.jpg,,,2025-04-02T23:59:59.999999999+01:00,PROSPECTUS,14,4,,,,
15126,2895032000000,250.0,Limiano,Queijo Flamengo Bola,1 un = 250 gr  (aprox.),2.42,9.69,0,,€/Kg,,,https://driveimg1.intermarche.com/pt/Content/images/boitmal/produit/zoom/E05814E88CDCF87F22458F4E282D5518.jpg,,,2025-04-02T23:59:59.999999999+01:00,PROSPECTUS,14,4,,,,
15489,7613031884247,4000.0,Friskies,"Ração para gato adulto com vaca, frango, embalagem de 4kg",,10.79,2.7,0,kg,€/Kg,,,https://driveimg1.intermarche.com/pt/Content/images/boitmal/produit/zoom/AA74DE430E0D577781082E763F8D5C13.jpg,,,2025-04-02T23:59:59.999999999+01:00,PROSPECTUS,14,4,,,,
18618,5601027004870,210.0,Manhãzitos,Manhãzitos -50% açúcares,Embalagem 6x2 unidades,2.29,10.9,0,kg,€/Kg,,,https://driveimg1.intermarche.com/pt/Content/images/boitmal/produit/zoom/08521722BDB8760A47A03446C3145802.jpg,,,2025-04-02T23:59:59.999999999+01:00,PROSPECTUS,14,4,,,,
13373,2893800000000,750.0,Bacalhau,Bacalhau Corrente da Noruega,1 un= 750 g (aprox.),6.74,8.99,0,,€/Kg,,,https://driveimg1.intermarche.com/pt/Content/images/boitmal/produit/zoom/D74E09EC00B79A52E13EB6B9341BD6BA.jpg,,,2025-04-02T23:59:59.999999999+01:00,PROSPECTUS,14,4,,,,
15398,5604260278039,1500.0,PorSi,Amaciador  p/ roupa concentrado Aromaterapia,Embalagem com 60 doses,2.39,1.59,1500,L,€/L,,,https://driveimg1.intermarche.com/pt/Content/images/boitmal/produit/zoom/A34CA50BD5140F3567823C4B325B98EF.jpg,,,2025-04-02T23:59:59.999999999+01:00,PROSPECTUS,14,4,,,,
32342,5603722517334,200.0,Milhafre,Queijo açoriano fatias de textura cremosa,Embalagem de 200g,1.98,9.9,0,kg,€/Kg,,,https://driveimg1.intermarche.com/pt/Content/images/boitmal/produit/zoom/171D35F4FE014EB04FB3B5636B039DB0.jpg,,,2025-04-02T23:59:59.999999999+01:00,PROSPECTUS,14,4,,,,
50630,5603722521461,1208.0,Mimosa,"Iogurte magro liquido de ananas e manga, 8x151ml",,2.99,2.48,1208,L,€/L,,,https://driveimg1.intermarche.com/pt/Content/images/boitmal/produit/zoom/391469C60827762112BDD90CD5A7ACC1.jpg,,,2025-04-02T23:59:59.999999999+01:00,PROSPECTUS,14,4,,,,
13599,2893594000000,500.0,Peixaria,Red Fish Grande Congelado,1 un = 500 gr (aprox.),2.5,4.99,0,,€/Kg,,Avantages !,https://driveimg1.intermarche.com/pt/Content/images/boitmal/produit/zoom/A3E98972B338DCF46BAA412A17BB9B0C.jpg,,,2025-04-02T23:59:59.999999999+01:00,PROSPECTUS,14,4,,,,
13990,2696200000000,,Pastelaria,Folhado de salsichas,1 unidade = 110 g,0.99,0.99,0,,€/Unidade,,,https://driveimg1.intermarche.com/pt/Content/images/boitmal/produit/zoom/4DCF72DC736051BE772FEB48C9B7E455.jpg,,,2025-04-02T23:59:59.999999999+01:00,PROSPECTUS,14,4,,,,
25735,5000116112173,208.0,Capitão Iglo,"10 nuggets peito de frango e queijo, embalagem de 210g",,2.99,14.38,0,kg,€/Kg,,Tipo de stockagem,https://driveimg1.intermarche.com/pt/Content/images/boitmal/produit/zoom/C51CDDEB144DBFB12E5D153B5560BAD5.jpg,,,2025-04-02T23:59:59.999999999+01:00,PROSPECTUS,14,4,,,,
29834,8712100516467,480.0,Olá,"Gelado cornetto mini clássico, embalagem de 8 x 60 ml",,3.89,8.1,480,L,€/L,,Tipo de stockagem,https://driveimg1.intermarche.com/pt/Content/images/boitmal/produit/zoom/966639A10CEAB2E0B5CACE51C203C362.jpg,,,2025-04-02T23:59:59.999999999+01:00,PROSPECTUS,14,4,,,,
38557,5601027004764,315.0,Manhãzitos,Manhãzitos® planetus 9x2 un.,Embalagem de 315g,2.89,9.17,0,kg,€/Kg,,,https://driveimg1.intermarche.com/pt/Content/images/boitmal/produit/zoom/C011546637B7E58FA3E5267C7A9C6DFA.jpg,,,2025-04-02T23:59:59.999999999+01:00,PROSPECTUS,14,4,,,,
50629,5603722521454,1208.0,Mimosa,"Iogurte magro liquido de morango e framboesa, 8 x 151ml",,2.99,2.48,1208,L,€/L,,,https://driveimg1.intermarche.com/pt/Content/images/boitmal/produit/zoom/AB607BD866F448FA21D3247580B1F4C6.jpg,,,2025-04-02T23:59:59.999999999+01:00,PROSPECTUS,14,4,,,,
52600,5601217137951,1710.0,Quanto,"Amaciador roupa concentrado ouro e orquídea branca, 95 doses",,3.99,2.33,1710,L,€/L,,,https://driveimg1.intermarche.com/pt/Content/images/boitmal/produit/zoom/D5BBE20226E42754DBBAD723FC764C65.jpg,,,2025-04-02T23:59:59.999999999+01:00,PROSPECTUS,14,4,,,,
9299,5603722497254,1500.0,Pleno,"Tisana chá de cidreira e tília, garrafa de 1,5 l",,1.59,1.06,1500,L,€/L,,,https://driveimg1.intermarche.com/pt/Content/images/boitmal/produit/zoom/192748706F742E810B6FDFE78ABDE277.jpg,,,2025-04-02T23:59:59.999999999+01:00,PROSPECTUS,14,4,,,,
10274,8410436242172,1100.0,Sonasol,"Lava Tudo Brilhante Floral, embalagem 1,1l",,2.79,2.54,1100,L,€/L,,,https://driveimg1.intermarche.com/pt/Content/images/boitmal/produit/zoom/01F5925CB3ADDDABA2B9F66C7D55728C.jpg,,,2025-04-02T23:59:59.999999999+01:00,PROSPECTUS,14,4,,,,
10859,3023290400395,230.0,Nestlé,"Iogurte mix in kit kat, embalagem de 2 x 115g",,2.09,9.09,0,kg,€/Kg,,,https://driveimg1.intermarche.com/pt/Content/images/boitmal/produit/zoom/46A338E8D7EAC63B8EF63808F7DF5998.jpg,,,2025-04-02T23:59:59.999999999+01:00,PROSPECTUS,14,4,,,,
11974,5603722508752,200.0,Castelões,"Queijo em fatias original, embalagem de 200g",,1.98,9.9,0,kg,€/Kg,,,https://driveimg1.intermarche.com/pt/Content/images/boitmal/produit/zoom/9709716796DE3B121923F09B97DF17ED.jpg,,,2025-04-02T23:59:59.999999999+01:00,PROSPECTUS,14,4,,,,
1331,5601165006255,259.0,Calvé,"Molho de alho, embalagem de 260g",,1.94,7.49,0,kg,€/Kg,,,https://driveimg1.intermarche.com/pt/Content/images/boitmal/produit/zoom/250292652676F63A9916D46B501BCEC4.jpg,https://driveimg1.intermarche.com/pt/Content/images/boitmal/produit/zoom/5F13F0DF96776682A865C5AC21E8DB42.jpg,https://driveimg1.intermarche.com/pt/Content/images/boitmal/produit/zoom/5F13F0DF96776682A865C5AC21E8DB42.jpg,2025-04-02T23:59:59.999999999+01:00,PROSPECTUS,14,4,https://driveimg1.intermarche.com/pt/Content/images/boitmal/produit/zoom/5F13F0DF96776682A865C5AC21E8DB42.jpg,https://driveimg1.intermarche.com/pt/Content/images/boitmal/produit/zoom/5F13F0DF96776682A865C5AC21E8DB42.jpg,,
