identifier,produitEan13,capacite,marque,libelle,conditionnement,prix,unitPrice,volume,typeProduit_uniteByCode,unit_value,pictogrammes_0,pictogrammes_libelleCategorie,images_0,images_1,images_2,images_3,images_4,avantages_dateFin,avantages_categorie,nro_paginas,page,images_5,images_6
13934,2891062000000,250.0,Porco,Rojões,1 un = 250 gr  (aprox.),1.07,4.29,0,,€/Kg,,,https://driveimg1.intermarche.com/pt/Content/images/boitmal/produit/zoom/925F2FDC1F925A7FD71EE6165315B22E.jpg,,,,,2025-05-14T23:59:59.999999999+01:00,PROSPECTUS,11,1,,
1434,5601260037109,1000.0,Cigala,"Arroz agulha, embalagem de 1 kg",,1.38,1.38,0,kg,€/Kg,,,https://driveimg1.intermarche.com/pt/Content/images/boitmal/produit/zoom/B3D52BC13D571B9BC6634FD987C80F3C.jpg,,,,,2025-05-14T23:59:59.999999999+01:00,PROSPECTUS,11,1,,
11942,5603533492202,1000.0,Frize,"Água com gás groselha, pack 4 x 0.25 l",,2.09,2.09,1000,L,€/L,,,https://driveimg1.intermarche.com/pt/Content/images/boitmal/produit/zoom/9F272D120CD1620A52E8FDFD1398797A.jpg,,,,,2025-05-14T23:59:59.999999999+01:00,PROSPECTUS,11,1,,
3526,2894034000000,150.0,Nobre,Fiambre da Perna Extra,1 un = 150 gr (aprox.),2.25,14.99,0,,€/Kg,,,https://driveimg1.intermarche.com/pt/Content/images/boitmal/produit/zoom/C76D05EF052819EDC79567520AD2D260.jpg,,,,,2025-05-14T23:59:59.999999999+01:00,PROSPECTUS,11,1,,
37745,5604260301874,540.0,PorSi,Grão de bico,Frasco com 540 g,0.85,1.57,0,kg,€/Kg,,,https://driveimg1.intermarche.com/pt/Content/images/boitmal/produit/zoom/ABBBFB42757051E49B0E75B4C2EB061F.jpg,,,,,2025-05-14T23:59:59.999999999+01:00,PROSPECTUS,11,1,,
54293,3600542520232,150.0,Ambre Solaire,"Protetor Solar Spray Sensitive Advanced Kids FPS 50+, 150ml",,13.29,88.6,150,L,€/L,,,https://driveimg1.intermarche.com/pt/Content/images/boitmal/produit/zoom/823D664A32141EB1950F7E443A75BE1D.jpg,https://driveimg1.intermarche.com/pt/Content/images/boitmal/produit/zoom/B22FF17D129E72CD96FF5C5A05B61151.jpg,https://driveimg1.intermarche.com/pt/Content/images/boitmal/produit/zoom/B22FF17D129E72CD96FF5C5A05B61151.jpg,https://driveimg1.intermarche.com/pt/Content/images/boitmal/produit/zoom/B22FF17D129E72CD96FF5C5A05B61151.jpg,,2025-05-14T23:59:59.999999999+01:00,PROSPECTUS,11,1,,
13599,2893594000000,500.0,Peixaria,Red Fish Grande Congelado,1 un = 500 gr (aprox.),2.5,4.99,0,,€/Kg,,Avantages !,https://driveimg1.intermarche.com/pt/Content/images/boitmal/produit/zoom/A3E98972B338DCF46BAA412A17BB9B0C.jpg,,,,,2025-05-14T23:59:59.999999999+01:00,PROSPECTUS,11,1,,
52337,8720181392955,1368.0,Comfort,"Amaciador roupa concentrado creations flor de lótus e lima, 76 doses",,3.99,2.92,1368,L,€/L,,,https://driveimg1.intermarche.com/pt/Content/images/boitmal/produit/zoom/AA557AEC063D2D449E9AD9A05E65B1FD.jpg,,,,,2025-05-14T23:59:59.999999999+01:00,PROSPECTUS,11,1,,
13833,2892579000000,300.0,Legumes,Pepino,1 un = 300 gr  (aprox.),0.45,1.49,0,,€/Kg,,,https://driveimg1.intermarche.com/pt/Content/images/boitmal/produit/zoom/BD2734BFC4704D52A466FC85B929304E.jpg,,,,,2025-05-14T23:59:59.999999999+01:00,PROSPECTUS,11,1,,
14470,5000289925440,700.0,Gordons,Gin dry,Garrafa de 700 ml,13.99,19.99,700,L,€/L,,,https://driveimg1.intermarche.com/pt/Content/images/boitmal/produit/zoom/D55937CEA347BBDAFF1873A2B59C5243.jpg,,,,,2025-05-14T23:59:59.999999999+01:00,PROSPECTUS,11,1,,
15955,7613032408794,85.0,Purina Gourmet,"Comida húmida para gato peixe do oceano, embalagem de 90g",,0.87,10.24,0,kg,€/Kg,,,https://driveimg1.intermarche.com/pt/Content/images/boitmal/produit/zoom/FEEA8DEA9BB460BB34BF8E0ADF22D62F.jpg,,,,,2025-05-14T23:59:59.999999999+01:00,PROSPECTUS,11,1,,
14458,7613034678607,90.0,Nestlé,"Fruta para bebé banana maçã +4 meses, embalagem de 90g",,0.65,7.22,0,kg,€/Kg,,,https://driveimg1.intermarche.com/pt/Content/images/boitmal/produit/zoom/0F3547F16577E97D821E3E9FDD9F17B9.jpg,,,,,2025-05-14T23:59:59.999999999+01:00,PROSPECTUS,11,1,,
52339,8720181392924,1368.0,Comfort,"Amaciador Roupa Concentrado Creations Lírios e Morango, 76 doses",,3.99,2.92,1368,L,€/L,,,https://driveimg1.intermarche.com/pt/Content/images/boitmal/produit/zoom/CE8FB9A40EB58A232C2FDE5C1B9A52E7.jpg,,,,,2025-05-14T23:59:59.999999999+01:00,PROSPECTUS,11,1,,
1480,5601314000073,9000.0,Vitalis,"Água mineral sem gás, pack 6 x 1.5 l",,2.69,0.3,9000,L,€/L,,,https://driveimg1.intermarche.com/pt/Content/images/boitmal/produit/zoom/DA3E69EB6FBF3CE3F3256CE592DB9A52.jpg,,,,,2025-05-14T23:59:59.999999999+01:00,PROSPECTUS,11,1,,
16754,4015400738367,,Ausonia,Cuecas de incontinência Plus M,Uma embalagem - 9Unidades,7.49,7.49,0,,€/Unidade,,,https://driveimg1.intermarche.com/pt/Content/images/boitmal/produit/zoom/CD6B276BB60CA3FAF3426C424474A8D2.jpg,,,,,2025-05-14T23:59:59.999999999+01:00,PROSPECTUS,11,1,,
14698,7613034570512,90.0,Nestlé,"Fruta para bebé 4 frutas +4 meses, embalagem de 90g",,0.65,7.22,0,kg,€/Kg,,,https://driveimg1.intermarche.com/pt/Content/images/boitmal/produit/zoom/3717C2AF583A80AD83A765BB8032F767.jpg,,,,,2025-05-14T23:59:59.999999999+01:00,PROSPECTUS,11,1,,
41300,5601050036596,440.0,Danone,"Iogurte oikos manga papaya, embalagem de 4 x 110g",,1.99,4.52,0,kg,€/Kg,,,https://driveimg1.intermarche.com/pt/Content/images/boitmal/produit/zoom/407B76EA9B8AB5CE288E3F687A8DBF84.jpg,,,,,2025-05-14T23:59:59.999999999+01:00,PROSPECTUS,11,1,,
48092,5604260322435,85.0,PorSi Select,Comida húmida gato adulto c/ frango,Embalagem de 85g,0.59,6.94,0,kg,€/Kg,,,https://driveimg1.intermarche.com/pt/Content/images/boitmal/produit/zoom/D84CC7B70A355206695BB81A8F5D3D9E.jpg,,,,,2025-05-14T23:59:59.999999999+01:00,PROSPECTUS,11,1,,
18376,5601027009769,480.0,Panrico,Pão de forma sem côdea 9 cereais,Embalagem de 480g,1.99,4.15,0,kg,€/Kg,,,https://driveimg1.intermarche.com/pt/Content/images/boitmal/produit/zoom/202DA3E3189533F2DED569B04263CF8C.jpg,,,,,2025-05-14T23:59:59.999999999+01:00,PROSPECTUS,11,1,,
12997,2892527000000,300.0,Legumes,Courgette Categoria II,,0.3,0.99,0,,€/Kg,,,https://driveimg1.intermarche.com/pt/Content/images/boitmal/produit/zoom/323B806C0CB557ED0F5B2CB32A998FDE.jpg,,,,,2025-05-14T23:59:59.999999999+01:00,PROSPECTUS,11,1,,
12994,2892524000000,100.0,Legumes,Cenoura Granel,1 un = 100 gr (aprox.),0.09,0.85,0,,€/Kg,,,https://driveimg1.intermarche.com/pt/Content/images/boitmal/produit/zoom/5AEDEF3ED6ABEF24EACEE9C46AA7916F.jpg,,,,,2025-05-14T23:59:59.999999999+01:00,PROSPECTUS,11,1,,
46714,5604260318742,,PorSi,Papel higiénico branco folha tripla,12 rolos,3.79,3.79,0,,€/Unidade,,,https://driveimg1.intermarche.com/pt/Content/images/boitmal/produit/zoom/302F6B4FE48393BA7E5D666ED55E249B.jpg,,,,,2025-05-14T23:59:59.999999999+01:00,PROSPECTUS,11,1,,
13947,2891125000000,150.0,Peru,Espetadas de Peru,1 un = 150 gr (aprox.),0.97,6.49,0,,€/Kg,,,https://driveimg1.intermarche.com/pt/Content/images/boitmal/produit/zoom/7051DD49B64096A6B46E7815DD618A85.jpg,,,,,2025-05-14T23:59:59.999999999+01:00,PROSPECTUS,11,1,,
13893,2891043000000,1000.0,Porco,Entrecosto,Vendido ao peso a partir de 1 kg,4.99,4.99,0,,€/Kg,,,https://driveimg1.intermarche.com/pt/Content/images/boitmal/produit/zoom/AA05EE99D302D59771FCC108473E0700.jpg,,,,,2025-05-14T23:59:59.999999999+01:00,PROSPECTUS,11,1,,
14921,2892534000000,400.0,Legumes,Couve Bróculo,Vendido ao peso,0.76,1.89,0,,€/Kg,,,https://driveimg1.intermarche.com/pt/Content/images/boitmal/produit/zoom/4F48873F332B6ECE759CD88793270811.jpg,,,,,2025-05-14T23:59:59.999999999+01:00,PROSPECTUS,11,1,,
34385,5604260285754,,PorSi,Papel higiénico reciclado 2 folhas,12 rolos,2.39,2.39,0,,€/Unidade,,,https://driveimg1.intermarche.com/pt/Content/images/boitmal/produit/zoom/A1DBFD368962CC2E7DAC05F669F9A1E3.jpg,,,,,2025-05-14T23:59:59.999999999+01:00,PROSPECTUS,11,1,,
13625,2893620000000,300.0,Peixaria,Salmão de viveiro à posta,1 un. = 300 g (aprox.),3.9,12.99,0,,€/Kg,,,https://driveimg1.intermarche.com/pt/Content/images/boitmal/produit/zoom/A170DAF9DE78983CFA7E8DD1EFE6A371.jpg,,,,,2025-05-14T23:59:59.999999999+01:00,PROSPECTUS,11,1,,
980,5601024134488,750.0,Oliveira da Serra,Azeite virgem extra clássico,Embalagem de 750 ml,5.99,7.99,750,L,€/L,,,https://driveimg1.intermarche.com/pt/Content/images/boitmal/produit/zoom/01EF39EFE8396CC9ACA95DC25E9D3412.jpg,,,,,2025-05-14T23:59:59.999999999+01:00,PROSPECTUS,11,1,,
34875,5604260285457,1500.0,PorSi,Maçã golden categoria II Programa Origens,Embalagem de 1.5 kg,1.89,1.26,0,kg,€/Kg,,,https://driveimg1.intermarche.com/pt/Content/images/boitmal/produit/zoom/56695A5FACFB945E46B511CB21214202.jpg,,,,,2025-05-14T23:59:59.999999999+01:00,PROSPECTUS,11,1,,
52880,8719200267794,450.0,Becel,"Creme vegetal de barrar com sabor a manteiga, 450g",,3.56,7.91,0,kg,€/Kg,,,https://driveimg1.intermarche.com/pt/Content/images/boitmal/produit/zoom/E2EFE8BE5E96AF9FCA9D840059BF696C.jpg,https://driveimg1.intermarche.com/pt/Content/images/boitmal/produit/zoom/287D301C66C180312FAA8A3BAE7EA710.jpg,https://driveimg1.intermarche.com/pt/Content/images/boitmal/produit/zoom/287D301C66C180312FAA8A3BAE7EA710.jpg,https://driveimg1.intermarche.com/pt/Content/images/boitmal/produit/zoom/287D301C66C180312FAA8A3BAE7EA710.jpg,,2025-05-14T23:59:59.999999999+01:00,PROSPECTUS,11,1,,
13950,2891145000000,100.0,Porco,Salsicha Fresca,1 un = 100 gr (aprox.),0.5,4.99,0,,€/Kg,,,https://driveimg1.intermarche.com/pt/Content/images/boitmal/produit/zoom/2E1CED7EDF010F56C2BF0E6CDF74D52B.jpg,,,,,2025-05-14T23:59:59.999999999+01:00,PROSPECTUS,11,1,,
15125,2895006000000,150.0,Terra Nostra,Queijo Flamengo em Barra,1 un = 150 gr (aprox.),1.39,9.29,0,,€/Kg,,,https://driveimg1.intermarche.com/pt/Content/images/boitmal/produit/zoom/BF84618CA37316EE2612494B15F423CC.jpg,,,,,2025-05-14T23:59:59.999999999+01:00,PROSPECTUS,11,1,,
19022,5603722509742,800.0,Agros,"Leite com chocolate, embalagem de 4 x 200 ml",,1.79,2.24,800,L,€/L,,,https://driveimg1.intermarche.com/pt/Content/images/boitmal/produit/zoom/86A34AF1051A1750347A4FF58912A923.jpg,,,,,2025-05-14T23:59:59.999999999+01:00,PROSPECTUS,11,1,,
19111,5604649918204,500.0,Fruta,Uva Branca sem grainha,Embalagem de 500 g,2.69,5.38,0,kg,€/Kg,,,https://driveimg1.intermarche.com/pt/Content/images/boitmal/produit/zoom/67F8986763A7150348D1ACB12C17814C.jpg,,,,,2025-05-14T23:59:59.999999999+01:00,PROSPECTUS,11,1,,
21767,7613035487871,90.0,Nestlé,"Fruta para bebé multifrutas +4 meses, embalagem de 90g",,0.65,7.22,0,kg,€/Kg,,,https://driveimg1.intermarche.com/pt/Content/images/boitmal/produit/zoom/1B1A7DCEC52C23E2760C4FE3A24A75EE.jpg,,,,,2025-05-14T23:59:59.999999999+01:00,PROSPECTUS,11,1,,
25215,7613035930582,90.0,Nestlé,"Fruta para bebé maçã manga +6 meses, embalagem de 90g",,0.65,7.22,0,kg,€/Kg,,,https://driveimg1.intermarche.com/pt/Content/images/boitmal/produit/zoom/1A0BFDB38CDBA8991FD9074B384368B9.jpg,,,,,2025-05-14T23:59:59.999999999+01:00,PROSPECTUS,11,1,,
36521,5604260295326,1500.0,PorSi,"Refrigerante sem gás, laranja","Garrafa de 1,5 l",0.99,0.66,1500,L,€/L,,,https://driveimg1.intermarche.com/pt/Content/images/boitmal/produit/zoom/A6AF9ACD344C832F0E5F8232BBCCDC50.jpg,,,,,2025-05-14T23:59:59.999999999+01:00,PROSPECTUS,11,1,,
36745,2892275000000,300.0,Fruta,Pera conference categoria: II,Vendido ao peso a partir de 300 g,0.6,1.99,0,,€/Kg,,,https://driveimg1.intermarche.com/pt/Content/images/boitmal/produit/zoom/DF162EE44202B548D4AD8D27BD8D13AA.jpg,,,,,2025-05-14T23:59:59.999999999+01:00,PROSPECTUS,11,1,,
52566,5604260329502,555.0,PorSi,Cogumelos Laminados,Pack de 3 x 185 g,2.25,4.05,0,kg,€/Kg,,,https://driveimg1.intermarche.com/pt/Content/images/boitmal/produit/zoom/CAE31729F1814975AABE2147FB00CFB2.jpg,,,,,2025-05-14T23:59:59.999999999+01:00,PROSPECTUS,11,1,,
12887,2892089000000,500.0,Fruta,Manga Barco,1 un = 500 gr (aprox.),1.1,2.19,0,,€/Kg,,,https://driveimg1.intermarche.com/pt/Content/images/boitmal/produit/zoom/7DE73DFAB226CDE947BB89C61333D3FE.jpg,,,,,2025-05-14T23:59:59.999999999+01:00,PROSPECTUS,11,1,,
13373,2893800000000,750.0,Bacalhau,Bacalhau Corrente da Noruega,1 un= 750 g (aprox.),6.97,9.29,0,,€/Kg,,,https://driveimg1.intermarche.com/pt/Content/images/boitmal/produit/zoom/D74E09EC00B79A52E13EB6B9341BD6BA.jpg,,,,,2025-05-14T23:59:59.999999999+01:00,PROSPECTUS,11,1,,
18489,5600744051020,198.0,Saborosa,"Bolacha de manteiga belga com chocolate, embalagem de 200g",,1.64,8.28,0,kg,€/Kg,,,https://driveimg1.intermarche.com/pt/Content/images/boitmal/produit/zoom/96C31A82D017146C1ADBA7AC747D4690.jpg,,,,,2025-05-14T23:59:59.999999999+01:00,PROSPECTUS,11,1,,
19607,7613035376625,90.0,Nestlé,Fruta para bebé maçã banana aveia +6 meses,Embalagem de 90g,0.65,7.22,0,kg,€/Kg,,,https://driveimg1.intermarche.com/pt/Content/images/boitmal/produit/zoom/63EF160EDC28D2A349A30B7555DC57D7.jpg,,,,,2025-05-14T23:59:59.999999999+01:00,PROSPECTUS,11,1,,
21766,7613035487840,90.0,Nestlé,Fruta para bebé banana laranja bolacha +6 meses,Embalagem de 90g,0.65,7.22,0,kg,€/Kg,,,https://driveimg1.intermarche.com/pt/Content/images/boitmal/produit/zoom/A8104E7B3738DD14CEF192706B16EFC4.jpg,,,,,2025-05-14T23:59:59.999999999+01:00,PROSPECTUS,11,1,,
2314,5604260271856,355.0,PorSi,Cogumelos inteiros,Embalagem de 355 g,1.29,3.63,0,kg,€/Kg,,,https://driveimg1.intermarche.com/pt/Content/images/boitmal/produit/zoom/01F5BA204144BDCBC76F253B25332909.jpg,,,,,2025-05-14T23:59:59.999999999+01:00,PROSPECTUS,11,1,,
25108,5601226041720,750.0,Ucal,"Leite uht com chocolate, embalagem de 3 x 250 ml",,2.35,3.13,750,L,€/L,,,https://driveimg1.intermarche.com/pt/Content/images/boitmal/produit/zoom/7D29449DA2FD72495E3738757304836A.jpg,,,,,2025-05-14T23:59:59.999999999+01:00,PROSPECTUS,11,1,,
25214,7613035930551,90.0,Nestlé,"Fruta para bebé maçã banana morango +8 meses, embalagem de 90g",,0.65,7.22,0,kg,€/Kg,,,https://driveimg1.intermarche.com/pt/Content/images/boitmal/produit/zoom/A2E1B043C34553B91FFED35123D220EC.jpg,,,,,2025-05-14T23:59:59.999999999+01:00,PROSPECTUS,11,1,,
35749,5603722509667,800.0,Mimosa,"Leite bem essencial chocolate , embalagem de 4 x 200 ml",,1.69,2.11,800,L,€/L,,,https://driveimg1.intermarche.com/pt/Content/images/boitmal/produit/zoom/66BA85F80F98E7331B63BC3D4684C6AC.jpg,,,,,2025-05-14T23:59:59.999999999+01:00,PROSPECTUS,11,1,,
37510,7613036841498,90.0,Nestlé,"Pacote maçã e pêssego, embalagem de 90g",,0.65,7.22,0,kg,€/Kg,,,https://driveimg1.intermarche.com/pt/Content/images/boitmal/produit/zoom/E9135C730A89C3C259880AD7C684D6EF.jpg,,,,,2025-05-14T23:59:59.999999999+01:00,PROSPECTUS,11,1,,
41302,5601050036558,440.0,Danone,"Iogurte oikos natural açucarado, embalagem de 4 x 110g",,2.49,5.66,0,kg,€/Kg,,,https://driveimg1.intermarche.com/pt/Content/images/boitmal/produit/zoom/EF9CBAC3BDE3B09B251B8011D3C6F904.jpg,,,,,2025-05-14T23:59:59.999999999+01:00,PROSPECTUS,11,1,,
46670,5601050037227,620.0,Danone,"Iogurte Líquido Activia Aveia & Linhaça, 4x155g",,1.99,3.21,0,kg,€/Kg,,,https://driveimg1.intermarche.com/pt/Content/images/boitmal/produit/zoom/4D8BE19F5E55132CE3BDC6C6840F7986.jpg,,,,,2025-05-14T23:59:59.999999999+01:00,PROSPECTUS,11,1,,
49463,8445290250322,600.0,Nestum,Flocos Cereais Mel,Embalagem de 600g,3.79,6.32,0,kg,€/Kg,,,https://driveimg1.intermarche.com/pt/Content/images/boitmal/produit/zoom/4A0A62606AC144021ED115E1FAB3D0CE.jpg,,,,,2025-05-14T23:59:59.999999999+01:00,PROSPECTUS,11,1,,
8396,5601049614330,250.0,Milhafre,"Manteiga com sal, embalagem de 250g",,2.14,8.56,0,kg,€/Kg,,,https://driveimg1.intermarche.com/pt/Content/images/boitmal/produit/zoom/8DCB9F2F3B36086D35B7173891ABA268.jpg,,,,,2025-05-14T23:59:59.999999999+01:00,PROSPECTUS,11,1,,
8998,5601511000616,400.0,Limiano,"Queijo em fatias, 400g",,4.09,10.23,0,kg,€/Kg,,,https://driveimg1.intermarche.com/pt/Content/images/boitmal/produit/zoom/B876EB9E5C4AFD1BCE528AB6B8F31622.jpg,,,,,2025-05-14T23:59:59.999999999+01:00,PROSPECTUS,11,1,,
929,5601001187803,625.0,Nestlé,"Cereais chocapic, 625 g",,3.74,5.98,0,kg,€/Kg,,,https://driveimg1.intermarche.com/pt/Content/images/boitmal/produit/zoom/8DB31C1F3066D48D593AE11B75516670.jpg,,,,,2025-05-14T23:59:59.999999999+01:00,PROSPECTUS,11,1,,
974,5601024105051,3000.0,Fula,Óleo alimentar,Embalagem 3L,5.85,1.95,3000,L,€/L,,,https://driveimg1.intermarche.com/pt/Content/images/boitmal/produit/zoom/D641E1D4A518E21E0D8C212FCA92F32A.jpg,,,,,2025-05-14T23:59:59.999999999+01:00,PROSPECTUS,11,1,,
1187,5601119007963,120.0,Nobre,"6 salsichas de porco, lata de 120g",,1.49,12.42,0,kg,€/Kg,,,https://driveimg1.intermarche.com/pt/Content/images/boitmal/produit/zoom/024D21F90F760BFDC12CBD7EB02BECC6.jpg,,,,,2025-05-14T23:59:59.999999999+01:00,PROSPECTUS,11,1,,
1285,5601151160060,410.0,Compal,"Ervilhas, lata com 410 ml",,1.09,2.66,410,L,€/L,,,https://driveimg1.intermarche.com/pt/Content/images/boitmal/produit/zoom/5A637F1F1A9D6D5D73CF74D3CBF9A0F4.jpg,,,,,2025-05-14T23:59:59.999999999+01:00,PROSPECTUS,11,1,,
12898,2893293000000,400.0,Programa Origens,Dourada,1 un= 400 grs (aprox.),3.6,8.99,0,,€/Kg,,,https://driveimg1.intermarche.com/pt/Content/images/boitmal/produit/zoom/1228D1EB55215F23AB492009B28E8268.jpg,,,,,2025-05-14T23:59:59.999999999+01:00,PROSPECTUS,11,1,,
12943,2892087000000,1500.0,Fruta,Mamão,"1 un = 1,5 kg (aprox.)",5.84,3.89,0,,€/Kg,,,https://driveimg1.intermarche.com/pt/Content/images/boitmal/produit/zoom/E92859558CF3617793775ADAD1A11B14.jpg,,,,,2025-05-14T23:59:59.999999999+01:00,PROSPECTUS,11,1,,
13523,2893515000000,250.0,Peixaria,Lula Congelada,1 un= 250 gr (aprox.),1.25,4.99,0,,€/Kg,,Avantages !,https://driveimg1.intermarche.com/pt/Content/images/boitmal/produit/zoom/B2B7BBDC4CDC3C912C9CD2FEC6D3B682.jpg,,,,,2025-05-14T23:59:59.999999999+01:00,PROSPECTUS,11,1,,
13541,2893533000000,250.0,Congelado de Aquicultura,Camarão Congelado 60/80,1 un = 250 gr  (aprox.),2.0,7.99,0,,€/Kg,,Avantages !,https://driveimg1.intermarche.com/pt/Content/images/boitmal/produit/zoom/29A2DFA509FFDAFCD18E7F308BD753B4.jpg,,,,,2025-05-14T23:59:59.999999999+01:00,PROSPECTUS,11,1,,
14340,3387390326291,141.0,Nestlé,"Barras fitness com morango, embalagem de 140g",,2.99,21.21,0,kg,€/Kg,,,https://driveimg1.intermarche.com/pt/Content/images/boitmal/produit/zoom/3A9BF700A100B0328316208A3B97640F.jpg,,,,,2025-05-14T23:59:59.999999999+01:00,PROSPECTUS,11,1,,
14372,8712100599392,550.0,Calvé,"Ketchup top down, embalagem de 550g",,2.59,4.71,0,kg,€/Kg,,,https://driveimg1.intermarche.com/pt/Content/images/boitmal/produit/zoom/6D3218F33B22BC3205033BC41E176600.jpg,https://driveimg1.intermarche.com/pt/Content/images/boitmal/produit/zoom/FE7F103C359D2D1FD7BF3FDC8DD381BA.jpg,https://driveimg1.intermarche.com/pt/Content/images/boitmal/produit/zoom/FE7F103C359D2D1FD7BF3FDC8DD381BA.jpg,https://driveimg1.intermarche.com/pt/Content/images/boitmal/produit/zoom/FE7F103C359D2D1FD7BF3FDC8DD381BA.jpg,,2025-05-14T23:59:59.999999999+01:00,PROSPECTUS,11,1,,
14653,5601119225442,110.0,Nobre,"Fiambre da perna extra fatias finas, embalagem de 110g",,1.89,17.18,0,kg,€/Kg,,,https://driveimg1.intermarche.com/pt/Content/images/boitmal/produit/zoom/7FD7D9E34952BFCF466D7D36B77539B0.jpg,,,,,2025-05-14T23:59:59.999999999+01:00,PROSPECTUS,11,1,,
14897,2892245000000,4000.0,Fruta,Melancia Riscada,Vendido ao peso | 1 un = 4kg (aprox.),6.36,1.59,0,,€/Kg,,,https://driveimg1.intermarche.com/pt/Content/images/boitmal/produit/zoom/499A6B9B1699D69723890E8129338912.jpg,,,,,2025-05-14T23:59:59.999999999+01:00,PROSPECTUS,11,1,,
15060,2892453000000,1000.0,Programa Origens,Abóbora Butternut,1 un = 1 kg (aprox.),0.99,0.99,0,,€/Kg,,,https://driveimg1.intermarche.com/pt/Content/images/boitmal/produit/zoom/B52C2C8A1B11C26BA2F358A3355C1A17.jpg,,,,,2025-05-14T23:59:59.999999999+01:00,PROSPECTUS,11,1,,
16105,5601146703463,7500.0,Sagres,"Cerveja com álcool, pack 30 x 0.25 l",,13.85,1.85,7500,L,€/L,,,https://driveimg1.intermarche.com/pt/Content/images/boitmal/produit/zoom/03A5259A936839E6AA1FD95014E0E2CF.jpg,,,,,2025-05-14T23:59:59.999999999+01:00,PROSPECTUS,11,1,,
1680,5602711001625,1000.0,Rar,"Açúcar areado amarelo, embalagem de 1kg",,1.39,1.39,0,kg,€/Kg,,,https://driveimg1.intermarche.com/pt/Content/images/boitmal/produit/zoom/939DA938A8E29956A82E9882A2E704A7.jpg,,,,,2025-05-14T23:59:59.999999999+01:00,PROSPECTUS,11,1,,
17665,8712100745591,754.0,Calvé,"Maionese top down, embalagem de 753 g",,3.49,4.63,0,kg,€/Kg,,,https://driveimg1.intermarche.com/pt/Content/images/boitmal/produit/zoom/C6F00A8AA4D7D21E56D34CFA61170423.jpg,,,,,2025-05-14T23:59:59.999999999+01:00,PROSPECTUS,11,1,,
19608,7613035376861,90.0,Nestlé,Fruta para bebé maçã cenoura manga +6 meses,Embalagem de 90g,0.65,7.22,0,kg,€/Kg,,,https://driveimg1.intermarche.com/pt/Content/images/boitmal/produit/zoom/E13C913249530CE7ED9D191950EA3924.jpg,,,,,2025-05-14T23:59:59.999999999+01:00,PROSPECTUS,11,1,,
20202,5601151976456,1000.0,Frize,"Água com gás limão/pepino/gengibre, pack 4 x 0.25 l",,2.09,2.09,1000,L,€/L,,,https://driveimg1.intermarche.com/pt/Content/images/boitmal/produit/zoom/8CC607BECDA933771553297655559077.jpg,,,,,2025-05-14T23:59:59.999999999+01:00,PROSPECTUS,11,1,,
20434,5601244500063,1000.0,Terra Nostra,"Leite de pastagem meio gordo, embalagem de 1litro",,0.89,0.89,1000,L,€/L,,,https://driveimg1.intermarche.com/pt/Content/images/boitmal/produit/zoom/2F15C65373BE6E3E66B7AB63273FD2E6.jpg,https://driveimg1.intermarche.com/pt/Content/images/boitmal/produit/zoom/E82125FE177156A16B33D08208F11D7F.jpg,,,,2025-05-14T23:59:59.999999999+01:00,PROSPECTUS,11,1,,
21052,8435257034270,640.0,Nestlé,"Iogurte líquido yoggi, sem lactose, morango/banana, embalagem de 4 x 160g",,2.19,3.42,0,kg,€/Kg,,,https://driveimg1.intermarche.com/pt/Content/images/boitmal/produit/zoom/2F9637E1E7F59896708553BA46B62C91.jpg,,,,,2025-05-14T23:59:59.999999999+01:00,PROSPECTUS,11,1,,
23524,5000204922851,750.0,Pato,"Líquido sanitário extra power, marinho, 750 ml",,1.69,2.25,750,L,€/L,,,https://driveimg1.intermarche.com/pt/Content/images/boitmal/produit/zoom/60268FF4016AF8FBA52DB6A9A88D181B.jpg,,,,,2025-05-14T23:59:59.999999999+01:00,PROSPECTUS,11,1,,
33090,5411188112709,1000.0,Alpro,"Bebida amêndoa torrada sem açúcar, embalagem de 1litro",,2.49,2.49,1000,L,€/L,,,https://driveimg1.intermarche.com/pt/Content/images/boitmal/produit/zoom/66C6488BDB769AFC2D2A2697199C34D6.jpg,,,,,2025-05-14T23:59:59.999999999+01:00,PROSPECTUS,11,1,,
34876,5604260285488,1500.0,PorSi,Maçã starking categoria II Programa Origens,Embalagem de 1.5 kg,1.89,1.26,0,kg,€/Kg,,,https://driveimg1.intermarche.com/pt/Content/images/boitmal/produit/zoom/AA6B73374DD1E7B1436CB2F99D3B721B.jpg,,,,,2025-05-14T23:59:59.999999999+01:00,PROSPECTUS,11,1,,
35542,7613036867405,,Nescafé,"Café em cápsulas dolce gusto ristreto intenso, embalagem de 210g",,9.99,9.99,30,,€/Unidade,,,https://driveimg1.intermarche.com/pt/Content/images/boitmal/produit/zoom/FC99456EA03268527FE0EC549A21D081.jpg,,,,,2025-05-14T23:59:59.999999999+01:00,PROSPECTUS,11,1,,
37574,8717163836835,2000.0,Lipton,"Ice tea de pêssego sem açúcar, garrafa de 2l",,2.39,1.2,2000,L,€/L,,,https://driveimg1.intermarche.com/pt/Content/images/boitmal/produit/zoom/B0D164F35BECC5A6CA9E515D71ED323C.jpg,,,,,2025-05-14T23:59:59.999999999+01:00,PROSPECTUS,11,1,,
40925,8710522652138,240.0,Calvé,"Maionese top down, embalagem de 240g",,1.48,6.17,0,kg,€/Kg,,,https://driveimg1.intermarche.com/pt/Content/images/boitmal/produit/zoom/ECF2C8ABFC985CAC5B87AA78A2E96931.jpg,https://driveimg1.intermarche.com/pt/Content/images/boitmal/produit/zoom/8E23B17512BCD2C444A6228885CC4217.jpg,https://driveimg1.intermarche.com/pt/Content/images/boitmal/produit/zoom/8E23B17512BCD2C444A6228885CC4217.jpg,https://driveimg1.intermarche.com/pt/Content/images/boitmal/produit/zoom/8E23B17512BCD2C444A6228885CC4217.jpg,https://driveimg1.intermarche.com/pt/Content/images/boitmal/produit/zoom/8E23B17512BCD2C444A6228885CC4217.jpg,2025-05-14T23:59:59.999999999+01:00,PROSPECTUS,11,1,,
41065,5604649919805,300.0,Fruta,Abacate categoria II,Embalagem de 300 g,2.19,7.3,0,kg,€/Kg,,,https://driveimg1.intermarche.com/pt/Content/images/boitmal/produit/zoom/93A72763F7A087227DE3798E6EF50F82.jpg,,,,,2025-05-14T23:59:59.999999999+01:00,PROSPECTUS,11,1,,
41226,5601050036572,440.0,Danone,"Oikos morango, embalagem de 4 x 110g",,1.99,4.52,0,kg,€/Kg,,,https://driveimg1.intermarche.com/pt/Content/images/boitmal/produit/zoom/2653493E2B1190B7D8AE6B95BAB9D958.jpg,,,,,2025-05-14T23:59:59.999999999+01:00,PROSPECTUS,11,1,,
41651,5604260303229,1000.0,PorSi,Batata pré-frita palitos finos,Embalagem de 1 kg,1.85,1.85,0,kg,€/Kg,,Tipo de stockagem,https://driveimg1.intermarche.com/pt/Content/images/boitmal/produit/zoom/F51FA693BED4E1C77A9C13BCD5F78809.jpg,,,,,2025-05-14T23:59:59.999999999+01:00,PROSPECTUS,11,1,,
43396,5604260308620,150.0,PorSi,Dentes de alho Categoria: II,Embalagem de 150 g,1.19,7.93,0,kg,€/Kg,,,https://driveimg1.intermarche.com/pt/Content/images/boitmal/produit/zoom/E6A76E6A0AA9CD40C780B4C08C98D392.jpg,,,,,2025-05-14T23:59:59.999999999+01:00,PROSPECTUS,11,1,,
44419,5604260312306,750.0,PorSi,"Frutos vermelhos, embalagem de 750g",,2.79,3.72,0,kg,€/Kg,,Tipo de stockagem,https://driveimg1.intermarche.com/pt/Content/images/boitmal/produit/zoom/785A65F9402578C3254D4412BB4E0CE5.jpg,,,,,2025-05-14T23:59:59.999999999+01:00,PROSPECTUS,11,1,,
46601,5604260316649,185.0,PorSi,Bolachas shortcake cacau,Embalagem de 185 g,1.19,6.43,0,kg,€/Kg,,,https://driveimg1.intermarche.com/pt/Content/images/boitmal/produit/zoom/6086A47CC217B67152043206F28BBA83.jpg,,,,,2025-05-14T23:59:59.999999999+01:00,PROSPECTUS,11,1,,
46715,5604260318759,,PorSi,Papel higiénico branco folha quadrupla,12 rolos,5.05,5.05,0,,€/Unidade,,,https://driveimg1.intermarche.com/pt/Content/images/boitmal/produit/zoom/71B84E02290AD35D82ACC6CF2D01690A.jpg,,,,,2025-05-14T23:59:59.999999999+01:00,PROSPECTUS,11,1,,
48093,5604260322459,85.0,PorSi Select,Comida húmida gato adulto c/ peixe,Embalagem de 85g,0.59,6.94,0,kg,€/Kg,,,https://driveimg1.intermarche.com/pt/Content/images/boitmal/produit/zoom/82A558BEAF47320C40149C066B08F2E8.jpg,,,,,2025-05-14T23:59:59.999999999+01:00,PROSPECTUS,11,1,,
48433,5606999034627,500.0,Zespri,Kiwi,embalagem de 500 g,2.89,5.78,0,kg,€/Kg,,,https://driveimg1.intermarche.com/pt/Content/images/boitmal/produit/zoom/34EBA363B12F1AAFEAFEDD5AF1DD43B7.jpg,,,,,2025-05-14T23:59:59.999999999+01:00,PROSPECTUS,11,1,,
4947,5449000054227,1000.0,Coca-Cola,"Refrigerante com Gás Cola, 1L",,1.35,1.35,1000,L,€/L,,,https://driveimg1.intermarche.com/pt/Content/images/boitmal/produit/zoom/3281D4D34500D6DBD7784B7DAA420E55.jpg,,,,,2025-05-14T23:59:59.999999999+01:00,PROSPECTUS,11,1,,
5095,5601050026405,300.0,Danone,"Queijinho dadoninho petitdino de morango, embalagem de 6 x 50g",,1.99,6.63,0,kg,€/Kg,,,https://driveimg1.intermarche.com/pt/Content/images/boitmal/produit/zoom/285FD05A8135D405134AF6FB325A781F.jpg,,,,,2025-05-14T23:59:59.999999999+01:00,PROSPECTUS,11,1,,
5096,5601050026429,300.0,Danonino Danone,"Queijinho danonino petitdino de morango/banana, embalagem de 6 x 50g",,1.99,6.63,0,kg,€/Kg,,,https://driveimg1.intermarche.com/pt/Content/images/boitmal/produit/zoom/FA8D1A9125B498992C62B9745CC5DD3D.jpg,,,,,2025-05-14T23:59:59.999999999+01:00,PROSPECTUS,11,1,,
51314,5601066200745,800.0,Nacional,"Farinha de aveia integral, 800g",,1.39,1.74,0,kg,€/Kg,,,https://driveimg1.intermarche.com/pt/Content/images/boitmal/produit/zoom/235C10960E97294CC4CDC7A584513052.jpg,,,,,2025-05-14T23:59:59.999999999+01:00,PROSPECTUS,11,1,,
5243,5601151170755,410.0,Compal,"Feijão preto, lata de 410 ml",,1.09,2.66,410,L,€/L,,,https://driveimg1.intermarche.com/pt/Content/images/boitmal/produit/zoom/DF73EAA1B2C44B1F4CECF535DE17EB7C.jpg,,,,,2025-05-14T23:59:59.999999999+01:00,PROSPECTUS,11,1,,
54347,8435495843856,,Gama,"Detergente Roupa Máquina Líquido Jasmim, 100D",,9.99,9.99,0,,€/Unidade,,,https://driveimg1.intermarche.com/pt/Content/images/boitmal/produit/zoom/59368F24AEB9ACBEBF03B871B10185FE.jpg,,,,,2025-05-14T23:59:59.999999999+01:00,PROSPECTUS,11,1,,
5772,5604260025275,200.0,PorSi,"Fiambre extra, fatiado",Embalagem de 200g,1.99,9.95,0,kg,€/Kg,,,https://driveimg1.intermarche.com/pt/Content/images/boitmal/produit/zoom/3B7831E12BFDD22B7C9801E5C6E0914F.jpg,,,,,2025-05-14T23:59:59.999999999+01:00,PROSPECTUS,11,1,,
6278,8410001103877,,Scotch Brite,"Esfregão com Esponja Salva Unhas Fibra Verde Gama Classic, 2 unidades",,1.49,1.49,0,,€/Unidade,,,https://driveimg1.intermarche.com/pt/Content/images/boitmal/produit/zoom/8B050954A17B3AEE53D05423C2DB9B5C.jpg,,,,,2025-05-14T23:59:59.999999999+01:00,PROSPECTUS,11,1,,
7231,3059941005008,750.0,Harpic,"Gel wc tripla ação com lixívia, de 750 ml",,1.99,2.65,750,L,€/L,,,https://driveimg1.intermarche.com/pt/Content/images/boitmal/produit/zoom/709DE4E0C5656AA740292F75F71F1AE8.jpg,,,,,2025-05-14T23:59:59.999999999+01:00,PROSPECTUS,11,1,,
7244,3073781050196,140.0,A Vaca Que Ri,"Queijo em palitos, embalagem de 140g",,1.99,14.21,0,kg,€/Kg,,,https://driveimg1.intermarche.com/pt/Content/images/boitmal/produit/zoom/59688D92D0C575A8192F1081AFBE3DC1.jpg,,,,,2025-05-14T23:59:59.999999999+01:00,PROSPECTUS,11,1,,
8400,5601050033779,620.0,Danone,"Iogurte activia líquido cereais, embalagem de 4 x 155 g",,1.99,3.21,0,kg,€/Kg,,,https://driveimg1.intermarche.com/pt/Content/images/boitmal/produit/zoom/3AC3707CF655B8CC61D2C80E4828D7C8.jpg,,,,,2025-05-14T23:59:59.999999999+01:00,PROSPECTUS,11,1,,
8413,8410500008932,600.0,Danone,"Actimel iogurte líquido de morango, de 6 x 100g",,2.89,4.82,0,kg,€/Kg,,,https://driveimg1.intermarche.com/pt/Content/images/boitmal/produit/zoom/F5F985DE2C1FEBCCE4ED6002098F416C.jpg,,,,,2025-05-14T23:59:59.999999999+01:00,PROSPECTUS,11,2,,
9279,5603533652002,1000.0,Frize,"Água com gás limão, pack 4 x 0.25 l",,2.09,2.09,1000,L,€/L,,,https://driveimg1.intermarche.com/pt/Content/images/boitmal/produit/zoom/11B7A1FE3C8011649267813E9487639D.jpg,,,,,2025-05-14T23:59:59.999999999+01:00,PROSPECTUS,11,2,,
958,5601019012401,500.0,Guloso,Polpa de Tomate,Embalagem de 500g,1.09,2.18,0,kg,€/Kg,,,https://driveimg1.intermarche.com/pt/Content/images/boitmal/produit/zoom/0CE0E0ED1941D8AA40077B3BCCD426E3.jpg,,,,,2025-05-14T23:59:59.999999999+01:00,PROSPECTUS,11,2,,
1010,5601038300091,240.0,Knorr,"Caldo de galinha 24 cubos, embalagem de 240g",,2.49,10.38,0,kg,€/Kg,,,https://driveimg1.intermarche.com/pt/Content/images/boitmal/produit/zoom/4E25834255892D5C9C1047A286FE9847.jpg,,,,,2025-05-14T23:59:59.999999999+01:00,PROSPECTUS,11,2,,
1102,5601066200080,1000.0,Nacional,"Farinha rainha com fermento, embalagem de 1000g",,1.14,1.14,0,kg,€/Kg,,,https://driveimg1.intermarche.com/pt/Content/images/boitmal/produit/zoom/1F46A8407AE2757268DF4DF863DF2CF4.jpg,,,,,2025-05-14T23:59:59.999999999+01:00,PROSPECTUS,11,2,,
11403,5411188100324,500.0,Alpro,"Yofu com pedaços de mirtilo, embalagem de 4x125g",,2.54,5.08,0,kg,€/Kg,,,https://driveimg1.intermarche.com/pt/Content/images/boitmal/produit/zoom/959AD6E1E1A4574CF66E1AABCA7D1047.jpg,,,,,2025-05-14T23:59:59.999999999+01:00,PROSPECTUS,11,2,,
11755,5601511000623,400.0,Limiano,"Queijo fatias -50% de gordura, 400g",,4.19,10.48,0,kg,€/Kg,,,https://driveimg1.intermarche.com/pt/Content/images/boitmal/produit/zoom/1F49DD4803359F1338D0D32889490E90.jpg,,,,,2025-05-14T23:59:59.999999999+01:00,PROSPECTUS,11,2,,
11959,5603722504945,200.0,Mimosa,"Nata para culinária ligeira, embalagem de 200 ml",,0.89,4.45,200,L,€/L,,,https://driveimg1.intermarche.com/pt/Content/images/boitmal/produit/zoom/34074ECCE8C9D0028618D923D64DF04D.jpg,,,,,2025-05-14T23:59:59.999999999+01:00,PROSPECTUS,11,2,,
1279,5601151123362,1000.0,Bongo,"Néctar de 8 frutos, garrafa de 1l",,1.35,1.35,1000,L,€/L,,,https://driveimg1.intermarche.com/pt/Content/images/boitmal/produit/zoom/DDDD7150C72E25EE2FF7F3F4EC28BE9B.jpg,,,,,2025-05-14T23:59:59.999999999+01:00,PROSPECTUS,11,2,,
1287,5601151260753,410.0,Compal,"Grão de bico, lata de 410 ml",,1.09,2.66,410,L,€/L,,,https://driveimg1.intermarche.com/pt/Content/images/boitmal/produit/zoom/731C3C517063722402F07A7D8ECB2B92.jpg,,,,,2025-05-14T23:59:59.999999999+01:00,PROSPECTUS,11,2,,
13094,2893070000000,150.0,Peixaria,Carapau Médio Fresco,1 un = 150 gr (aprox.),0.52,3.49,0,,€/Kg,,,https://driveimg1.intermarche.com/pt/Content/images/boitmal/produit/zoom/9E2B2401113767EAD496436587CA5A46.jpg,,,,,2025-05-14T23:59:59.999999999+01:00,PROSPECTUS,11,2,,
13201,2893186000000,800.0,Peixaria,Pargo Mulato, 1un = 800 gr (aprox.),5.59,6.99,0,,€/Kg,,,https://driveimg1.intermarche.com/pt/Content/images/boitmal/produit/zoom/11C32BE0B2CE482787FEFB1794945225.jpg,,,,,2025-05-14T23:59:59.999999999+01:00,PROSPECTUS,11,2,,
13861,2691127000000,,Aves,Codornizes,1 un. = 150 g (aprox.),1.09,1.09,0,,€/Unidade,,,https://driveimg1.intermarche.com/pt/Content/images/boitmal/produit/zoom/49A0BEA3AB28A38ED8B2B84EBCB7B813.jpg,,,,,2025-05-14T23:59:59.999999999+01:00,PROSPECTUS,11,2,,
1437,5601260046101,1000.0,Saludães,Arroz Carolino,Embalagem de 1 kg,1.39,1.39,0,kg,€/Kg,,,https://driveimg1.intermarche.com/pt/Content/images/boitmal/produit/zoom/844734F94E64C7EE2E76F0FC068B9A4B.jpg,,,,,2025-05-14T23:59:59.999999999+01:00,PROSPECTUS,11,2,,
14510,5411188116592,1000.0,Alpro,"Bebida coco, embalagem de 1l",,1.99,1.99,1000,L,€/L,,,https://driveimg1.intermarche.com/pt/Content/images/boitmal/produit/zoom/3169716B6C6ACB981FBF106D130524DA.jpg,,,,,2025-05-14T23:59:59.999999999+01:00,PROSPECTUS,11,2,,
1453,5601286207579,500.0,Milaneza,"Massa para lasanha com ovo, embalagem de 500g",,1.93,3.86,0,kg,€/Kg,,,https://driveimg1.intermarche.com/pt/Content/images/boitmal/produit/zoom/CF24B89A0856350191ED577D5DB60D92.jpg,,,,,2025-05-14T23:59:59.999999999+01:00,PROSPECTUS,11,2,,
14879,2696313000000,,Pastelaria,Croissant Brioche 85 g,,0.59,0.59,0,,€/Unidade,,,https://driveimg1.intermarche.com/pt/Content/images/boitmal/produit/zoom/53A872BBC45BBDDAC9749CC51F8CB1EC.jpg,,,,,2025-05-14T23:59:59.999999999+01:00,PROSPECTUS,11,2,,
15687,5000116109234,700.0,Iglo,"Ervilhas, embalagem de 700g",,3.39,4.84,0,kg,€/Kg,,Tipo de stockagem,https://driveimg1.intermarche.com/pt/Content/images/boitmal/produit/zoom/AC9F197DD289CE6E6A9903FC824FDD75.jpg,,,,,2025-05-14T23:59:59.999999999+01:00,PROSPECTUS,11,2,,
17595,5411188115366,1000.0,Alpro,"Bebida aveia, embalagem de 1 litro",,1.99,1.99,1000,L,€/L,,,https://driveimg1.intermarche.com/pt/Content/images/boitmal/produit/zoom/F5E08DFF719942D46F9D4BF500500435.jpg,,,,,2025-05-14T23:59:59.999999999+01:00,PROSPECTUS,11,2,,
18024,2696283000000,250.0,Pastelaria,"Baguete Constance Cereais, 250 g",,1.09,4.36,0,kg,€/Kg,,,https://driveimg1.intermarche.com/pt/Content/images/boitmal/produit/zoom/CA22C31024FFE026D063A83A78526055.jpg,,,,,2025-05-14T23:59:59.999999999+01:00,PROSPECTUS,11,2,,
1847,5604260301683,540.0,PorSi,Feijão branco,Embalagem de 540g,0.89,1.65,0,kg,€/Kg,,,https://driveimg1.intermarche.com/pt/Content/images/boitmal/produit/zoom/65F3549F5DD8B5CB836B8FAB01DCCC43.jpg,,,,,2025-05-14T23:59:59.999999999+01:00,PROSPECTUS,11,2,,
18596,8410500016029,400.0,Danone,"Iogurte líquido danonino morango/banana, embalagem de 4 x 100 g",,1.99,4.98,0,kg,€/Kg,,,https://driveimg1.intermarche.com/pt/Content/images/boitmal/produit/zoom/79AABB1D751FE6F57112090F819DD6BE.jpg,,,,,2025-05-14T23:59:59.999999999+01:00,PROSPECTUS,11,2,,
19664,7613035655782,175.0,Nestlé,"Bebida de cereais e café mokambo intenso, embalagem de 180g",,4.09,23.37,0,kg,€/Kg,,,https://driveimg1.intermarche.com/pt/Content/images/boitmal/produit/zoom/1B5ECD51AB177A7D39D1661129EDF32C.jpg,,,,,2025-05-14T23:59:59.999999999+01:00,PROSPECTUS,11,2,,
19940,7613035619456,300.0,Nestlé,Granola aveia fitness mel,Embalagem de 300g,3.29,10.97,0,kg,€/Kg,,,https://driveimg1.intermarche.com/pt/Content/images/boitmal/produit/zoom/EAEAF515FE565B8F35270BCD3427077E.jpg,,,,,2025-05-14T23:59:59.999999999+01:00,PROSPECTUS,11,2,,
20366,7622210981141,150.0,Philadelphia,"Queijo creme de ervas finas, embalagem de 150g",,1.85,12.33,0,kg,€/Kg,,,https://driveimg1.intermarche.com/pt/Content/images/boitmal/produit/zoom/23968A9CE69CBDE38F833889E5601762.jpg,,,,,2025-05-14T23:59:59.999999999+01:00,PROSPECTUS,11,2,,
21051,8435257034300,640.0,Nestlé,"Iogurte líquido yoggi, sem lactose, morango, embalagem de 4 x 160g",,2.19,3.42,0,kg,€/Kg,,,https://driveimg1.intermarche.com/pt/Content/images/boitmal/produit/zoom/D5CB31CBF064EE8A66067DB03B82499E.jpg,,,,,2025-05-14T23:59:59.999999999+01:00,PROSPECTUS,11,2,,
2127,5604260252466,1500.0,PorSi,"Refrigerante sem gás de ananás, garrafa de 1,5 l",,1.04,0.69,1500,L,€/L,,,https://driveimg1.intermarche.com/pt/Content/images/boitmal/produit/zoom/F532EDAF65342EB9BC79081C1A71A96C.jpg,,,,,2025-05-14T23:59:59.999999999+01:00,PROSPECTUS,11,2,,
21442,5600744051051,198.0,Saborosa,"Bolacha de manteiga belga com chocolate branco, embalagem de 198 g",,1.79,9.04,0,kg,€/Kg,,,https://driveimg1.intermarche.com/pt/Content/images/boitmal/produit/zoom/95634BC2CC50F334D4F0AE7BB19F8AC6.jpg,,,,,2025-05-14T23:59:59.999999999+01:00,PROSPECTUS,11,2,,
22154,5603722514432,480.0,Mimosa,"Iogurte magro + gelatina framboesa, 4 x 120 g",,1.69,3.52,0,kg,€/Kg,,,https://driveimg1.intermarche.com/pt/Content/images/boitmal/produit/zoom/4B8FFB70093D642C712341C27C8C2BEC.jpg,,,,,2025-05-14T23:59:59.999999999+01:00,PROSPECTUS,11,2,,
22164,5601260254056,500.0,Saludães,"Arroz doce especial, embalagem de 500g",,0.83,1.66,0,kg,€/Kg,,,https://driveimg1.intermarche.com/pt/Content/images/boitmal/produit/zoom/C73C7DA612DE17339FC2172D24F6B83B.jpg,,,,,2025-05-14T23:59:59.999999999+01:00,PROSPECTUS,11,2,,
2266,5604260269877,375.0,PorSi,Cereais crack star,Embalagem de 375 g,1.59,4.24,0,kg,€/Kg,,,https://driveimg1.intermarche.com/pt/Content/images/boitmal/produit/zoom/D3DE182D0BB561EC7136A53236A81B49.jpg,,,,,2025-05-14T23:59:59.999999999+01:00,PROSPECTUS,11,2,,
2306,5604260271672,800.0,PorSi,Bacalhau posta média,Embalagem de 800g,6.49,8.11,0,kg,€/Kg,,Tipo de stockagem,https://driveimg1.intermarche.com/pt/Content/images/boitmal/produit/zoom/7BFB91B2030DFA8C523A88F3C016C8D9.jpg,,,,,2025-05-14T23:59:59.999999999+01:00,PROSPECTUS,11,2,,
23469,8410500020453,280.0,Danone,"Danonino para levar, polpa de morango, embalagem de 4 x 70 g",,2.14,7.64,0,kg,€/Kg,,,https://driveimg1.intermarche.com/pt/Content/images/boitmal/produit/zoom/3E7A122EA567C89446D113FF66BFA0AE.jpg,,,,,2025-05-14T23:59:59.999999999+01:00,PROSPECTUS,11,2,,
2395,5608516251012,280.0,Quinta de Jugais,"Doce de abóbora, embalagem de 280g",,2.39,8.54,0,kg,€/Kg,,,https://driveimg1.intermarche.com/pt/Content/images/boitmal/produit/zoom/AB6DD9E1B184FE9EE415A4FDA3D49CB5.jpg,,,,,2025-05-14T23:59:59.999999999+01:00,PROSPECTUS,11,2,,
24371,5601050033014,620.0,Danone,"Iogurte líquido pinacolada corpos danone, embalagem de 4 x 155g",,1.89,3.05,0,kg,€/Kg,,,https://driveimg1.intermarche.com/pt/Content/images/boitmal/produit/zoom/6B78DED571E8DAF3CF098A27E97064BA.jpg,,,,,2025-05-14T23:59:59.999999999+01:00,PROSPECTUS,11,2,,
2474,7613032408602,85.0,Purina Gourmet,"Comida húmida para gato vaca e frango, embalagem de 90g",,0.87,10.24,0,kg,€/Kg,,,https://driveimg1.intermarche.com/pt/Content/images/boitmal/produit/zoom/571C1A9D6D5EE4C101463565EC0CDDDE.jpg,,,,,2025-05-14T23:59:59.999999999+01:00,PROSPECTUS,11,2,,
25107,5601027001213,450.0,Panrico,Pão de forma s/ côdea,Embalagem de 450g,1.99,4.42,0,kg,€/Kg,,,https://driveimg1.intermarche.com/pt/Content/images/boitmal/produit/zoom/4415BD3C2611094550251BDA0956C144.jpg,,,,,2025-05-14T23:59:59.999999999+01:00,PROSPECTUS,11,2,,
25109,5601226041669,1000.0,Ucal,"Leite uht com chocolate, de 1 l",,2.25,2.25,1000,L,€/L,,,https://driveimg1.intermarche.com/pt/Content/images/boitmal/produit/zoom/738D47C205671FC9009C184DEADB5970.jpg,,,,,2025-05-14T23:59:59.999999999+01:00,PROSPECTUS,11,2,,
26305,8435495801542,510.0,Gama,Detergente Manual p/ Lavar Roupa Regular,Embalagem de 510 g,1.78,3.49,0,kg,€/Kg,,,https://driveimg1.intermarche.com/pt/Content/images/boitmal/produit/zoom/76A1C7555826705FB1747A251DD116A0.jpg,,,,,2025-05-14T23:59:59.999999999+01:00,PROSPECTUS,11,2,,
26596,8711000357484,,LOr,"Café forza intensidade 9, 10 cápsulas",,3.39,3.39,10,,€/Unidade,,,https://driveimg1.intermarche.com/pt/Content/images/boitmal/produit/zoom/5ACC49F694F43D6040AB862115E73E50.jpg,,,,,2025-05-14T23:59:59.999999999+01:00,PROSPECTUS,11,2,,
2780,8410199002303,96.0,Cheetos,"Aperitivos palitos, embalagem de 100g",,1.49,15.52,0,kg,€/Kg,,,https://driveimg1.intermarche.com/pt/Content/images/boitmal/produit/zoom/35C90C106FCD999188F46A491D275892.jpg,,,,,2025-05-14T23:59:59.999999999+01:00,PROSPECTUS,11,2,,
282,0000080361497,85.0,Purina Gourmet,"Comida húmida para gato pedacinhos em molho com salmão, embalagem de 90g",,0.87,10.24,0,kg,€/Kg,,,https://driveimg1.intermarche.com/pt/Content/images/boitmal/produit/zoom/F3269BDBEA9617D986C45DC8EC354AB3.jpg,,,,,2025-05-14T23:59:59.999999999+01:00,PROSPECTUS,11,2,,
29313,8710552260594,500.0,Calgon,"Anticalcário paramáquina roupa em pó, embalagem de 500g",,6.99,13.98,0,kg,€/Kg,,,https://driveimg1.intermarche.com/pt/Content/images/boitmal/produit/zoom/3E718FA9AB627D41193B01D91DE49D1F.jpg,,,,,2025-05-14T23:59:59.999999999+01:00,PROSPECTUS,11,2,,
29899,2696008000000,,Padaria,Bola Rústica,85 g,0.27,0.27,0,,€/Unidade,,,https://driveimg1.intermarche.com/pt/Content/images/boitmal/produit/zoom/06C705452DA793A390CC49C0690F6BDD.jpg,,,,,2025-05-14T23:59:59.999999999+01:00,PROSPECTUS,11,2,,
300,0011210000889,60.0,Tabasco,Molho picante,Garrafa de 60 ml,2.49,41.5,60,L,€/L,,,https://driveimg1.intermarche.com/pt/Content/images/boitmal/produit/zoom/513E7907BD2D93422664E790FE0A1850.jpg,,,,,2025-05-14T23:59:59.999999999+01:00,PROSPECTUS,11,2,,
30638,5607233511584,435.0,Panrico,Pão de Forma Cerealia 14 Cereais e Sementes 0% Açúcares,Embalagem de 440g,1.99,4.57,0,kg,€/Kg,,,https://driveimg1.intermarche.com/pt/Content/images/boitmal/produit/zoom/80E82D3789FD680BAAA3FD45989D08CD.jpg,,,,,2025-05-14T23:59:59.999999999+01:00,PROSPECTUS,11,2,,
31194,5600826203064,1000.0,Prozis,"Manteiga de amendoim cremosa, 1 kg",,6.49,6.49,0,kg,€/Kg,,,https://driveimg1.intermarche.com/pt/Content/images/boitmal/produit/zoom/E93C31A3BE125F97950BDB4C263E77D4.jpg,,,,,2025-05-14T23:59:59.999999999+01:00,PROSPECTUS,11,2,,
31437,5607233509048,475.0,Panrico,Pão de forma,Embalagem de 475g,1.59,3.35,0,kg,€/Kg,,,https://driveimg1.intermarche.com/pt/Content/images/boitmal/produit/zoom/D15F56450D2E6E808C4B9B6E3BBC8083.jpg,,,,,2025-05-14T23:59:59.999999999+01:00,PROSPECTUS,11,2,,
32306,8718951202979,500.0,Palmolive,"Gel de banho naturals amêndoa e leite, 500 ml",,2.69,5.38,500,L,€/L,,,https://driveimg1.intermarche.com/pt/Content/images/boitmal/produit/zoom/F33F92F4F53A6A0ED534C67B846C0ABA.jpg,,,,,2025-05-14T23:59:59.999999999+01:00,PROSPECTUS,11,2,,
33456,5602024083271,,Discovery,Papel para fotocópia A4 75g,1 embalagem,3.99,3.99,0,,€/Unidade,,,https://driveimg1.intermarche.com/pt/Content/images/boitmal/produit/zoom/86F7AE55E4E7DD8369903C357C2538C5.jpg,https://driveimg1.intermarche.com/pt/Content/images/boitmal/produit/zoom/1C41C21A89E7537E8B6FCC784DB650C6.jpg,https://driveimg1.intermarche.com/pt/Content/images/boitmal/produit/zoom/1C41C21A89E7537E8B6FCC784DB650C6.jpg,,,2025-05-14T23:59:59.999999999+01:00,PROSPECTUS,11,2,,
35418,8410436321167,100.0,Sonasol,Bloco sanitário desinfetante eucalipto,Embalagem de 2 x 50 g,3.99,39.9,0,kg,€/Kg,,,https://driveimg1.intermarche.com/pt/Content/images/boitmal/produit/zoom/2218A2279726B6E8FC50ECCA7B714890.jpg,,,,,2025-05-14T23:59:59.999999999+01:00,PROSPECTUS,11,2,,
35441,5604260291168,780.0,PorSi,Cogumelos laminados,780 g,2.19,2.81,0,kg,€/Kg,,,https://driveimg1.intermarche.com/pt/Content/images/boitmal/produit/zoom/F874C2D913FFAAA6855A523B2803F053.jpg,,,,,2025-05-14T23:59:59.999999999+01:00,PROSPECTUS,11,2,,
35559,5601151973738,3500.0,Pepsi,"Refrigerante com gás max zero, pack de 2 x 1.75 l",,2.69,0.77,3500,L,€/L,,,https://driveimg1.intermarche.com/pt/Content/images/boitmal/produit/zoom/698445C2558FCB105ECA616759C001D7.jpg,,,,,2025-05-14T23:59:59.999999999+01:00,PROSPECTUS,11,2,,
35704,3021768203639,360.0,Gogo,"Conjunto de saquetas de fruta maçã e banana, embalagem de 4 x 90g",,2.69,7.47,0,kg,€/Kg,,,https://driveimg1.intermarche.com/pt/Content/images/boitmal/produit/zoom/3B0800B00BAA9EFC0F6FD35BCC52240D.jpg,,,,,2025-05-14T23:59:59.999999999+01:00,PROSPECTUS,11,2,,
35913,5603722498022,800.0,Mimosa,"Leite bem essencial morango , embalagem de 4 x 200 ml",,1.69,2.11,800,L,€/L,,,https://driveimg1.intermarche.com/pt/Content/images/boitmal/produit/zoom/4B6AB6C5E199D6DAC849805FE4702BB4.jpg,,,,,2025-05-14T23:59:59.999999999+01:00,PROSPECTUS,11,2,,
36522,5604260292042,,PorSi,Papel higiénico macio absorvente,12 rolos,2.59,2.59,0,,€/Unidade,,,https://driveimg1.intermarche.com/pt/Content/images/boitmal/produit/zoom/D318BE4DBCFF35CA91905AD52A968BEC.jpg,,,,,2025-05-14T23:59:59.999999999+01:00,PROSPECTUS,11,2,,
372,8711200532391,260.0,Calvé,"Molho big burguer, embalagem de 260g",,1.94,7.46,0,kg,€/Kg,,,https://driveimg1.intermarche.com/pt/Content/images/boitmal/produit/zoom/274182EF6D0EFA8A84998CA913A7016C.jpg,https://driveimg1.intermarche.com/pt/Content/images/boitmal/produit/zoom/122719564EBC4BB4D52F039A6C0EDAF1.jpg,,,,2025-05-14T23:59:59.999999999+01:00,PROSPECTUS,11,2,,
37497,5604260300853,240.0,PorSi,Atum em azeite,Embalagem de 3 x 80 g,2.49,10.38,0,kg,€/Kg,,,https://driveimg1.intermarche.com/pt/Content/images/boitmal/produit/zoom/5B0CFD1CAA62483AB74137C1CB8E4DFF.jpg,,,,,2025-05-14T23:59:59.999999999+01:00,PROSPECTUS,11,2,,
37599,5604260296736,200.0,PorSi,Queijo emmental ralado,Embalagem de 200 g,1.79,8.95,0,kg,€/Kg,,,https://driveimg1.intermarche.com/pt/Content/images/boitmal/produit/zoom/F04EBAB4832A0DA9BCFCD22BDA4669B8.jpg,,,,,2025-05-14T23:59:59.999999999+01:00,PROSPECTUS,11,2,,
37603,5601244700005,250.0,Terra Nostra,"Manteiga sem sal terra nostra, embalagem de 250g",,2.19,8.76,0,kg,€/Kg,,,https://driveimg1.intermarche.com/pt/Content/images/boitmal/produit/zoom/825AD5ABA4663129CA24B0F2114DECAD.jpg,,,,,2025-05-14T23:59:59.999999999+01:00,PROSPECTUS,11,2,,
37604,5601244500148,1000.0,Terra Nostra,"Leite pastagem uht terra nostra inteiro, de 1l",,1.0,1.0,1000,L,€/L,,,https://driveimg1.intermarche.com/pt/Content/images/boitmal/produit/zoom/FD5D7959D64996AF38252024C576D1F9.jpg,https://driveimg1.intermarche.com/pt/Content/images/boitmal/produit/zoom/CA7222E1CEE2BE2C3D48716FA51D8421.jpg,,,,2025-05-14T23:59:59.999999999+01:00,PROSPECTUS,11,2,,
37744,5604260301805,540.0,PorSi,Feijão manteiga,Frasco com 540 g,0.89,1.65,0,kg,€/Kg,,,https://driveimg1.intermarche.com/pt/Content/images/boitmal/produit/zoom/B9B74EE9D5F4C86738772A5B6758433E.jpg,,,,,2025-05-14T23:59:59.999999999+01:00,PROSPECTUS,11,2,,
37778,8710847944420,500.0,Skip,"Tira nódoas em spray, embalagem de 500 ml",,2.99,5.98,500,L,€/L,,,https://driveimg1.intermarche.com/pt/Content/images/boitmal/produit/zoom/5DB69985383F70611DE6A7DD77E8F30A.jpg,,,,,2025-05-14T23:59:59.999999999+01:00,PROSPECTUS,11,2,,
38417,5411188124689,1000.0,Alpro,"Bebida aveia sem açúcar, embalagem de 1l",,2.49,2.49,1000,L,€/L,,,https://driveimg1.intermarche.com/pt/Content/images/boitmal/produit/zoom/242D83F75D71A1E8390A9D4AC652F0B9.jpg,,,,,2025-05-14T23:59:59.999999999+01:00,PROSPECTUS,11,2,,
40552,5604260295364,1500.0,PorSi,Refrigerante sem gás de laranja e cenoura,Embalagem de 1.5 litros,1.39,0.93,1500,L,€/L,,,https://driveimg1.intermarche.com/pt/Content/images/boitmal/produit/zoom/FB9B94F7EB4C28BFE7144B63CAF7080D.jpg,,,,,2025-05-14T23:59:59.999999999+01:00,PROSPECTUS,11,2,,
40593,5603722519406,480.0,Mimosa,"Iogurte fruta batida morango, 4 x 120 g",,1.69,3.52,0,kg,€/Kg,,,https://driveimg1.intermarche.com/pt/Content/images/boitmal/produit/zoom/41C5135F0F8227064BFED500C982147E.jpg,,,,,2025-05-14T23:59:59.999999999+01:00,PROSPECTUS,11,2,,
40969,5601151972557,1000.0,Frize,"Água com gás sabor a maracujá, pack 4x 0,25l",,2.09,2.09,1000,L,€/L,,,https://driveimg1.intermarche.com/pt/Content/images/boitmal/produit/zoom/AF6318AC77392E694BAA2AC34B4CAA04.jpg,,,,,2025-05-14T23:59:59.999999999+01:00,PROSPECTUS,11,2,,
40974,8711327407121,2000.0,Lipton,Ice tea de limão zero açúcar garrafa 2 l,,2.39,1.2,2000,L,€/L,,,https://driveimg1.intermarche.com/pt/Content/images/boitmal/produit/zoom/01B1D0B046262E5013625D98284F67D4.jpg,,,,,2025-05-14T23:59:59.999999999+01:00,PROSPECTUS,11,2,,
41297,5601050036534,440.0,Danone,"Iogurte oikos pêssego, embalagem de 4 x 110g",,1.99,4.52,0,kg,€/Kg,,,https://driveimg1.intermarche.com/pt/Content/images/boitmal/produit/zoom/C2BCC90FB2B192B3C8BC1E9CCF0DA4AF.jpg,,,,,2025-05-14T23:59:59.999999999+01:00,PROSPECTUS,11,2,,
41298,5601050036541,440.0,Danone,"Iogurte oikos natural,  4 x 110g",,2.49,5.66,0,kg,€/Kg,,,https://driveimg1.intermarche.com/pt/Content/images/boitmal/produit/zoom/100CC1C1966D7A85865BF44E424F358B.jpg,,,,,2025-05-14T23:59:59.999999999+01:00,PROSPECTUS,11,2,,
41640,5604260301737,540.0,PorSi,Feijão encarnado em frasco,frasco de 540 g,0.89,1.65,0,kg,€/Kg,,,https://driveimg1.intermarche.com/pt/Content/images/boitmal/produit/zoom/C91F959C8FD02C2055DD0A1A4950A458.jpg,,,,,2025-05-14T23:59:59.999999999+01:00,PROSPECTUS,11,2,,
41874,8718951313316,75.0,Colgate,"Pasta dentífrica cool mint, 75 ml",,2.15,28.67,75,L,€/L,,,https://driveimg1.intermarche.com/pt/Content/images/boitmal/produit/zoom/2DAA61BE6D06A4399D41EFB19DA0D088.jpg,,,,,2025-05-14T23:59:59.999999999+01:00,PROSPECTUS,11,2,,
41979,5601050036244,160.0,Danone,"Yopro manteiga amendoim banana, embalagem de 160g",,1.09,6.81,0,kg,€/Kg,,,https://driveimg1.intermarche.com/pt/Content/images/boitmal/produit/zoom/FA86300496543407BC1BC50B2C72D742.jpg,,,,,2025-05-14T23:59:59.999999999+01:00,PROSPECTUS,11,2,,
42080,5604260300839,240.0,PorSi,Atum posta ao natural 3x80g,Embalagem de 240g,1.99,8.29,0,kg,€/Kg,,,https://driveimg1.intermarche.com/pt/Content/images/boitmal/produit/zoom/C5914719B6B587B46241502983E2A93F.jpg,,,,,2025-05-14T23:59:59.999999999+01:00,PROSPECTUS,11,2,,
43316,8711000470961,,LOr,"Café barista, 10 cápsulas",,3.39,3.39,10,,€/Unidade,,,https://driveimg1.intermarche.com/pt/Content/images/boitmal/produit/zoom/E072038BF4C10BF71BF3C7D074D004A0.jpg,,,,,2025-05-14T23:59:59.999999999+01:00,PROSPECTUS,11,2,,
43763,7613038110295,,Nescafé,"Cápsulas café ristretto napoli intensidade 13, 30 capsulas",,9.99,9.99,30,,€/Unidade,,,https://driveimg1.intermarche.com/pt/Content/images/boitmal/produit/zoom/ED8F7D7F4F41519AE941D5A6761C77F5.jpg,,,,,2025-05-14T23:59:59.999999999+01:00,PROSPECTUS,11,2,,
44234,8710522854815,257.0,Calvé,"Mostarda top down, embalagem de 257g",,1.68,6.54,0,kg,€/Kg,,,https://driveimg1.intermarche.com/pt/Content/images/boitmal/produit/zoom/63AC7BC5BB2C7D5CE58B458BE855CC4A.jpg,,,,,2025-05-14T23:59:59.999999999+01:00,PROSPECTUS,11,2,,
44240,8410500010539,1200.0,Danone,"Iogurte líquido de morango kids, pack 12 x 100 g",,4.99,4.16,0,kg,€/Kg,,,https://driveimg1.intermarche.com/pt/Content/images/boitmal/produit/zoom/675F0D6784FF916C81A6BE90AA600C99.jpg,,,,,2025-05-14T23:59:59.999999999+01:00,PROSPECTUS,11,2,,
44264,5603722517136,200.0,Mimosa,"Nata cremosa sem lactose, 200 ml",,0.99,4.95,200,L,€/L,,,https://driveimg1.intermarche.com/pt/Content/images/boitmal/produit/zoom/8BEE16017818634A0906C7EEA760EC96.jpg,,,,,2025-05-14T23:59:59.999999999+01:00,PROSPECTUS,11,2,,
44389,8410001134925,,Scotch Brite,Esfregão com Esponja Fibra Verde Gama Classic,,0.99,0.99,1,,€/Unidade,,,https://driveimg1.intermarche.com/pt/Content/images/boitmal/produit/zoom/3954153DE4DE2D0BCA44A93DDFAD6FB0.jpg,,,,,2025-05-14T23:59:59.999999999+01:00,PROSPECTUS,11,2,,
44715,5600961109672,250.0,Prozis,"Manteiga de amendoim cremosa, 250g",,2.34,9.36,0,kg,€/Kg,,,https://driveimg1.intermarche.com/pt/Content/images/boitmal/produit/zoom/3CEEBB25BE3616DCE7F29C8CA9E9FCD3.jpg,,,,,2025-05-14T23:59:59.999999999+01:00,PROSPECTUS,11,2,,
44716,5600961109689,250.0,Prozis,"Manteiga de amendoim crocante, 250g",,2.34,9.36,0,kg,€/Kg,,,https://driveimg1.intermarche.com/pt/Content/images/boitmal/produit/zoom/E30480D83856A991B8DDEB5DD0E60694.jpg,,,,,2025-05-14T23:59:59.999999999+01:00,PROSPECTUS,11,2,,
45431,5601050036893,300.0,Danone,"Yopro líquido manga, embalagem de 300g",,1.99,6.63,0,kg,€/Kg,,,https://driveimg1.intermarche.com/pt/Content/images/boitmal/produit/zoom/1E004FD89D8A20EC3FC964ADAE11A7AF.jpg,,,,,2025-05-14T23:59:59.999999999+01:00,PROSPECTUS,11,2,,
46185,5601050037203,440.0,Danone,"Iogurte oikos coco, embalagem de 4 x 110g",,1.99,4.52,0,kg,€/Kg,,,https://driveimg1.intermarche.com/pt/Content/images/boitmal/produit/zoom/61327B54ADC5403B46177C1EF4A095FB.jpg,,,,,2025-05-14T23:59:59.999999999+01:00,PROSPECTUS,11,2,,
46517,5000204208917,750.0,Pato,"Líquido sanitário ação total pinho, 750 ml",,1.94,2.59,750,L,€/L,,,https://driveimg1.intermarche.com/pt/Content/images/boitmal/produit/zoom/08C17A1F547C898E2E6E9CBB3441BB2A.jpg,,,,,2025-05-14T23:59:59.999999999+01:00,PROSPECTUS,11,2,,
47038,5010338200039,120.0,Bluedragon,"Molho para saltear agridoce blue dragon, embalagem de 120g",,1.69,14.08,0,kg,€/Kg,,,https://driveimg1.intermarche.com/pt/Content/images/boitmal/produit/zoom/279414B97F22AC4861EE1956658F0587.jpg,,,,,2025-05-14T23:59:59.999999999+01:00,PROSPECTUS,11,2,,
47106,7613287613806,,Nescafé,"Café espresso buondi intenso, 16 cápsulas",,8.99,8.99,30,,€/Unidade,,,https://driveimg1.intermarche.com/pt/Content/images/boitmal/produit/zoom/E40A3E7241DABB11EAC194DA9AD5C029.jpg,,,,,2025-05-14T23:59:59.999999999+01:00,PROSPECTUS,11,2,,
47109,7613287218704,110.0,Nestlé,"Bolsitas de puré de 4 frutas, embalagem de 110g",,0.73,6.64,0,kg,€/Kg,,,https://driveimg1.intermarche.com/pt/Content/images/boitmal/produit/zoom/AAE972318DF3C7B29E7A2F9B4E66DEFB.jpg,,,,,2025-05-14T23:59:59.999999999+01:00,PROSPECTUS,11,2,,
4756,5000204731866,269.0,Glade,"Recarga ambientador automático, lavanda, 269 ml",,3.49,12.97,269,L,€/L,,,https://driveimg1.intermarche.com/pt/Content/images/boitmal/produit/zoom/6F255C06BE26BDBD3EF56DDC7CB885D5.jpg,,,,,2025-05-14T23:59:59.999999999+01:00,PROSPECTUS,11,2,,
48094,5604260322442,85.0,PorSi Select,Comida húmida gato júnior c/ frango,Embalagem de 85g,0.59,6.94,0,kg,€/Kg,,,https://driveimg1.intermarche.com/pt/Content/images/boitmal/produit/zoom/3352261172FA59311C61D26CA02A331E.jpg,,,,,2025-05-14T23:59:59.999999999+01:00,PROSPECTUS,11,2,,
48551,7613287300393,,Nescafé,Nescafe portion coffee systems nescafé dolce gusto 186 g,,9.49,9.49,30,,€/Unidade,,,https://driveimg1.intermarche.com/pt/Content/images/boitmal/produit/zoom/E649FC664013B58BF3328022DDE18A28.jpg,,,,,2025-05-14T23:59:59.999999999+01:00,PROSPECTUS,11,2,,
4930,5410101015011,300.0,Glade,"Ambientador spray, aerosol, lavanda",Embalagem de 300 ml,1.79,5.97,300,L,€/L,,,https://driveimg1.intermarche.com/pt/Content/images/boitmal/produit/zoom/2A6ECB4C1CB2E526389623176AD8AD79.jpg,,,,,2025-05-14T23:59:59.999999999+01:00,PROSPECTUS,11,2,,
49767,5601151969106,1000.0,Frize,"Água com gás ananás, pack 4 x 0.25 l",,2.09,2.09,1000,L,€/L,,,https://driveimg1.intermarche.com/pt/Content/images/boitmal/produit/zoom/894FBD4D289713EED7DB570E33675A74.jpg,,,,,2025-05-14T23:59:59.999999999+01:00,PROSPECTUS,11,2,,
49981,3021761207269,360.0,Gogo,"Conjunto de saquetas de fruta multifrutos, embalagem de 360g",,2.69,7.47,0,kg,€/Kg,,,https://driveimg1.intermarche.com/pt/Content/images/boitmal/produit/zoom/1FA9F30217D7DE96A61A6082D1C5EF70.jpg,,,,,2025-05-14T23:59:59.999999999+01:00,PROSPECTUS,11,2,,
50033,5601050037593,300.0,Yopro,"Iogurte liquido pêssego maragujá, 300g",,1.99,6.63,0,kg,€/Kg,,,https://driveimg1.intermarche.com/pt/Content/images/boitmal/produit/zoom/FBD4E9C7CBF6F8731249673D25B3B2EC.jpg,,,,,2025-05-14T23:59:59.999999999+01:00,PROSPECTUS,11,2,,
5032,5601028009164,,Renova,Papel Higiénico Super Folha Dupla,Embalagem 48 Unidades,9.49,9.49,0,,€/Unidade,,,https://driveimg1.intermarche.com/pt/Content/images/boitmal/produit/zoom/DAC7C97D0E281172DFC4FCEA24E5A707.jpg,,,,,2025-05-14T23:59:59.999999999+01:00,PROSPECTUS,11,2,,
50393,5411188136613,1000.0,Alpro,"Bebida de aveia not milk clássica vegan, de 1 l",,1.99,1.99,1000,L,€/L,,,https://driveimg1.intermarche.com/pt/Content/images/boitmal/produit/zoom/6821B4EC371AD517DBE48650010725D9.jpg,,,,,2025-05-14T23:59:59.999999999+01:00,PROSPECTUS,11,2,,
50654,7613287218797,110.0,Nestlé,"Saqueta de fruta banana e morango +12m, 110g",,0.73,6.64,0,kg,€/Kg,,,https://driveimg1.intermarche.com/pt/Content/images/boitmal/produit/zoom/F59987C4DA3FED323F3E6B858D23FD51.jpg,,,,,2025-05-14T23:59:59.999999999+01:00,PROSPECTUS,11,2,,
50954,8006540767689,,Fairy,Detergente Loiça Máquina Ultra,53 pastilhas,13.99,13.99,0,,€/Unidade,,,https://driveimg1.intermarche.com/pt/Content/images/boitmal/produit/zoom/B8715491007747823440062BA929A0DC.jpg,,,,,2025-05-14T23:59:59.999999999+01:00,PROSPECTUS,11,2,,
51288,5601066200721,900.0,Nacional,"Farinha de centeio, 900g",,1.09,1.21,0,kg,€/Kg,,,https://driveimg1.intermarche.com/pt/Content/images/boitmal/produit/zoom/E8ECE45BABDB8177E81042B4F2239B24.jpg,,,,,2025-05-14T23:59:59.999999999+01:00,PROSPECTUS,11,2,,
5135,5601077111023,750.0,Velhotes,"Vinho do porto tawny, garrafa de 0,75 l",,5.49,7.32,750,L,€/L,,,https://driveimg1.intermarche.com/pt/Content/images/boitmal/produit/zoom/C1D5B8EA9BF6276DDBD0FBBB4AE1E08B.jpg,,,,,2025-05-14T23:59:59.999999999+01:00,PROSPECTUS,11,3,,
5163,5601119225459,110.0,Nobre,"Peito de peru fatias finas, embalagem de 110g",,2.19,19.91,0,kg,€/Kg,,,https://driveimg1.intermarche.com/pt/Content/images/boitmal/produit/zoom/974FB18B55CA4E77D8BC07F3A9C285B6.jpg,,,,,2025-05-14T23:59:59.999999999+01:00,PROSPECTUS,11,3,,
51783,5604260327676,1000.0,PorSi,"Iogurte Liquido Morango e Banana, 1 kg",,1.59,1.59,0,kg,€/Kg,,,https://driveimg1.intermarche.com/pt/Content/images/boitmal/produit/zoom/568FFCB442AD5B312FACD9B2980ADD4A.jpg,,,,,2025-05-14T23:59:59.999999999+01:00,PROSPECTUS,11,3,,
51853,8720182470133,447.0,Calvé,"Maionese magra, embalagem de 447g",,2.39,5.35,0,kg,€/Kg,,,https://driveimg1.intermarche.com/pt/Content/images/boitmal/produit/zoom/669DCF67630FE8FCA748AC7DC2CB15C7.jpg,,,,,2025-05-14T23:59:59.999999999+01:00,PROSPECTUS,11,3,,
51896,8719200253377,400.0,Planta,"Creme vegetal para barrar original, 400g",,2.54,6.35,0,kg,€/Kg,,,https://driveimg1.intermarche.com/pt/Content/images/boitmal/produit/zoom/0265DFAAA6CC23B5D28B5523E860ECEF.jpg,,,,,2025-05-14T23:59:59.999999999+01:00,PROSPECTUS,11,3,,
51917,8410500020644,280.0,Danone,Iogurte infantil danonino morango banana 4x70g,,2.14,7.64,0,kg,€/Kg,,,https://driveimg1.intermarche.com/pt/Content/images/boitmal/produit/zoom/3220973BC3DB4CAD23E73E6374D1D5D5.jpg,,,,,2025-05-14T23:59:59.999999999+01:00,PROSPECTUS,11,3,,
52335,8720181392979,1368.0,Comfort,"Amaciador roupa concentrado creations angélicas e flor de baunilha, 76 doses",,3.99,2.92,1368,L,€/L,,,https://driveimg1.intermarche.com/pt/Content/images/boitmal/produit/zoom/504638FE0C01115A314811D8BC910186.jpg,,,,,2025-05-14T23:59:59.999999999+01:00,PROSPECTUS,11,3,,
52336,8720181392948,1368.0,Comfort,"Amaciador roupa concentrado creations leite de coco e óleo de argão, 76 doses",,3.99,2.92,1368,L,€/L,,,https://driveimg1.intermarche.com/pt/Content/images/boitmal/produit/zoom/C1D51042B82242C0A9A766394A73FCB2.jpg,,,,,2025-05-14T23:59:59.999999999+01:00,PROSPECTUS,11,3,,
52338,8720181392931,1368.0,Comfort,"Amaciador roupa concentrado creations jasmim e mirtilo, 76 doses",,3.99,2.92,1368,L,€/L,,,https://driveimg1.intermarche.com/pt/Content/images/boitmal/produit/zoom/6011DCF134621AA99ADEF13E90F43514.jpg,,,,,2025-05-14T23:59:59.999999999+01:00,PROSPECTUS,11,3,,
52378,8720181407130,1300.0,Cif,"Lava tudo vinagre, embalagem de 1,3l",,1.99,1.53,1300,L,€/L,,,https://driveimg1.intermarche.com/pt/Content/images/boitmal/produit/zoom/171393A645468062F81960E4867EA09F.jpg,https://driveimg1.intermarche.com/pt/Content/images/boitmal/produit/zoom/ACC8FB9EC20CE1255E2C2456FAF7B5E2.jpg,,,,2025-05-14T23:59:59.999999999+01:00,PROSPECTUS,11,3,,
52831,5411188139386,750.0,Alpro,"Bebida soja alto teor proteína, 750 ml",,1.59,2.12,750,L,€/L,,,https://driveimg1.intermarche.com/pt/Content/images/boitmal/produit/zoom/49ADB141EE7D3ED699ADC3A17F20F163.jpg,,,,,2025-05-14T23:59:59.999999999+01:00,PROSPECTUS,11,3,,
52889,8720181385094,945.0,Skip,"Detergente líquido máquina de roupa baby, 21 doses",,3.99,4.22,945,L,€/L,,,https://driveimg1.intermarche.com/pt/Content/images/boitmal/produit/zoom/88B9AA7AC23F4BC407E554F7DDCFF45B.jpg,https://driveimg1.intermarche.com/pt/Content/images/boitmal/produit/zoom/F71A2C4911172C11157AB331E2B3BEF3.jpg,https://driveimg1.intermarche.com/pt/Content/images/boitmal/produit/zoom/F71A2C4911172C11157AB331E2B3BEF3.jpg,,,2025-05-14T23:59:59.999999999+01:00,PROSPECTUS,11,3,,
52957,5449000273666,1000.0,Coca-Cola,Refrigerante zero com gás lima de 1 litro,,1.22,1.22,1000,L,€/L,,,https://driveimg1.intermarche.com/pt/Content/images/boitmal/produit/zoom/8811CE5F5F34EDCF194A9D8CB568CB91.jpg,https://driveimg1.intermarche.com/pt/Content/images/boitmal/produit/zoom/3EDDFFF905A664833A2724EDFA3DF928.jpg,https://driveimg1.intermarche.com/pt/Content/images/boitmal/produit/zoom/3EDDFFF905A664833A2724EDFA3DF928.jpg,,,2025-05-14T23:59:59.999999999+01:00,PROSPECTUS,11,3,,
52960,5411188136866,340.0,Alpro,"Yofu coco stracciatella, 340g",,2.79,8.21,0,kg,€/Kg,,,https://driveimg1.intermarche.com/pt/Content/images/boitmal/produit/zoom/57498104C9F0931E8171F89E947914A2.jpg,https://driveimg1.intermarche.com/pt/Content/images/boitmal/produit/zoom/1DC8A19C4593A6CAC4DD628D5F44BEA6.jpg,https://driveimg1.intermarche.com/pt/Content/images/boitmal/produit/zoom/1DC8A19C4593A6CAC4DD628D5F44BEA6.jpg,,,2025-05-14T23:59:59.999999999+01:00,PROSPECTUS,11,3,,
53208,8719200268647,1000.0,Vaqueiro,"Creme vegetal culinária clássico, 1 kg",,2.99,2.99,0,kg,€/Kg,,,https://driveimg1.intermarche.com/pt/Content/images/boitmal/produit/zoom/0735A691FAA77E120C1E24086E19EA16.jpg,https://driveimg1.intermarche.com/pt/Content/images/boitmal/produit/zoom/DD9C237337ADB2608A1427FA94442244.jpg,https://driveimg1.intermarche.com/pt/Content/images/boitmal/produit/zoom/DD9C237337ADB2608A1427FA94442244.jpg,https://driveimg1.intermarche.com/pt/Content/images/boitmal/produit/zoom/DD9C237337ADB2608A1427FA94442244.jpg,,2025-05-14T23:59:59.999999999+01:00,PROSPECTUS,11,3,,
53292,8719200265424,450.0,Becel,"Creme vegetal culinária, 450g",,2.49,5.53,0,kg,€/Kg,,,https://driveimg1.intermarche.com/pt/Content/images/boitmal/produit/zoom/731104623BFBA291592C36763AD2ACB6.jpg,https://driveimg1.intermarche.com/pt/Content/images/boitmal/produit/zoom/FE0F50DA9FD82BB1CA28828D6783A017.jpg,https://driveimg1.intermarche.com/pt/Content/images/boitmal/produit/zoom/FE0F50DA9FD82BB1CA28828D6783A017.jpg,https://driveimg1.intermarche.com/pt/Content/images/boitmal/produit/zoom/FE0F50DA9FD82BB1CA28828D6783A017.jpg,,2025-05-14T23:59:59.999999999+01:00,PROSPECTUS,11,3,,
53305,5000204339345,,Pato,"Bloco Sanitário Discos Activos Frescura Marinho, 6 doses",,2.34,2.34,0,,€/Unidade,,,https://driveimg1.intermarche.com/pt/Content/images/boitmal/produit/zoom/CC8AF1FABDBA967EE0FAB37EFA71A93C.jpg,https://driveimg1.intermarche.com/pt/Content/images/boitmal/produit/zoom/05F10CE67B2262072511ADCA3ABD855C.jpg,https://driveimg1.intermarche.com/pt/Content/images/boitmal/produit/zoom/05F10CE67B2262072511ADCA3ABD855C.jpg,https://driveimg1.intermarche.com/pt/Content/images/boitmal/produit/zoom/05F10CE67B2262072511ADCA3ABD855C.jpg,,2025-05-14T23:59:59.999999999+01:00,PROSPECTUS,11,3,,
5411,5601286277787,500.0,Milaneza,"Massa tagliatelle com ovo, embalagem de 500g",,2.04,4.08,0,kg,€/Kg,,,https://driveimg1.intermarche.com/pt/Content/images/boitmal/produit/zoom/8E5CC70FF32EA78E08FBEFF7CF75AD7B.jpg,,,,,2025-05-14T23:59:59.999999999+01:00,PROSPECTUS,11,3,,
5438,5601314222222,1980.0,Vitalis,"Água mineral sem gás, pack 6 x 0.33 l",,1.39,0.7,1980,L,€/L,,,https://driveimg1.intermarche.com/pt/Content/images/boitmal/produit/zoom/33D50EDEE051731540B4213BFFB43642.jpg,,,,,2025-05-14T23:59:59.999999999+01:00,PROSPECTUS,11,3,,
5439,5601314228248,750.0,Vitalis,"Água mineral sem gás sport, garrafa de 750 ml",,0.57,0.76,750,L,€/L,,,https://driveimg1.intermarche.com/pt/Content/images/boitmal/produit/zoom/010F08729D04976DF26AE7ABDA2D160B.jpg,,,,,2025-05-14T23:59:59.999999999+01:00,PROSPECTUS,11,3,,
54448,8710522323007,400.0,Tresemmé,"Champô liso keratina smooth, 400ml",,3.77,9.43,400,L,€/L,,,https://driveimg1.intermarche.com/pt/Content/images/boitmal/produit/zoom/A0CFCB6F402225ED49AAA65602D62346.jpg,,,,,2025-05-14T23:59:59.999999999+01:00,PROSPECTUS,11,3,,
54450,8720181449185,400.0,Tresemmé,"Condicionador rich moisture, 400ml",,3.77,9.43,400,L,€/L,,,https://driveimg1.intermarche.com/pt/Content/images/boitmal/produit/zoom/FEF0C5A9329BAAA82759E31E8542AFE0.jpg,,,,,2025-05-14T23:59:59.999999999+01:00,PROSPECTUS,11,3,,
54482,8700216266079,330.0,H&S,"Champô Homem Anticaspa Antiqueda, 330ml",,4.94,14.97,330,L,€/L,,,https://driveimg1.intermarche.com/pt/Content/images/boitmal/produit/zoom/B1420827EBC3BDE04661DEF9D75824F1.jpg,,,,,2025-05-14T23:59:59.999999999+01:00,PROSPECTUS,11,3,,
54578,5604260332847,200.0,Labell Men,"Desodorizante Antitranspirante Invisible, 200ml",,1.39,6.95,200,L,€/L,,,https://driveimg1.intermarche.com/pt/Content/images/boitmal/produit/zoom/6089B570557FEDB49C72B5ECFB5CAF3F.jpg,,,,,2025-05-14T23:59:59.999999999+01:00,PROSPECTUS,11,3,,
54579,5604260332823,200.0,Labell Men,"Desodorizante Energy, 200ml",,1.39,6.95,200,L,€/L,,,https://driveimg1.intermarche.com/pt/Content/images/boitmal/produit/zoom/D65AEFFA3E695F6087A751C8F90810AA.jpg,,,,,2025-05-14T23:59:59.999999999+01:00,PROSPECTUS,11,3,,
54602,5601217138958,500.0,Cillitbang,"Limpa Vidros Spray, 500ml",,2.49,4.98,500,L,€/L,,,https://driveimg1.intermarche.com/pt/Content/images/boitmal/produit/zoom/6B80E9BDF10FB9A2AEFA0D6A49C9C8B5.jpg,,,,,2025-05-14T23:59:59.999999999+01:00,PROSPECTUS,11,3,,
54632,5603722523045,1000.0,Gresso,"Leite UHT Meio Gordo, 1L",,0.85,0.85,1000,L,€/L,,,https://driveimg1.intermarche.com/pt/Content/images/boitmal/produit/zoom/ECF816693AC2579C9FB595FD8ABD96D7.jpg,,,,,2025-05-14T23:59:59.999999999+01:00,PROSPECTUS,11,3,,
54633,5603722523052,1000.0,Gresso,"Leite Uht Magro, 1L",,0.85,0.85,1000,L,€/L,,,https://driveimg1.intermarche.com/pt/Content/images/boitmal/produit/zoom/62FAA0AA671FC5B53B3DDBACCC92B900.jpg,,,,,2025-05-14T23:59:59.999999999+01:00,PROSPECTUS,11,3,,
54688,5411188113416,500.0,Alpro,"Yofu de soja pêssego e exótico vegan, pack 4 x 125 g",,2.54,5.08,0,kg,€/Kg,,,https://driveimg1.intermarche.com/pt/Content/images/boitmal/produit/zoom/0942D9F06F1D83AC89FE945F1B81F906.jpg,,,,,2025-05-14T23:59:59.999999999+01:00,PROSPECTUS,11,3,,
54798,5603722521560,604.0,Mimosa,"Iogurte liquido frutos tropicais, 4 x 151 ml",,1.44,2.38,604,L,€/L,,,https://driveimg1.intermarche.com/pt/Content/images/boitmal/produit/zoom/49B490BBEC557A29CF9B663AE694D2B4.jpg,,,,,2025-05-14T23:59:59.999999999+01:00,PROSPECTUS,11,3,,
54802,5603722521539,604.0,Mimosa,"Iogurte liquido morango, 4 x 151 ml",,1.44,2.38,604,L,€/L,,,https://driveimg1.intermarche.com/pt/Content/images/boitmal/produit/zoom/FB51425211E1948B683D88C51AE1A4C5.jpg,,,,,2025-05-14T23:59:59.999999999+01:00,PROSPECTUS,11,3,,
55004,8720181542152,2520.0,Skip,"Detergente Máquina Roupa Líquido Active Fresh, 56D",,9.99,3.96,2520,L,€/L,,,https://driveimg1.intermarche.com/pt/Content/images/boitmal/produit/zoom/A555122EEA1277E7DFB8AE1B6D66457A.jpg,,,,,2025-05-14T23:59:59.999999999+01:00,PROSPECTUS,11,3,,
55089,5601151964149,410.0,Compal,"Favas Cozidas, 410g",,1.49,3.63,0,kg,€/Kg,,,https://driveimg1.intermarche.com/pt/Content/images/boitmal/produit/zoom/7C5A94A73E95371DFEEB49821BACFD91.jpg,,,,,2025-05-14T23:59:59.999999999+01:00,PROSPECTUS,11,3,,
55113,8410500030650,600.0,Danone,"Iogurte Líquido Defesa Laranja e Multifrutas Tripla Ação, 6 x 100g",,3.19,5.32,0,kg,€/Kg,,,https://driveimg1.intermarche.com/pt/Content/images/boitmal/produit/zoom/5762F1DEEFA584C3F413E0A8C1F308F1.jpg,,,,,2025-05-14T23:59:59.999999999+01:00,PROSPECTUS,11,3,,
55185,5601151963869,410.0,Compal,"Lentilhas Cozidas, 410g",,1.49,3.63,0,kg,€/Kg,,,https://driveimg1.intermarche.com/pt/Content/images/boitmal/produit/zoom/EF5BD1BEC2A2D5B65F9A2DBB0455AB3E.jpg,,,,,2025-05-14T23:59:59.999999999+01:00,PROSPECTUS,11,3,,
5632,5602445000536,750.0,Encosta das Perdizes,Vinho regional alentejano tinto,Garrafa de 750 ml,2.69,3.59,750,L,€/L,,,https://driveimg1.intermarche.com/pt/Content/images/boitmal/produit/zoom/ADC7AAF1E42FC34FB14363D21F98FEE3.jpg,,,,,2025-05-14T23:59:59.999999999+01:00,PROSPECTUS,11,3,,
5977,5604260274086,,PorSi,"Acendalha branca, 32 cubos",,1.15,1.15,0,,€/Unidade,,,https://driveimg1.intermarche.com/pt/Content/images/boitmal/produit/zoom/5D848885F4F58352BFD5FA139BD7FC0A.jpg,https://driveimg1.intermarche.com/pt/Content/images/boitmal/produit/zoom/1FFF9F1373872F7DE961EE146FD1DAB4.jpg,https://driveimg1.intermarche.com/pt/Content/images/boitmal/produit/zoom/1FFF9F1373872F7DE961EE146FD1DAB4.jpg,,,2025-06-11T23:59:59.999999999+01:00,PROSPECTUS,11,3,,
7105,2894508000000,100.0,Primor,Bacon Extra,"Vendido ao peso, fatiado a partir de 100 gr",1.2,11.99,0,,€/Kg,,,https://driveimg1.intermarche.com/pt/Content/images/boitmal/produit/zoom/BE4896B3454C5EEBE0D9BE9663BD4C36.jpg,,,,,2025-05-14T23:59:59.999999999+01:00,PROSPECTUS,11,3,,
8434,5601050033731,620.0,Danone,"Iogurte activia líquido 0% lima/limão, embalagem de 4 x 155g",,1.99,3.21,0,kg,€/Kg,,,https://driveimg1.intermarche.com/pt/Content/images/boitmal/produit/zoom/B41EA750EA9360556362913E488E9E4D.jpg,,,,,2025-05-14T23:59:59.999999999+01:00,PROSPECTUS,11,3,,
9161,5602154002920,750.0,Adega de Borba,Vinho tinto alentejo,Garrafa de 0.75 l,8.99,11.99,750,L,€/L,,,https://driveimg1.intermarche.com/pt/Content/images/boitmal/produit/zoom/9D4E622CDEFB67E1BEC54DD1E1636255.jpg,,,,,2025-05-14T23:59:59.999999999+01:00,PROSPECTUS,11,3,,
927,5601001180903,380.0,Nestlé,Cereais chocapic,Embalagem de 375 g,2.39,6.29,0,kg,€/Kg,,,https://driveimg1.intermarche.com/pt/Content/images/boitmal/produit/zoom/EA69C754779AF0C6F4DD36E6F3A8C272.jpg,,,,,2025-05-14T23:59:59.999999999+01:00,PROSPECTUS,11,3,,
939,5601001315107,200.0,Nestlé,"Mistura solúvel tofina despertar, embalagem de 200g",,2.89,14.45,0,kg,€/Kg,,,https://driveimg1.intermarche.com/pt/Content/images/boitmal/produit/zoom/CC5A47735407D4C3B415883C0C674337.jpg,,,,,2025-05-14T23:59:59.999999999+01:00,PROSPECTUS,11,3,,
15059,2892578000000,200.0,Legumes,Nabo Roxo sem Rama,1 un = 200 gr (aprox.),0.3,1.49,0,,€/Kg,,,https://driveimg1.intermarche.com/pt/Content/images/boitmal/produit/zoom/EECF99CF1D26FD88C91EC2A5B22EA3C8.jpg,,,,,2025-05-14T23:59:59.999999999+01:00,PROSPECTUS,11,3,,
11641,5601180001020,1000.0,Vigor,Leite pasteurizado meio gordo,Garrafa de 1 l,0.99,0.99,1000,L,€/L,,,https://driveimg1.intermarche.com/pt/Content/images/boitmal/produit/zoom/C25BCB5001E1A92DAA543A65EC5B2802.jpg,,,,,2025-05-14T23:59:59.999999999+01:00,PROSPECTUS,11,3,,
405,8712566410910,275.0,Calvé,"Ketchup, embalagem de 275g",,1.48,5.38,0,kg,€/Kg,,,https://driveimg1.intermarche.com/pt/Content/images/boitmal/produit/zoom/9E63EED4B27A252289B8979C188F5B40.jpg,https://driveimg1.intermarche.com/pt/Content/images/boitmal/produit/zoom/0D7B165FF00CA45BD8F6AC077E3CA1EC.jpg,https://driveimg1.intermarche.com/pt/Content/images/boitmal/produit/zoom/0D7B165FF00CA45BD8F6AC077E3CA1EC.jpg,https://driveimg1.intermarche.com/pt/Content/images/boitmal/produit/zoom/0D7B165FF00CA45BD8F6AC077E3CA1EC.jpg,,2025-05-14T23:59:59.999999999+01:00,PROSPECTUS,11,3,,
11640,5601180000993,1000.0,Vigor,"Leite pasteurizado gordo, de 1l",,1.08,1.08,1000,L,€/L,,,https://driveimg1.intermarche.com/pt/Content/images/boitmal/produit/zoom/12B86C68D7331166E668398B8E667665.jpg,,,,,2025-05-14T23:59:59.999999999+01:00,PROSPECTUS,11,3,,
40592,5603722519420,480.0,Mimosa,"Iogurte fruta batida banana, laranja e bolacha, 4 x 120 g",,1.69,3.52,0,kg,€/Kg,,,https://driveimg1.intermarche.com/pt/Content/images/boitmal/produit/zoom/3DD4F4ED13036BE4F0A8D47DB404A192.jpg,,,,,2025-05-14T23:59:59.999999999+01:00,PROSPECTUS,11,3,,
11496,5601049213991,200.0,Mimosa,"Nata uht, embalagem de 200 ml",,0.89,4.45,200,L,€/L,,,https://driveimg1.intermarche.com/pt/Content/images/boitmal/produit/zoom/8FC5ABCE23EB48F851FFE29C53BFA5D9.jpg,,,,,2025-05-14T23:59:59.999999999+01:00,PROSPECTUS,11,3,,
8391,5601049159992,1000.0,Mimosa,"Leite especial cálcio + vitamina d magro, de 1l",,0.98,0.98,1000,L,€/L,,,https://driveimg1.intermarche.com/pt/Content/images/boitmal/produit/zoom/22E6964D6A2F2B922BCB40BB341AE902.jpg,,,,,2025-05-14T23:59:59.999999999+01:00,PROSPECTUS,11,3,,
12109,5604260266623,315.0,PorSi,Croissant recheado de cacau/avelã,Embalagem de 315g,1.79,5.68,0,kg,€/Kg,,,https://driveimg1.intermarche.com/pt/Content/images/boitmal/produit/zoom/214A50F57E12C1081CB4314DCEE96F82.jpg,,,,,2025-05-14T23:59:59.999999999+01:00,PROSPECTUS,11,3,,
36657,5601217132673,500.0,Cillitbang,"Spray lixívia e higiene, de 500 ml",,2.49,4.98,500,L,€/L,,,https://driveimg1.intermarche.com/pt/Content/images/boitmal/produit/zoom/D9B27A41A222F2F218026715A414F2D0.jpg,,,,,2025-05-14T23:59:59.999999999+01:00,PROSPECTUS,11,3,,
8222,5411188553304,1000.0,Alpro,"Bebida de soja com cálcio, embalagem de 1 l",,1.69,1.69,1000,L,€/L,,,https://driveimg1.intermarche.com/pt/Content/images/boitmal/produit/zoom/E93FBC9C48DDB0A312E01AACFB10CDEE.jpg,,,,,2025-05-14T23:59:59.999999999+01:00,PROSPECTUS,11,3,,
27489,8434165466395,168.0,Cuétara,"Bolacha tosta rica choco guay, embalagem de 170g",,1.69,10.06,0,kg,€/Kg,,,https://driveimg1.intermarche.com/pt/Content/images/boitmal/produit/zoom/76BB975EAEE4F104FAFBAFD9E77D2DB2.jpg,,,,,2025-05-14T23:59:59.999999999+01:00,PROSPECTUS,11,3,,
42179,5604260307777,450.0,PorSi,Nata pasteurizada,Embalagem de 450 ml,2.79,6.2,450,L,€/L,,,https://driveimg1.intermarche.com/pt/Content/images/boitmal/produit/zoom/6E34B08A0109E785FC983F0CB93196A9.jpg,,,,,2025-05-14T23:59:59.999999999+01:00,PROSPECTUS,11,3,,
1163,5601089080614,22.0,Boca Doce,"Pudim de caramelo, embalagem de 20g",,0.59,26.82,0,kg,€/Kg,,,https://driveimg1.intermarche.com/pt/Content/images/boitmal/produit/zoom/34EB1A099CEE3EF6C482D806F9827AA2.jpg,,,,,2025-05-14T23:59:59.999999999+01:00,PROSPECTUS,11,3,,
18350,8410320148245,80.0,Campofrio,Chouriço fatiado,Embalagem de 80g,1.59,19.88,0,kg,€/Kg,,,https://driveimg1.intermarche.com/pt/Content/images/boitmal/produit/zoom/C3DD6539D50EC6C28C822B12B80D5795.jpg,,,,,2025-05-14T23:59:59.999999999+01:00,PROSPECTUS,11,3,,
22307,5601019012647,390.0,Guloso,"Tomate em pedaços, embalagem de 390g",,1.45,3.72,0,kg,€/Kg,,,https://driveimg1.intermarche.com/pt/Content/images/boitmal/produit/zoom/5ED4DE98BAC903A7106FCD013B7A79FA.jpg,,,,,2025-05-14T23:59:59.999999999+01:00,PROSPECTUS,11,3,,
39625,5607233533951,385.0,Panrico,Pão cerealia 100% integral,Embalagem de 385g,1.49,3.87,0,kg,€/Kg,,,https://driveimg1.intermarche.com/pt/Content/images/boitmal/produit/zoom/41D40B955E0A17EB04A654C74F17935A.jpg,,,,,2025-05-14T23:59:59.999999999+01:00,PROSPECTUS,11,3,,
46882,5604260319824,,PorSi,Papel higiénico 3 folhas perfumado,Embalagem de 12 unidades,4.99,4.99,12,,€/Unidade,,,https://driveimg1.intermarche.com/pt/Content/images/boitmal/produit/zoom/3FFC2D730C4EDC9A29F53A5EEAAF4D75.jpg,,,,,2025-05-14T23:59:59.999999999+01:00,PROSPECTUS,11,3,,
944,5601001339301,200.0,Nestlé,"Mistura solúvel mokambo, embalagem de 200g",,4.19,20.95,0,kg,€/Kg,,,https://driveimg1.intermarche.com/pt/Content/images/boitmal/produit/zoom/7654D4A8AEB526591EE0FD0D1A7BE478.jpg,,,,,2025-05-14T23:59:59.999999999+01:00,PROSPECTUS,11,3,,
1165,5601089080638,22.0,Boca Doce,"Pudim morango, 20g",,0.59,26.82,0,kg,€/Kg,,,https://driveimg1.intermarche.com/pt/Content/images/boitmal/produit/zoom/78CB288101A8756B40CE3BFF92039481.jpg,,,,,2025-05-14T23:59:59.999999999+01:00,PROSPECTUS,11,3,,
24369,5601050033045,620.0,Danone,"Iogurte líquido morango / kiwi corpos danone, embalagem de 4 x 155g",,1.89,3.05,0,kg,€/Kg,,,https://driveimg1.intermarche.com/pt/Content/images/boitmal/produit/zoom/4DF8E752E36F802BC82CCB72970E5D9F.jpg,,,,,2025-05-14T23:59:59.999999999+01:00,PROSPECTUS,11,3,,
32342,5603722517334,200.0,Milhafre,Queijo açoriano fatias de textura cremosa,Embalagem de 200g,2.15,10.75,0,kg,€/Kg,,,https://driveimg1.intermarche.com/pt/Content/images/boitmal/produit/zoom/171D35F4FE014EB04FB3B5636B039DB0.jpg,,,,,2025-05-14T23:59:59.999999999+01:00,PROSPECTUS,11,3,,
35462,8410500023652,300.0,Yopro,"Iogurte liquido proteína yopro morango/framboesa, 300g",,1.99,6.63,0,kg,€/Kg,,,https://driveimg1.intermarche.com/pt/Content/images/boitmal/produit/zoom/0355698CE2ECE716D8F24A21D83D0BA6.jpg,,,,,2025-05-14T23:59:59.999999999+01:00,PROSPECTUS,11,3,,
5119,5601066200073,1000.0,Nacional,Farinha p/ bolos extra fina,Embalagem de 1 kg,1.04,1.04,0,kg,€/Kg,,,https://driveimg1.intermarche.com/pt/Content/images/boitmal/produit/zoom/CAC064713C07BACF659239959FBD0E0D.jpg,,,,,2025-05-14T23:59:59.999999999+01:00,PROSPECTUS,11,3,,
2608,7622300784751,175.0,Milka,"Bolos cake e chococolate, embalagem de 180g",,2.39,13.66,0,kg,€/Kg,,,https://driveimg1.intermarche.com/pt/Content/images/boitmal/produit/zoom/508F3961E41381F7147F18B3B2743726.jpg,,,,,2025-05-14T23:59:59.999999999+01:00,PROSPECTUS,11,3,,
33021,5601260048105,1000.0,Saludães,"Arroz basmati, embalagem de 1 kg",,2.49,2.49,0,kg,€/Kg,,,https://driveimg1.intermarche.com/pt/Content/images/boitmal/produit/zoom/69B2912DAB5813399DDCD1424E089110.jpg,,,,,2025-05-14T23:59:59.999999999+01:00,PROSPECTUS,11,3,,
10669,8714789703046,360.0,Palmolive,"Sabonete sensitive, 4x90 g",,3.59,9.97,0,kg,€/Kg,,,https://driveimg1.intermarche.com/pt/Content/images/boitmal/produit/zoom/8140413D2E9C838D4EEF2E30218B12BC.jpg,,,,,2025-05-14T23:59:59.999999999+01:00,PROSPECTUS,11,3,,
1164,5601089080621,22.0,Boca Doce,"Pudim de chocolate, embalagem de 20g",,0.59,26.82,0,kg,€/Kg,,,https://driveimg1.intermarche.com/pt/Content/images/boitmal/produit/zoom/1E813E1E60C2ED52ABE328684BBB365A.jpg,,,,,2025-05-14T23:59:59.999999999+01:00,PROSPECTUS,11,3,,
11974,5603722508752,200.0,Castelões,"Queijo em fatias original, embalagem de 200g",,2.59,12.95,0,kg,€/Kg,,,https://driveimg1.intermarche.com/pt/Content/images/boitmal/produit/zoom/9709716796DE3B121923F09B97DF17ED.jpg,,,,,2025-05-14T23:59:59.999999999+01:00,PROSPECTUS,11,3,,
1301,5601151660751,410.0,Compal,"Feijão encarnado, lata de 410ml",,1.09,2.66,410,L,€/L,,,https://driveimg1.intermarche.com/pt/Content/images/boitmal/produit/zoom/8777874F846E4C62B1CDEE04A734A2E1.jpg,,,,,2025-05-14T23:59:59.999999999+01:00,PROSPECTUS,11,3,,
13602,2893597000000,500.0,Peixaria,Pescada Média Argentina Congelada,+ de 500 g,2.0,3.99,0,,€/Kg,,Avantages !,https://driveimg1.intermarche.com/pt/Content/images/boitmal/produit/zoom/0D3A6A42D4C22CDA932A00A286926BF6.jpg,,,,,2025-05-14T23:59:59.999999999+01:00,PROSPECTUS,11,3,,
13884,2891106000000,2000.0,PorSi Select,Frango do Campo Inteiro c/ Miúdos Programa Origens,Vendido ao peso,8.98,4.49,0,,€/Kg,,,https://driveimg1.intermarche.com/pt/Content/images/boitmal/produit/zoom/4004CE88E12A24D0AD85684C27210FBB.jpg,,,,,2025-05-14T23:59:59.999999999+01:00,PROSPECTUS,11,3,,
29356,8718951202856,500.0,Palmolive,"Gel de banho natural leite e mel, 500 ml",,2.69,5.38,500,L,€/L,,,https://driveimg1.intermarche.com/pt/Content/images/boitmal/produit/zoom/6CB5E843C7A08E2ECE1293E08A53478D.jpg,,,,,2025-05-14T23:59:59.999999999+01:00,PROSPECTUS,11,3,,
29915,5600826202982,500.0,Prozis,"Manteiga de amendoim cremosa, 500g",,3.69,7.38,0,kg,€/Kg,,,https://driveimg1.intermarche.com/pt/Content/images/boitmal/produit/zoom/6FD303317CEA9E34214EB728EB0D5CFB.jpg,,,,,2025-05-14T23:59:59.999999999+01:00,PROSPECTUS,11,3,,
49326,5603722520594,180.0,Milhafre,Queijo açoriano com -50% gordura,Embalagem de 180g,2.15,11.94,0,kg,€/Kg,,,https://driveimg1.intermarche.com/pt/Content/images/boitmal/produit/zoom/47969256C6F61652CFCE8A9B10492F28.jpg,,,,,2025-05-14T23:59:59.999999999+01:00,PROSPECTUS,11,3,,
15503,8410500018931,400.0,Danonino Danone,"Iogurte líquido danonino tutti frutti, embalagem de 4 x 100 g",,1.99,4.98,0,kg,€/Kg,,,https://driveimg1.intermarche.com/pt/Content/images/boitmal/produit/zoom/49D4DFA8C6DABEB79926D4F0312C64D8.jpg,,,,,2025-05-14T23:59:59.999999999+01:00,PROSPECTUS,11,3,,
34010,5601027000896,500.0,Panrico,Pão de forma com côdea,Embalagem de 500 g,1.74,3.48,0,kg,€/Kg,,,https://driveimg1.intermarche.com/pt/Content/images/boitmal/produit/zoom/45200EFAB4342352CC853C5AC1883DB5.jpg,,,,,2025-05-14T23:59:59.999999999+01:00,PROSPECTUS,11,3,,
1162,5601089080607,22.0,Boca Doce,"Pudim baunilha, embalagem de 20g",,0.59,26.82,0,kg,€/Kg,,,https://driveimg1.intermarche.com/pt/Content/images/boitmal/produit/zoom/C404643F48571D5383D4DCCD5944EA22.jpg,,,,,2025-05-14T23:59:59.999999999+01:00,PROSPECTUS,11,3,,
12356,8410108122535,,Dodot,Toalhitas Sensitive |Recarga,Pack: 4 x54 unidades,5.99,5.99,0,,€/Unidade,,,https://driveimg1.intermarche.com/pt/Content/images/boitmal/produit/zoom/2D442A68E931C2DF1957ADA0EF3AD2F3.jpg,https://driveimg1.intermarche.com/pt/Content/images/boitmal/produit/zoom/47D40D02C955E98DB96B03E04432FF85.jpg,https://driveimg1.intermarche.com/pt/Content/images/boitmal/produit/zoom/47D40D02C955E98DB96B03E04432FF85.jpg,,,2025-05-14T23:59:59.999999999+01:00,PROSPECTUS,11,3,,
24368,5601050033021,620.0,Danone,"Iogurte líquido corpos danone, embalagem de 4 x 155g",,1.89,3.05,0,kg,€/Kg,,,https://driveimg1.intermarche.com/pt/Content/images/boitmal/produit/zoom/6EEC58F892743EDA98060B1AE2CB4E38.jpg,,,,,2025-05-14T23:59:59.999999999+01:00,PROSPECTUS,11,3,,
26645,8434165483965,570.0,Cuétara,"Bolachas tosta rica, embalagem de 570g",,2.99,5.25,0,kg,€/Kg,,,https://driveimg1.intermarche.com/pt/Content/images/boitmal/produit/zoom/280E50EBC29DD4AE6A9CCE7FB9666CBB.jpg,,,,,2025-05-14T23:59:59.999999999+01:00,PROSPECTUS,11,3,,
35089,5604260287246,,PorSi,"Acendalha ecológicas, 32 cubos",,0.99,0.99,0,,€/Unidade,,,https://driveimg1.intermarche.com/pt/Content/images/boitmal/produit/zoom/3C3A545F046A9053ADD48AE98FE47946.jpg,,,,,2025-06-11T23:59:59.999999999+01:00,PROSPECTUS,11,3,,
43520,8411300478116,400.0,Elvive,Champô argila cabelos normais,Embalagem com 400ml,5.99,14.98,400,L,€/L,,,https://driveimg1.intermarche.com/pt/Content/images/boitmal/produit/zoom/638A557615C1C43E87F50B5AF3FB796E.jpg,,,,,2025-05-14T23:59:59.999999999+01:00,PROSPECTUS,11,3,,
5093,5601050033755,620.0,Danone,"Iogurte activia líquido 0% morango/kiwi, embalagem de 4 x 155 g",,1.99,3.21,0,kg,€/Kg,,,https://driveimg1.intermarche.com/pt/Content/images/boitmal/produit/zoom/29B41AE598716D0550D815AA0FE86025.jpg,,,,,2025-05-14T23:59:59.999999999+01:00,PROSPECTUS,11,3,,
13990,2696200000000,,Pastelaria,Folhado de salsichas,1 unidade = 110 g,0.99,0.99,0,,€/Unidade,,,https://driveimg1.intermarche.com/pt/Content/images/boitmal/produit/zoom/4DCF72DC736051BE772FEB48C9B7E455.jpg,,,,,2025-05-14T23:59:59.999999999+01:00,PROSPECTUS,11,3,,
31141,3073781094930,140.0,A Vaca Que Ri,"Queijo fundido palitos light 140g, embalagem de 140g",,1.99,14.21,0,kg,€/Kg,,,https://driveimg1.intermarche.com/pt/Content/images/boitmal/produit/zoom/B5D6C4ED5C97B9ABEEF5182E77489B3B.jpg,,,,,2025-05-14T23:59:59.999999999+01:00,PROSPECTUS,11,3,,
31281,5607233508812,750.0,Panrico,Pao branco familiar 750g              *5,Embalagem de 750g,1.99,2.65,0,kg,€/Kg,,,https://driveimg1.intermarche.com/pt/Content/images/boitmal/produit/zoom/25E0356E8CF923CCCDCD12123B5DCEC5.jpg,,,,,2025-05-14T23:59:59.999999999+01:00,PROSPECTUS,11,3,,
44252,5601019012890,210.0,Guloso,"Tomate frito, embalagem de 210g",,0.86,4.1,0,kg,€/Kg,,,https://driveimg1.intermarche.com/pt/Content/images/boitmal/produit/zoom/8B263589AC7E30970A012A4A83920952.jpg,,,,,2025-05-14T23:59:59.999999999+01:00,PROSPECTUS,11,3,,
46320,2696060000000,90.0,Panpor,Bolo do caco,1 un = 100 g,0.58,6.44,0,kg,€/Kg,,,https://driveimg1.intermarche.com/pt/Content/images/boitmal/produit/zoom/5CAEE66A1BD87C7D211ABC11B926FDAE.jpg,,,,,2025-05-14T23:59:59.999999999+01:00,PROSPECTUS,11,3,,
46854,5604260320660,1000.0,PorSi,"Arroz Thai Jasmim, 1 kg",,1.99,1.99,0,kg,€/Kg,,,https://driveimg1.intermarche.com/pt/Content/images/boitmal/produit/zoom/348CC6C115B4BC640D22FCA9445AC7AC.jpg,,,,,2025-05-14T23:59:59.999999999+01:00,PROSPECTUS,11,3,,
47034,8714100827666,160.0,Knorr,"Caldo galinha receita económica, embalagem de 160g",,1.29,8.06,0,kg,€/Kg,,,https://driveimg1.intermarche.com/pt/Content/images/boitmal/produit/zoom/54D2297B42302C9BEB14DE9BF8F6F3CF.jpg,,,,,2025-05-14T23:59:59.999999999+01:00,PROSPECTUS,11,3,,
51784,5604260327683,1000.0,PorSi Viva Bem,"Iogurte Liquido Magro Morango, 1 kg",,1.49,1.49,0,kg,€/Kg,,,https://driveimg1.intermarche.com/pt/Content/images/boitmal/produit/zoom/E4FA32AC7053A690EC4B42D5772246F4.jpg,,,,,2025-05-14T23:59:59.999999999+01:00,PROSPECTUS,11,3,,
1438,5601260047108,1000.0,Saludães,Arroz agulha,Embalagem de 1kg,1.35,1.35,0,kg,€/Kg,,,https://driveimg1.intermarche.com/pt/Content/images/boitmal/produit/zoom/B47152EFC4F603CBADD3130829B29F08.jpg,,,,,2025-05-14T23:59:59.999999999+01:00,PROSPECTUS,11,3,,
20264,5000116110872,180.0,Iglo,"Crocantes frango parmesão e ervas, embalagem de 180g",,3.99,22.17,0,kg,€/Kg,,Tipo de stockagem,https://driveimg1.intermarche.com/pt/Content/images/boitmal/produit/zoom/FA238D0C01D11590AA8A8E09CE288246.jpg,,,,,2025-05-14T23:59:59.999999999+01:00,PROSPECTUS,11,3,,
37948,5601217132697,500.0,Cillitbang,"Spray limpeza casa de banho, embalagem de 500 ml",,2.49,4.98,500,L,€/L,,,https://driveimg1.intermarche.com/pt/Content/images/boitmal/produit/zoom/62E5A8E0A6D5CF81B7A29AA6D1070117.jpg,,,,,2025-05-14T23:59:59.999999999+01:00,PROSPECTUS,11,3,,
50389,8445290351401,,Nescafé,"Cápsulas café sical intensidade 7, 30 unidades",,9.49,9.49,30,,€/Unidade,,,https://driveimg1.intermarche.com/pt/Content/images/boitmal/produit/zoom/1FD786A7E143BB9E177424D49D5ABF95.jpg,,,,,2025-05-14T23:59:59.999999999+01:00,PROSPECTUS,11,3,,
51782,5604260327669,1000.0,PorSi,"Iogurte Liquido Pinacolada,  1 kg",,1.59,1.59,0,kg,€/Kg,,,https://driveimg1.intermarche.com/pt/Content/images/boitmal/produit/zoom/72DCBF92FB9FC3FE1A0ADB9C5783A0CE.jpg,,,,,2025-05-14T23:59:59.999999999+01:00,PROSPECTUS,11,3,,
52377,8720181385131,,Skip,Detergente Máquina Roupa Líquido Sabão Natural,100 Doses,11.99,11.99,0,,€/Unidade,,,https://driveimg1.intermarche.com/pt/Content/images/boitmal/produit/zoom/B7482844827C04E8BE654EF9B7B49DD3.jpg,,,,,2025-05-14T23:59:59.999999999+01:00,PROSPECTUS,11,3,,
52897,8720181392917,1332.0,Comfort,"Amaciador concentrado essência pure, 74 doses",,3.49,2.62,1332,L,€/L,,,https://driveimg1.intermarche.com/pt/Content/images/boitmal/produit/zoom/F5C0D70B94DAAFB0949EA4EE48242D35.jpg,https://driveimg1.intermarche.com/pt/Content/images/boitmal/produit/zoom/6C81AB307354BD851AD24288672BBAB9.jpg,https://driveimg1.intermarche.com/pt/Content/images/boitmal/produit/zoom/6C81AB307354BD851AD24288672BBAB9.jpg,,,2025-05-14T23:59:59.999999999+01:00,PROSPECTUS,11,3,,
5745,5603722513718,1000.0,Vigor,Leite pasteurizado m/g sem lactose,Garrafa de 1 l,1.19,1.19,1000,L,€/L,,,https://driveimg1.intermarche.com/pt/Content/images/boitmal/produit/zoom/4A274333D648928B02F1993344237862.jpg,,,,,2025-05-14T23:59:59.999999999+01:00,PROSPECTUS,11,4,,
9255,5603124024140,545.0,Mistolin,"Tira gorduras recarga, de 550 ml",,2.99,5.49,545,L,€/L,,,https://driveimg1.intermarche.com/pt/Content/images/boitmal/produit/zoom/687EAA7C10E8372C470B9350CC205D49.jpg,,,,,2025-05-14T23:59:59.999999999+01:00,PROSPECTUS,11,4,,
1274,5601151070758,410.0,Compal,"Feijão manteiga, lata de 410 ml",,1.09,2.66,410,L,€/L,,,https://driveimg1.intermarche.com/pt/Content/images/boitmal/produit/zoom/F168BC675838A1B24B473123F714EAB2.jpg,,,,,2025-05-14T23:59:59.999999999+01:00,PROSPECTUS,11,4,,
13856,2891025000000,1250.0,Bovino,Picanha,1 un = 1.250 kg (aprox.),24.98,19.98,0,,€/Kg,,,https://driveimg1.intermarche.com/pt/Content/images/boitmal/produit/zoom/759532435621A3D4B458F022D645930E.jpg,,,,,2025-05-14T23:59:59.999999999+01:00,PROSPECTUS,11,4,,
14508,5411188115496,1000.0,Alpro,"Bebida de soja sem acucar 1l, embalagem de 1l",,2.49,2.49,1000,L,€/L,,,https://driveimg1.intermarche.com/pt/Content/images/boitmal/produit/zoom/08FB7DF3E9A91E663DF63A6991F64B9B.jpg,,,,,2025-05-14T23:59:59.999999999+01:00,PROSPECTUS,11,4,,
20477,8714789876801,650.0,Palmolive,Gel Banho Coco,Embalagem de 650 ml,3.29,5.06,650,L,€/L,,,https://driveimg1.intermarche.com/pt/Content/images/boitmal/produit/zoom/C841EAB15BFBC711E7703D2FB84F7757.jpg,,,,,2025-05-14T23:59:59.999999999+01:00,PROSPECTUS,11,4,,
2786,8410199150905,100.0,Cheetos,"Aperitivos rolitos, embalagem de 100g",,1.49,14.9,0,kg,€/Kg,,,https://driveimg1.intermarche.com/pt/Content/images/boitmal/produit/zoom/F470A36FD76D61EC69758C933CF291DA.jpg,,,,,2025-05-14T23:59:59.999999999+01:00,PROSPECTUS,11,4,,
28572,8434165484054,240.0,Cuétara,"Tosta rica mini go, 240g",,1.89,7.88,0,kg,€/Kg,,,https://driveimg1.intermarche.com/pt/Content/images/boitmal/produit/zoom/CCBAB5A351E77407DEF26B46DA9AE965.jpg,,,,,2025-05-14T23:59:59.999999999+01:00,PROSPECTUS,11,4,,
29374,5601146530304,500.0,Bandida do Pomar,"Sidra maçã, lata de 500 ml",,1.19,2.38,500,L,€/L,,,https://driveimg1.intermarche.com/pt/Content/images/boitmal/produit/zoom/BCB2E29A160CFF6D3AE7FEB90426D1E6.jpg,,,,,2025-05-14T23:59:59.999999999+01:00,PROSPECTUS,11,4,,
35297,5601314223205,500.0,Vitalis,"Água sem gás, garrafa de 0.5 l",,0.33,0.66,500,L,€/L,,,https://driveimg1.intermarche.com/pt/Content/images/boitmal/produit/zoom/7FE52B99CA553391F86364EECEA547A5.jpg,,,,,2025-05-14T23:59:59.999999999+01:00,PROSPECTUS,11,4,,
36282,5602016061096,750.0,Cacho Fresco,"Vinho branco frisante, garrafa de 0.75 l",,2.19,2.92,750,L,€/L,,,https://driveimg1.intermarche.com/pt/Content/images/boitmal/produit/zoom/6D86515914160CB8CA3A3E44260175D9.jpg,,,,,2025-05-14T23:59:59.999999999+01:00,PROSPECTUS,11,4,,
37045,5601217132659,500.0,Cillitbang,"Spray bolor e sujidade, garrafa de 500 ml",,2.49,4.98,500,L,€/L,,,https://driveimg1.intermarche.com/pt/Content/images/boitmal/produit/zoom/2A51671BCEA4544BF377B06769DE1169.jpg,,,,,2025-05-14T23:59:59.999999999+01:00,PROSPECTUS,11,4,,
38555,5601019012807,500.0,Guloso,"Polpa de tomate com manjericão e oregãos, 500 g",,1.49,2.98,0,kg,€/Kg,,,https://driveimg1.intermarche.com/pt/Content/images/boitmal/produit/zoom/DD3F790AD3540766E8551E7402E008AE.jpg,,,,,2025-05-14T23:59:59.999999999+01:00,PROSPECTUS,11,4,,
40591,5601151974049,1750.0,Pepsi,"Refrigerante com gás, garrafa de 1.75 l",,1.35,0.77,1750,L,€/L,,,https://driveimg1.intermarche.com/pt/Content/images/boitmal/produit/zoom/28D8C8402FB8F278C2F0FAAEE3127CC9.jpg,,,,,2025-05-14T23:59:59.999999999+01:00,PROSPECTUS,11,4,,
42839,5604260307784,450.0,PorSi,Nata pasteurizada leve,Embalagem de 450 ml,1.99,4.42,450,L,€/L,,,https://driveimg1.intermarche.com/pt/Content/images/boitmal/produit/zoom/9258882FC9DEA71F901004030AD2D6DF.jpg,,,,,2025-05-14T23:59:59.999999999+01:00,PROSPECTUS,11,4,,
43119,5411188121374,250.0,Alpro,"Creme soja cozinha, 250 ml",,1.39,5.56,250,L,€/L,,,https://driveimg1.intermarche.com/pt/Content/images/boitmal/produit/zoom/596BD7E2601FA9A818BD571593FBC40F.jpg,,,,,2025-05-14T23:59:59.999999999+01:00,PROSPECTUS,11,4,,
50624,5603722520969,200.0,Mimosa,"Nata culinária sem lactose, 200 ml",,0.99,4.95,200,L,€/L,,,https://driveimg1.intermarche.com/pt/Content/images/boitmal/produit/zoom/17C52EE6D7D8FA0AE40E9527FFF803CC.jpg,,,,,2025-05-14T23:59:59.999999999+01:00,PROSPECTUS,11,4,,
8388,5601049152993,1000.0,Mimosa,"Leite especial cálcio + vitamina d m/g, de 1l",,0.98,0.98,1000,L,€/L,,,https://driveimg1.intermarche.com/pt/Content/images/boitmal/produit/zoom/AE995344CF7D57F674EA8EE465C57CA4.jpg,,,,,2025-05-14T23:59:59.999999999+01:00,PROSPECTUS,11,4,,
994,5601038001400,240.0,Knorr,"Caldo de carne 24 cubos, embalagem de 240g",,2.49,10.38,0,kg,€/Kg,,,https://driveimg1.intermarche.com/pt/Content/images/boitmal/produit/zoom/111ACC6539DBD1BD4431EF700197763E.jpg,,,,,2025-05-14T23:59:59.999999999+01:00,PROSPECTUS,11,4,,
11950,5603722495106,200.0,Mimosa,"Nata uht light, embalagem de 200 ml",,0.89,4.45,200,L,€/L,,,https://driveimg1.intermarche.com/pt/Content/images/boitmal/produit/zoom/B134F58E2258EB7BCE2AC1B56CF95546.jpg,,,,,2025-05-14T23:59:59.999999999+01:00,PROSPECTUS,11,4,,
13026,2892205000000,150.0,Fruta,Maçã Granny Smith,1 un = 150 gr (aprox.),0.28,1.89,0,,€/Kg,,,https://driveimg1.intermarche.com/pt/Content/images/boitmal/produit/zoom/3B77F05FE765B9D00E209F1A980CE31B.jpg,,,,,2025-05-14T23:59:59.999999999+01:00,PROSPECTUS,11,4,,
14337,3387390320008,141.0,Nestlé,"Barras fitness com chocolate, embalagem de 140g",,2.99,21.21,0,kg,€/Kg,,,https://driveimg1.intermarche.com/pt/Content/images/boitmal/produit/zoom/60AE623A4FF700F6FDA38FA5729DE5A4.jpg,,,,,2025-05-14T23:59:59.999999999+01:00,PROSPECTUS,11,4,,
16229,8712561587495,4000.0,Comfort,"Amaciador de roupa, pure, de 4 l",,4.99,1.25,4000,L,€/L,,,https://driveimg1.intermarche.com/pt/Content/images/boitmal/produit/zoom/AAE7E7461FE5C9CAA68CFDC37842673D.jpg,,,,,2025-05-14T23:59:59.999999999+01:00,PROSPECTUS,11,4,,
18351,8410320029971,80.0,Campofrio,"Salsichão fatiado, embalagem de 80g",,1.59,19.88,0,kg,€/Kg,,,https://driveimg1.intermarche.com/pt/Content/images/boitmal/produit/zoom/C191CA814FABA5218D4DFA0D00F6C92A.jpg,,,,,2025-05-14T23:59:59.999999999+01:00,PROSPECTUS,11,4,,
30115,5449000016737,1000.0,Coca-Cola,"Refrigerante sem cafeína, garrafa de 1l",,1.35,1.35,1000,L,€/L,,,https://driveimg1.intermarche.com/pt/Content/images/boitmal/produit/zoom/23CF5CDA5B630E80CF6F88C3DB4BC0F8.jpg,,,,,2025-05-14T23:59:59.999999999+01:00,PROSPECTUS,11,4,,
41299,5601050036565,440.0,Danone,"Iogurte oikos maracujá, embalagem de 4 x 110g",,1.99,4.52,0,kg,€/Kg,,,https://driveimg1.intermarche.com/pt/Content/images/boitmal/produit/zoom/29553156A2F0422FEBEDFC7E0CF7883D.jpg,,,,,2025-05-14T23:59:59.999999999+01:00,PROSPECTUS,11,4,,
433,8722700086703,80.0,Knorr,"Caldo para arroz 8 cubos, embalagem de 80g",,1.49,18.63,0,kg,€/Kg,,,https://driveimg1.intermarche.com/pt/Content/images/boitmal/produit/zoom/86EF0F3A35369BBBB925F997B7F539F0.jpg,,,,,2025-05-14T23:59:59.999999999+01:00,PROSPECTUS,11,4,,
44241,5601050036886,120.0,Danone,"Iogrute twix, embalagem de 120g",,0.99,8.25,0,kg,€/Kg,,,https://driveimg1.intermarche.com/pt/Content/images/boitmal/produit/zoom/E4E89664DF24BCB428B25457942D3E4C.jpg,,,,,2025-05-14T23:59:59.999999999+01:00,PROSPECTUS,11,4,,
48067,5604260320981,,PorSi,"Pensos incontinência homem, 10 unidades",,1.95,1.95,0,,€/Unidade,,,https://driveimg1.intermarche.com/pt/Content/images/boitmal/produit/zoom/42AFCBF756E664D8CC793C3ABD41743D.jpg,,,,,2025-05-14T23:59:59.999999999+01:00,PROSPECTUS,11,4,,
52941,8720181386510,2700.0,Skip,"Detergente líquido máquina de roupa sabão natural, 60 doses",,7.99,2.96,2700,L,€/L,,,https://driveimg1.intermarche.com/pt/Content/images/boitmal/produit/zoom/E86C320C5CE9CDD2DA45593DF7CE710E.jpg,https://driveimg1.intermarche.com/pt/Content/images/boitmal/produit/zoom/F78D7BA1CEEC1BA7836B80E309E4D243.jpg,https://driveimg1.intermarche.com/pt/Content/images/boitmal/produit/zoom/F78D7BA1CEEC1BA7836B80E309E4D243.jpg,,,2025-05-14T23:59:59.999999999+01:00,PROSPECTUS,11,4,,
8672,5601164902589,5000.0,Super Bock,"Cerveja com álcool, pack 20 x 25 cl",,9.99,2.0,5000,L,€/L,,,https://driveimg1.intermarche.com/pt/Content/images/boitmal/produit/zoom/2F3621A27B73789EDA7DDA7347F7A8AE.jpg,,,,,2025-05-14T23:59:59.999999999+01:00,PROSPECTUS,11,4,,
9999,8001480020535,4000.0,Neoblanc,Lixívia Tradicional,Embalagem de 4 l,3.99,1.0,4000,L,€/L,,,https://driveimg1.intermarche.com/pt/Content/images/boitmal/produit/zoom/9906959CB147C83320C04CF2C670E38F.jpg,,,,,2025-05-14T23:59:59.999999999+01:00,PROSPECTUS,11,4,,
12299,8003520013064,300.0,Palmolive,"Sabonete líquido de leite de amêndoas, recarga, 300 ml",,1.79,5.97,300,L,€/L,,,https://driveimg1.intermarche.com/pt/Content/images/boitmal/produit/zoom/35D2E48138CCA33503CE2D19DC83E44D.jpg,,,,,2025-05-14T23:59:59.999999999+01:00,PROSPECTUS,11,4,,
13582,2893577000000,400.0,Peixaria,Solha Congelada,,2.28,5.69,0,,€/Kg,,Avantages !,https://driveimg1.intermarche.com/pt/Content/images/boitmal/produit/zoom/09CD29C77ECA15BC59D0A288B72C20B4.jpg,,,,,2025-05-14T23:59:59.999999999+01:00,PROSPECTUS,11,4,,
17419,5601119243781,110.0,Nobre,"Peito de frango fatias finas, embalagem de 110g",,2.19,19.91,0,kg,€/Kg,,,https://driveimg1.intermarche.com/pt/Content/images/boitmal/produit/zoom/568E87E8AE328D133D5414163DCC53D1.jpg,,,,,2025-05-14T23:59:59.999999999+01:00,PROSPECTUS,11,4,,
19046,5000116110414,480.0,Capitão Iglo,"8 hamburguers sem glúten frango, embalagem de 480g",,13.49,28.1,0,kg,€/Kg,,Tipo de stockagem,https://driveimg1.intermarche.com/pt/Content/images/boitmal/produit/zoom/B74DC0C9C4A898B602612BD394B808F5.jpg,,,,,2025-05-14T23:59:59.999999999+01:00,PROSPECTUS,11,4,,
20263,5000116110889,180.0,Iglo,"Crocantes de frango original, embalagem de 180g",,3.99,22.17,0,kg,€/Kg,,Tipo de stockagem,https://driveimg1.intermarche.com/pt/Content/images/boitmal/produit/zoom/9B2BC0EEC5724C42D02D0AAA44CCBB50.jpg,,,,,2025-05-14T23:59:59.999999999+01:00,PROSPECTUS,11,4,,
20546,3387390326468,375.0,Nestlé,Cereais fitness chocolate,Embalagem de 380g,3.99,10.64,0,kg,€/Kg,,,https://driveimg1.intermarche.com/pt/Content/images/boitmal/produit/zoom/3B69CCD1D22119150AD46AAF10E61DE1.jpg,,,,,2025-05-14T23:59:59.999999999+01:00,PROSPECTUS,11,4,,
2225,5604260266463,1500.0,PorSi,Refrigerante sem gás limão,"Garrafa de 1,5 l",0.99,0.66,1500,L,€/L,,,https://driveimg1.intermarche.com/pt/Content/images/boitmal/produit/zoom/FFEF4CED2BC4D6EEBCC20C2330983BA5.jpg,,,,,2025-05-14T23:59:59.999999999+01:00,PROSPECTUS,11,4,,
2503,7613033156212,85.0,Purina Gourmet,"Comida húmida para gato mousse com salmão, embalagem de 90g",,0.87,10.24,0,kg,€/Kg,,,https://driveimg1.intermarche.com/pt/Content/images/boitmal/produit/zoom/BCD32627F59A029C2931D459EC84583E.jpg,,,,,2025-05-14T23:59:59.999999999+01:00,PROSPECTUS,11,4,,
25513,8410063074924,320.0,Pescanova,"4 filetes de pescada tipo caseiro sem gluten, embalagem com 320 g",,5.19,16.22,0,kg,€/Kg,,Tipo de stockagem,https://driveimg1.intermarche.com/pt/Content/images/boitmal/produit/zoom/223B86A64722EA649978D9F45EF21399.jpg,,,,,2025-05-14T23:59:59.999999999+01:00,PROSPECTUS,11,4,,
34404,7613034675842,198.0,Lion,Chocolate lion mini,Embalagem de 198 g,3.09,15.61,0,kg,€/Kg,,,https://driveimg1.intermarche.com/pt/Content/images/boitmal/produit/zoom/E28536C14F7B040FA228E53807A4A467.jpg,,,,,2025-05-14T23:59:59.999999999+01:00,PROSPECTUS,11,4,,
35705,3021768203615,360.0,Gogo,"Conjunto de saquetas de fruta maçã e morango, embalagem de 4 x 90g",,2.69,7.47,0,kg,€/Kg,,,https://driveimg1.intermarche.com/pt/Content/images/boitmal/produit/zoom/50D9F740E1739930D14334FC3B6F4DCC.jpg,,,,,2025-05-14T23:59:59.999999999+01:00,PROSPECTUS,11,4,,
40594,5603722519468,480.0,Mimosa,"Iogurte fruta batida banana e morango, 4 x 120 g",,1.69,3.52,0,kg,€/Kg,,,https://driveimg1.intermarche.com/pt/Content/images/boitmal/produit/zoom/783BF0B8040C15143355DB1E8A912AD4.jpg,,,,,2025-05-14T23:59:59.999999999+01:00,PROSPECTUS,11,4,,
41384,5601050036602,440.0,Danone,"Iogurte grego oikos stracciatella, embalagem de 4 x 110g",,1.99,4.52,0,kg,€/Kg,,,https://driveimg1.intermarche.com/pt/Content/images/boitmal/produit/zoom/4F7A349ED222FA644F51711D6A4D74B4.jpg,,,,,2025-05-14T23:59:59.999999999+01:00,PROSPECTUS,11,4,,
44664,8711327488052,1000.0,Lipton,"Ice tea limão zero açúcar, garrafa de 1l",,1.38,1.38,1000,L,€/L,,,https://driveimg1.intermarche.com/pt/Content/images/boitmal/produit/zoom/03733E8A9603AAB1349B8892D732D6AA.jpg,,,,,2025-05-14T23:59:59.999999999+01:00,PROSPECTUS,11,4,,
44665,8711327488069,1000.0,Lipton,"Ice tea pêssego zero açúcar, garrafa de 1l",,1.38,1.38,1000,L,€/L,,,https://driveimg1.intermarche.com/pt/Content/images/boitmal/produit/zoom/622DEE19E0BF974598DA26024FB08C2F.jpg,,,,,2025-05-14T23:59:59.999999999+01:00,PROSPECTUS,11,4,,
4716,5000204593242,72.0,Pato,Discos Sanitários Activos Recarga Lima,Embalagem de 2x36 ml,3.49,48.47,72,L,€/L,,,https://driveimg1.intermarche.com/pt/Content/images/boitmal/produit/zoom/6E8BEEF9B9E1E763C6D9B6E49B0D85F6.jpg,,,,,2025-05-14T23:59:59.999999999+01:00,PROSPECTUS,11,4,,
49093,5601082049656,440.0,Delta Q,Cápsulas de Café Grand Qalidus,Embalagem com 80 cápsulas,26.99,61.34,0,kg,€/Kg,,,https://driveimg1.intermarche.com/pt/Content/images/boitmal/produit/zoom/A7E404A1FB1D6000149DA6BB1923FB15.jpg,,,,,2025-05-14T23:59:59.999999999+01:00,PROSPECTUS,11,4,,
52381,8720181407154,1300.0,Cif,"Lava tudo perfumado lavanda, embalagem de 1,3l",,1.99,1.53,1300,L,€/L,,,https://driveimg1.intermarche.com/pt/Content/images/boitmal/produit/zoom/12443931DBE21DE904E26826F24E6B07.jpg,https://driveimg1.intermarche.com/pt/Content/images/boitmal/produit/zoom/935C662FEAE9FBF79977B0438F001CF1.jpg,,,,2025-05-14T23:59:59.999999999+01:00,PROSPECTUS,11,4,,
