identifier,produitEan13,capacite,marque,libelle,conditionnement,prix,unitPrice,volume,typeProduit_uniteByCode,unit_value,pictogrammes_0,images_0,images_1,images_2,images_3,images_4,avantages_dateFin,avantages_categorie,nro_paginas,page,pictogrammes_libelleCategorie,images_5
372,8711200532391,260.0,Calvé,"Molho big burguer, embalagem de 260g",,1.94,7.46,0,kg,€/Kg,,https://driveimg1.intermarche.com/pt/Content/images/boitmal/produit/zoom/274182EF6D0EFA8A84998CA913A7016C.jpg,https://driveimg1.intermarche.com/pt/Content/images/boitmal/produit/zoom/122719564EBC4BB4D52F039A6C0EDAF1.jpg,,,,2025-04-30T23:59:59.999999999+01:00,PROSPECTUS,9,1,,
388,8712566156115,71.0,Knorr,"Sopa de rabo de boi, 70g",,1.6,22.54,0,kg,€/Kg,,https://driveimg1.intermarche.com/pt/Content/images/boitmal/produit/zoom/3A7D2F019E799AC69E8329E3FE5B92BA.jpg,,,,,2025-04-30T23:59:59.999999999+01:00,PROSPECTUS,9,1,,
391,8712566173648,69.0,Knorr,"Sopa de cozido, 70g",,1.6,23.19,0,kg,€/Kg,,https://driveimg1.intermarche.com/pt/Content/images/boitmal/produit/zoom/0C584B5CFBC96172D2290B0DB00EB0B4.jpg,,,,,2025-04-30T23:59:59.999999999+01:00,PROSPECTUS,9,1,,
392,8712566173860,68.0,Knorr,"Canja com aletria, embalagem de 70g",,1.6,23.53,0,kg,€/Kg,,https://driveimg1.intermarche.com/pt/Content/images/boitmal/produit/zoom/0FDE190C3180267DE92D355FE905E718.jpg,,,,,2025-04-30T23:59:59.999999999+01:00,PROSPECTUS,9,1,,
393,8712566173945,72.0,Knorr,"Creme marisco, embalagem de 70g",,1.6,22.22,0,kg,€/Kg,,https://driveimg1.intermarche.com/pt/Content/images/boitmal/produit/zoom/42380F997942E9C34D4500FD929708AF.jpg,,,,,2025-04-30T23:59:59.999999999+01:00,PROSPECTUS,9,1,,
405,8712566410910,275.0,Calvé,"Ketchup, embalagem de 275g",,1.49,5.42,0,kg,€/Kg,,https://driveimg1.intermarche.com/pt/Content/images/boitmal/produit/zoom/9E63EED4B27A252289B8979C188F5B40.jpg,https://driveimg1.intermarche.com/pt/Content/images/boitmal/produit/zoom/0D7B165FF00CA45BD8F6AC077E3CA1EC.jpg,https://driveimg1.intermarche.com/pt/Content/images/boitmal/produit/zoom/0D7B165FF00CA45BD8F6AC077E3CA1EC.jpg,https://driveimg1.intermarche.com/pt/Content/images/boitmal/produit/zoom/0D7B165FF00CA45BD8F6AC077E3CA1EC.jpg,,2025-04-30T23:59:59.999999999+01:00,PROSPECTUS,9,1,,
419,8718114882536,50.0,Knorr,"Sopa de cebola, embalagem de 50g",,1.6,32.0,0,kg,€/Kg,,https://driveimg1.intermarche.com/pt/Content/images/boitmal/produit/zoom/40DE8A4B0CCB6E254052E81CFB00180A.jpg,,,,,2025-04-30T23:59:59.999999999+01:00,PROSPECTUS,9,1,,
540,3222270158428,1500.0,Friskies,Ração para gato adulto de interior,"Embalagem de 1,5 kg",5.84,3.89,0,kg,€/Kg,,https://driveimg1.intermarche.com/pt/Content/images/boitmal/produit/zoom/CD7C5B2E4322F0515EAC25F0F1ADD782.jpg,,,,,2025-04-30T23:59:59.999999999+01:00,PROSPECTUS,9,1,,
569,5604260304813,1500.0,PorSi,Água tonica,"Garrafa de 1,5 l",1.49,0.99,1500,L,€/L,,https://driveimg1.intermarche.com/pt/Content/images/boitmal/produit/zoom/17B42B57200C49723394473D18AACE4E.jpg,,,,,2025-04-30T23:59:59.999999999+01:00,PROSPECTUS,9,1,,
742,8006540348925,250.0,Pantene,Laca Fixação Flexível,Embalagem de 250 ml,3.99,15.96,250,L,€/L,,https://driveimg1.intermarche.com/pt/Content/images/boitmal/produit/zoom/73B5C91C3C3278D6DBDCC4E421A05C5A.jpg,,,,,2025-04-30T23:59:59.999999999+01:00,PROSPECTUS,9,1,,
927,5601001180903,380.0,Nestlé,Cereais chocapic,Embalagem de 375 g,2.39,6.29,0,kg,€/Kg,,https://driveimg1.intermarche.com/pt/Content/images/boitmal/produit/zoom/EA69C754779AF0C6F4DD36E6F3A8C272.jpg,,,,,2025-04-30T23:59:59.999999999+01:00,PROSPECTUS,9,1,,
931,5601001228100,300.0,Nestum,Nestum flocos de cereais com mel,Embalagem de 300g,2.24,7.47,0,kg,€/Kg,,https://driveimg1.intermarche.com/pt/Content/images/boitmal/produit/zoom/82B368094FF4C269D04DE75FB30D7775.jpg,,,,,2025-04-30T23:59:59.999999999+01:00,PROSPECTUS,9,1,,
939,5601001315107,200.0,Nestlé,"Mistura solúvel tofina despertar, embalagem de 200g",,2.89,14.45,0,kg,€/Kg,,https://driveimg1.intermarche.com/pt/Content/images/boitmal/produit/zoom/CC5A47735407D4C3B415883C0C674337.jpg,,,,,2025-04-30T23:59:59.999999999+01:00,PROSPECTUS,9,1,,
944,5601001339301,200.0,Nestlé,"Mistura solúvel mokambo, embalagem de 200g",,4.19,20.95,0,kg,€/Kg,,https://driveimg1.intermarche.com/pt/Content/images/boitmal/produit/zoom/7654D4A8AEB526591EE0FD0D1A7BE478.jpg,,,,,2025-04-30T23:59:59.999999999+01:00,PROSPECTUS,9,1,,
973,5601024105020,1000.0,Fula,Óleo alimentar,Embalagem 1L,2.02,2.02,1000,L,€/L,,https://driveimg1.intermarche.com/pt/Content/images/boitmal/produit/zoom/322383F88535C8A24498724B92188318.jpg,,,,,2025-04-30T23:59:59.999999999+01:00,PROSPECTUS,9,1,,
978,5601024134136,750.0,Oliveira da Serra,Azeite,Embalagem de 750 ml,5.39,7.19,750,L,€/L,,https://driveimg1.intermarche.com/pt/Content/images/boitmal/produit/zoom/9CC9A85673AA0BF0B09481F106398AA6.jpg,,,,,2025-04-30T23:59:59.999999999+01:00,PROSPECTUS,9,1,,
1012,5601043111026,1000.0,Branca de neve,"Farinha para bolos super fina, embalagem de 1 kg",,1.79,1.79,0,kg,€/Kg,,https://driveimg1.intermarche.com/pt/Content/images/boitmal/produit/zoom/2C1F82D915B4FA8DB609B4607A05BC7E.jpg,,,,,2025-04-30T23:59:59.999999999+01:00,PROSPECTUS,9,1,,
1131,5601078005024,750.0,Grao Vasco,"Vinho doc dão branco, garrafa de 750 ml",,3.35,4.47,750,L,€/L,,https://driveimg1.intermarche.com/pt/Content/images/boitmal/produit/zoom/08D876911D136C69F8C23B36643D6D00.jpg,,,,,2025-04-30T23:59:59.999999999+01:00,PROSPECTUS,9,1,,
1135,5601082022758,250.0,Delta,Café torrado lote chávena máquina,Embalagem de 250g,2.89,11.56,0,kg,€/Kg,,https://driveimg1.intermarche.com/pt/Content/images/boitmal/produit/zoom/13E9F03FF8FB53EE57516E14277CD628.jpg,,,,,2025-04-30T23:59:59.999999999+01:00,PROSPECTUS,9,1,,
1140,5601082026909,55.0,Delta Q,Cápsulas de café delta qualidus,Embalagem de 60g,4.79,87.09,0,kg,€/Kg,,https://driveimg1.intermarche.com/pt/Content/images/boitmal/produit/zoom/441EE69B99F521CFEC78FC743837C36E.jpg,,,,,2025-04-30T23:59:59.999999999+01:00,PROSPECTUS,9,1,,
1141,5601082026930,55.0,Delta Q,Cápsulas de café qharacter,Embalagem de 60g,4.79,87.09,0,kg,€/Kg,,https://driveimg1.intermarche.com/pt/Content/images/boitmal/produit/zoom/ED78713935358B06CEC6FAE9E6288EA3.jpg,,,,,2025-04-30T23:59:59.999999999+01:00,PROSPECTUS,9,1,,
1142,5601082026954,55.0,Delta Q,Café em cápsulas  qonvictus,Embalagem de 55 g,4.79,87.09,0,kg,€/Kg,,https://driveimg1.intermarche.com/pt/Content/images/boitmal/produit/zoom/2BCCE3D035FB6F5D7FC434FDA25E120B.jpg,,,,,2025-04-30T23:59:59.999999999+01:00,PROSPECTUS,9,1,,
1144,5601082026978,55.0,Delta Q,Café em cápsulas aqtivus,Embalagem de 55 g,4.79,87.09,0,kg,€/Kg,,https://driveimg1.intermarche.com/pt/Content/images/boitmal/produit/zoom/52267C2B82B3AE15A09FF0BFBFD58772.jpg,,,,,2025-04-30T23:59:59.999999999+01:00,PROSPECTUS,9,1,,
1146,5601082027029,55.0,Delta Q,Café em cápsulas deqafeitatus,Embalagem de 55 g,4.79,87.09,0,kg,€/Kg,,https://driveimg1.intermarche.com/pt/Content/images/boitmal/produit/zoom/245DF90A4F20DF617A9331E6A54D24B0.jpg,,,,,2025-04-30T23:59:59.999999999+01:00,PROSPECTUS,9,1,,
1187,5601119007963,120.0,Nobre,"6 salsichas de porco, lata de 120g",,1.04,8.67,0,kg,€/Kg,,https://driveimg1.intermarche.com/pt/Content/images/boitmal/produit/zoom/024D21F90F760BFDC12CBD7EB02BECC6.jpg,,,,,2025-04-30T23:59:59.999999999+01:00,PROSPECTUS,9,1,,
1188,5601119007970,200.0,Nobre,"Salsichas de porco, lata de 200g",,1.39,6.95,0,kg,€/Kg,,https://driveimg1.intermarche.com/pt/Content/images/boitmal/produit/zoom/F480FC52D56464F3C1B867155F4A37B9.jpg,,,,,2025-04-30T23:59:59.999999999+01:00,PROSPECTUS,9,1,,
1189,5601119007987,250.0,Nobre,"Salsichas de porco, lata de 250g",,1.67,6.68,0,kg,€/Kg,,https://driveimg1.intermarche.com/pt/Content/images/boitmal/produit/zoom/0B023C2ECBDBE7AB09A89A8810925D65.jpg,,,,,2025-04-30T23:59:59.999999999+01:00,PROSPECTUS,9,1,,
1191,5601119009660,180.0,Nobre,"Mini salsichas cocktail, lata de 180g",,1.79,9.94,0,kg,€/Kg,,https://driveimg1.intermarche.com/pt/Content/images/boitmal/produit/zoom/FEBC979069AC159E9B8E5F8DD02E763D.jpg,,,,,2025-04-30T23:59:59.999999999+01:00,PROSPECTUS,9,1,,
1218,5601126039148,1000.0,Sical,"Café 5 estrelas grão, embalagem de 1 kg",,13.19,13.19,0,kg,€/Kg,,https://driveimg1.intermarche.com/pt/Content/images/boitmal/produit/zoom/F30913D07FB49FD462FB35C8623DC586.jpg,https://driveimg1.intermarche.com/pt/Content/images/boitmal/produit/zoom/352FFCFAE868D5178905BD9725C43B6E.jpg,,,,2025-04-30T23:59:59.999999999+01:00,PROSPECTUS,9,1,,
1300,5601151653456,1000.0,Compal,"Néctar vital equilibrio laranja/maracujá, embalagem de 1l",,1.49,1.49,1000,L,€/L,,https://driveimg1.intermarche.com/pt/Content/images/boitmal/produit/zoom/66D7AD0BA2BE04FFDAEDA995E24E80A5.jpg,,,,,2025-04-30T23:59:59.999999999+01:00,PROSPECTUS,9,1,,
1326,5601164113701,500.0,Super Bock,"Cerveja com álcool, lata, garrafa de 500 ml",,0.85,1.7,500,L,€/L,,https://driveimg1.intermarche.com/pt/Content/images/boitmal/produit/zoom/0AB2770B97F8A4B3E443129A7F4E33FA.jpg,,,,,2025-04-30T23:59:59.999999999+01:00,PROSPECTUS,9,1,,
1331,5601165006255,259.0,Calvé,"Molho de alho, embalagem de 260g",,1.94,7.49,0,kg,€/Kg,,https://driveimg1.intermarche.com/pt/Content/images/boitmal/produit/zoom/250292652676F63A9916D46B501BCEC4.jpg,https://driveimg1.intermarche.com/pt/Content/images/boitmal/produit/zoom/5F13F0DF96776682A865C5AC21E8DB42.jpg,https://driveimg1.intermarche.com/pt/Content/images/boitmal/produit/zoom/5F13F0DF96776682A865C5AC21E8DB42.jpg,https://driveimg1.intermarche.com/pt/Content/images/boitmal/produit/zoom/5F13F0DF96776682A865C5AC21E8DB42.jpg,https://driveimg1.intermarche.com/pt/Content/images/boitmal/produit/zoom/5F13F0DF96776682A865C5AC21E8DB42.jpg,2025-04-30T23:59:59.999999999+01:00,PROSPECTUS,9,1,,
1332,5601165006279,258.0,Calvé,Molho de whisky cocktail 250 ml,,1.94,7.52,0,kg,€/Kg,,https://driveimg1.intermarche.com/pt/Content/images/boitmal/produit/zoom/C7155C8CF8BA05234BDEE31CA7C70EBB.jpg,https://driveimg1.intermarche.com/pt/Content/images/boitmal/produit/zoom/6A3EC69CF4C27CD9078CE26776992F21.jpg,https://driveimg1.intermarche.com/pt/Content/images/boitmal/produit/zoom/6A3EC69CF4C27CD9078CE26776992F21.jpg,https://driveimg1.intermarche.com/pt/Content/images/boitmal/produit/zoom/6A3EC69CF4C27CD9078CE26776992F21.jpg,,2025-04-30T23:59:59.999999999+01:00,PROSPECTUS,9,1,,
1337,5601165100786,50.0,Calvé,"Piri piri, 50 ml",,1.79,35.8,50,L,€/L,,https://driveimg1.intermarche.com/pt/Content/images/boitmal/produit/zoom/4F951154E7DFDEA3712D693426B6D96C.jpg,,,,,2025-04-30T23:59:59.999999999+01:00,PROSPECTUS,9,1,,
1427,5601255322128,1000.0,Caçarola,"Arroz agulha, embalagem de 1 kg",,1.35,1.35,0,kg,€/Kg,,https://driveimg1.intermarche.com/pt/Content/images/boitmal/produit/zoom/5909BD82C9A83624AB1295F48ED2D005.jpg,,,,,2025-04-30T23:59:59.999999999+01:00,PROSPECTUS,9,1,,
1446,5601283140503,250.0,Penha,"Caramelos de leite, embalagem de 250g",,2.24,8.96,0,kg,€/Kg,,https://driveimg1.intermarche.com/pt/Content/images/boitmal/produit/zoom/1C3CD97824435094C2F5EB3E295A357C.jpg,,,,,2025-04-30T23:59:59.999999999+01:00,PROSPECTUS,9,1,,
1447,5601283141500,250.0,Penha,"Caramelos de fruta, embalagem de 250g",,2.24,8.96,0,kg,€/Kg,,https://driveimg1.intermarche.com/pt/Content/images/boitmal/produit/zoom/7EC5A442E9EF4DEED119DFDA6F572F35.jpg,,,,,2025-04-30T23:59:59.999999999+01:00,PROSPECTUS,9,1,,
1448,5601283141517,500.0,Penha,"Caramelos de fruta, embalagem de 500 g",,4.34,8.68,0,kg,€/Kg,,https://driveimg1.intermarche.com/pt/Content/images/boitmal/produit/zoom/0A5AF3CC2BF0F5E8BAD3F62F3C632C7D.jpg,,,,,2025-04-30T23:59:59.999999999+01:00,PROSPECTUS,9,1,,
1450,5601283230501,250.0,Sweet Flavours,"Rebuçados de mentol, 250 g",,1.74,6.96,0,kg,€/Kg,,https://driveimg1.intermarche.com/pt/Content/images/boitmal/produit/zoom/66B85C021C1B0FA9E8FC5238B5F3B5BE.jpg,,,,,2025-04-30T23:59:59.999999999+01:00,PROSPECTUS,9,1,,
1458,5601286220783,500.0,Milaneza,"Massa de cotovelos grossos, embalagem de 500g",,1.57,3.14,0,kg,€/Kg,,https://driveimg1.intermarche.com/pt/Content/images/boitmal/produit/zoom/D93D679931815D69DD3322F399FB1B55.jpg,,,,,2025-04-30T23:59:59.999999999+01:00,PROSPECTUS,9,1,,
1459,5601286221780,500.0,Milaneza,"Massa de cotovelos finos, embalagem de 500g",,1.57,3.14,0,kg,€/Kg,,https://driveimg1.intermarche.com/pt/Content/images/boitmal/produit/zoom/34E88CB07300F13C23DF7BCC4E861747.jpg,,,,,2025-04-30T23:59:59.999999999+01:00,PROSPECTUS,9,1,,
1462,5601286231772,250.0,Milaneza,"Massa, estrelinhas, embalagem de 250g",,0.61,2.44,0,kg,€/Kg,,https://driveimg1.intermarche.com/pt/Content/images/boitmal/produit/zoom/3936C365D7B95744ED545201CA491D61.jpg,,,,,2025-04-30T23:59:59.999999999+01:00,PROSPECTUS,9,1,,
1463,5601286232779,250.0,Milaneza,"Massa pevide, embalagem de 250g",,0.61,2.44,0,kg,€/Kg,,https://driveimg1.intermarche.com/pt/Content/images/boitmal/produit/zoom/7FABF67C8683DAD5B618F045601E14A4.jpg,,,,,2025-04-30T23:59:59.999999999+01:00,PROSPECTUS,9,1,,
1464,5601286233776,250.0,Milaneza,"Massa de bagos, embalagem de 250g",,0.61,2.44,0,kg,€/Kg,,https://driveimg1.intermarche.com/pt/Content/images/boitmal/produit/zoom/539D153DE9C377CF57F947CAA1EB45EB.jpg,,,,,2025-04-30T23:59:59.999999999+01:00,PROSPECTUS,9,1,,
1465,5601286234773,250.0,Milaneza,"Massa de letras, embalagem de 250g",,0.61,2.44,0,kg,€/Kg,,https://driveimg1.intermarche.com/pt/Content/images/boitmal/produit/zoom/93F4FB7CE3C81A4CA398AFB1F88C82DD.jpg,,,,,2025-04-30T23:59:59.999999999+01:00,PROSPECTUS,9,1,,
1466,5601286235770,250.0,Milaneza,"Massa cuscus, embalagem de 250g",,0.61,2.44,0,kg,€/Kg,,https://driveimg1.intermarche.com/pt/Content/images/boitmal/produit/zoom/606493A56C3149C89E86FD71CB1A6172.jpg,,,,,2025-04-30T23:59:59.999999999+01:00,PROSPECTUS,9,1,,
1469,5601286251787,500.0,Milaneza,"Massa de maçarrão, embalagem de 500g",,1.57,3.14,0,kg,€/Kg,,https://driveimg1.intermarche.com/pt/Content/images/boitmal/produit/zoom/684581E08A7B473B6F7C59B6AD72C932.jpg,,,,,2025-04-30T23:59:59.999999999+01:00,PROSPECTUS,9,1,,
1495,5601363100380,300.0,Pála-Pála,"Batata frita caseira rodela, embalagem de 300g",,1.79,5.97,0,kg,€/Kg,,https://driveimg1.intermarche.com/pt/Content/images/boitmal/produit/zoom/2550CC98E3B2E3C63B7A972B31C2AB65.jpg,,,,,2025-04-30T23:59:59.999999999+01:00,PROSPECTUS,9,1,,
1693,5603344681017,40.0,General,Filete de anchovas estendidas,Embalagem de 40g,1.64,41.0,0,kg,€/Kg,,https://driveimg1.intermarche.com/pt/Content/images/boitmal/produit/zoom/06C9DE88EC4B1F1E75839FBBD4E50942.jpg,,,,,2025-04-30T23:59:59.999999999+01:00,PROSPECTUS,9,1,,
2059,5604260303861,500.0,PorSi,Polpa de cebola e alho,Embalagem de 500 g,1.39,2.78,0,kg,€/Kg,,https://driveimg1.intermarche.com/pt/Content/images/boitmal/produit/zoom/41444F01158BD1D91B444EE63E3C35F0.jpg,,,,,2025-04-30T23:59:59.999999999+01:00,PROSPECTUS,9,1,,
2279,5604260270095,55.0,PorSi,Café em cápsulas descafeinado,Embalagem de 55g,1.89,34.36,0,kg,€/Kg,,https://driveimg1.intermarche.com/pt/Content/images/boitmal/produit/zoom/D26303CA655FAD23B73DEC3CCA6C621F.jpg,,,,,2025-04-30T23:59:59.999999999+01:00,PROSPECTUS,9,1,,
2280,5604260270101,55.0,PorSi,Café em cápsulas perfetto,Embalagem de 55g,2.29,41.64,0,kg,€/Kg,,https://driveimg1.intermarche.com/pt/Content/images/boitmal/produit/zoom/49E85F5BB82C2E148DD2A94BDBF1A0A6.jpg,,,,,2025-04-30T23:59:59.999999999+01:00,PROSPECTUS,9,1,,
2281,5604260270118,55.0,PorSi,Café em Cápsulas veneza,10 Unidades,2.29,41.64,0,kg,€/Kg,,https://driveimg1.intermarche.com/pt/Content/images/boitmal/produit/zoom/D116B291766A226D4C93852C6F88B818.jpg,,,,,2025-04-30T23:59:59.999999999+01:00,PROSPECTUS,9,1,,
2466,7613032142599,500.0,Cerelac,Farinha láctea 12 meses,Embalagem de 500g,3.74,7.48,0,kg,€/Kg,,https://driveimg1.intermarche.com/pt/Content/images/boitmal/produit/zoom/4E708CAF1A60A052407E76B7A92102F7.jpg,,,,,2025-04-30T23:59:59.999999999+01:00,PROSPECTUS,9,1,,
2473,7613032404154,250.0,Cerelac,"1ª papa láctea multifrutos sem glúten +4 meses, embalagem de 250g",,3.74,14.96,0,kg,€/Kg,,https://driveimg1.intermarche.com/pt/Content/images/boitmal/produit/zoom/15CA403429D220415417A36F0419C1CA.jpg,,,,,2025-04-30T23:59:59.999999999+01:00,PROSPECTUS,9,1,,
2480,7613032584436,250.0,Cerelac,"Papa infantil láctea maçã +6 meses, embalagem de 250g",,3.19,12.76,0,kg,€/Kg,,https://driveimg1.intermarche.com/pt/Content/images/boitmal/produit/zoom/DE2856C1EA531D0617965332F05D89D4.jpg,,,,,2025-04-30T23:59:59.999999999+01:00,PROSPECTUS,9,1,,
2481,7613032584504,250.0,Cerelac,"Papa infantil láctea banana laranja +6 meses, embalagem de 250g",,3.19,12.76,0,kg,€/Kg,,https://driveimg1.intermarche.com/pt/Content/images/boitmal/produit/zoom/8CB0086F6379609601EA9215ECF52500.jpg,,,,,2025-04-30T23:59:59.999999999+01:00,PROSPECTUS,9,1,,
2482,7613032584757,250.0,Cerelac,Papa infantil láctea 5 frutos +6 meses,Embalagem de 250g,3.19,12.76,0,kg,€/Kg,,https://driveimg1.intermarche.com/pt/Content/images/boitmal/produit/zoom/3BA8FAB1CBB784A1F35D14E45DA423EA.jpg,,,,,2025-04-30T23:59:59.999999999+01:00,PROSPECTUS,9,1,,
2483,7613032607463,250.0,Cerelac,"Papa infantil não láctea 8 cereais e mel +6 meses, de 250g",,2.39,9.56,0,kg,€/Kg,,https://driveimg1.intermarche.com/pt/Content/images/boitmal/produit/zoom/D8960B1BDF9EC6F37D85F527DA09587D.jpg,,,,,2025-04-30T23:59:59.999999999+01:00,PROSPECTUS,9,1,,
2517,7613033796357,1500.0,Friskies,Ração para cão mini adulto menu vitafit com vaca,"Embalagem de 1,5 kg",5.24,3.49,0,kg,€/Kg,,https://driveimg1.intermarche.com/pt/Content/images/boitmal/produit/zoom/D658899067DA9C421D47DDBFB950151E.jpg,,,,,2025-04-30T23:59:59.999999999+01:00,PROSPECTUS,9,1,,
2524,7613033865435,400.0,Cerelac,Leite e cereais bolacha maria +6 meses,Garrafa de 400 ml,2.16,5.4,400,L,€/L,,https://driveimg1.intermarche.com/pt/Content/images/boitmal/produit/zoom/174B9CF061F6CE8751E518CE7B06402B.jpg,,,,,2025-04-30T23:59:59.999999999+01:00,PROSPECTUS,9,1,,
2582,7622300118679,30.0,Tang,Refresco em pó de laranja,Embalagem de 30g,0.87,29.0,0,kg,€/Kg,,https://driveimg1.intermarche.com/pt/Content/images/boitmal/produit/zoom/20187AABC2F47C6DADEC61058655A8F3.jpg,,,,,2025-04-30T23:59:59.999999999+01:00,PROSPECTUS,9,1,,
2583,7622300118969,30.0,Tang,"Refresco em pó, tropical",Embalagem de 30g,0.87,29.0,0,kg,€/Kg,,https://driveimg1.intermarche.com/pt/Content/images/boitmal/produit/zoom/CC251C6B0DE5229B00D1A2434DAA6734.jpg,,,,,2025-04-30T23:59:59.999999999+01:00,PROSPECTUS,9,1,,
2584,7622300119096,30.0,Tang,Refresco em pó de morango,Embalagem de 30g,0.87,29.0,0,kg,€/Kg,,https://driveimg1.intermarche.com/pt/Content/images/boitmal/produit/zoom/FF4575A32ABE57F7904FE92026947256.jpg,,,,,2025-04-30T23:59:59.999999999+01:00,PROSPECTUS,9,1,,
2588,7622300270469,150.0,Milka,"Bolachas de chocolate leite, embalagem de 150g",,2.24,14.93,0,kg,€/Kg,,https://driveimg1.intermarche.com/pt/Content/images/boitmal/produit/zoom/D3835F95E7726A33CA160A344F067F5A.jpg,,,,,2025-04-30T23:59:59.999999999+01:00,PROSPECTUS,9,1,,
2610,7622300786687,184.0,Milka,Bolachas cookies choco xl,Embalagem de 180g,2.59,14.08,0,kg,€/Kg,,https://driveimg1.intermarche.com/pt/Content/images/boitmal/produit/zoom/D3E5ABE6161C1B56E7BE6787BAC3C256.jpg,,,,,2025-04-30T23:59:59.999999999+01:00,PROSPECTUS,9,1,,
2775,8410168195562,1500.0,Friskies,Ração para gato júnior com frango,"Embalagem de 1,5 kg",5.84,3.89,0,kg,€/Kg,,https://driveimg1.intermarche.com/pt/Content/images/boitmal/produit/zoom/8B26E8FECF30B2840793E6B147C2D6D8.jpg,,,,,2025-04-30T23:59:59.999999999+01:00,PROSPECTUS,9,1,,
2784,8410199021137,160.0,Ruffles,"Batata frita, embalagem de 160 g",,1.39,8.69,0,kg,€/Kg,,https://driveimg1.intermarche.com/pt/Content/images/boitmal/produit/zoom/99D56823BC057150117915B487192BF1.jpg,,,,,2025-04-30T23:59:59.999999999+01:00,PROSPECTUS,9,1,,
3538,2894213000000,100.0,PorSi,"Presunto Metades, 6 meses de cura","Vendido ao peso, fatiado a partir de 100 gr",1.5,14.99,0,,€/Kg,,https://driveimg1.intermarche.com/pt/Content/images/boitmal/produit/zoom/BD12C705DC270C3170C5E3CF880D317E.jpg,,,,,2025-04-30T23:59:59.999999999+01:00,PROSPECTUS,9,1,,
3642,3059943009080,250.0,Air Wick,"Ambientador recarga lavanda, de 250 ml",,3.59,14.36,250,L,€/L,,https://driveimg1.intermarche.com/pt/Content/images/boitmal/produit/zoom/1B5D8D27BED08EFB10F243DEB281D401.jpg,,,,,2025-04-30T23:59:59.999999999+01:00,PROSPECTUS,9,1,,
3645,3059944021845,150.0,Veet,"Spray depilatório peles sensiveis, 150 ml",,9.09,60.6,150,L,€/L,,https://driveimg1.intermarche.com/pt/Content/images/boitmal/produit/zoom/0C3ED8E960EDB084459A5DD46AE86CC3.jpg,,,,,2025-04-30T23:59:59.999999999+01:00,PROSPECTUS,9,1,,
4196,3574660464429,,Carefree,"Pensos diários respirare, 76 unidades",Uma embalagem,3.74,3.74,0,,€/Unidade,,https://driveimg1.intermarche.com/pt/Content/images/boitmal/produit/zoom/213B96A821C87940556392D6B201572A.jpg,,,,,2025-04-30T23:59:59.999999999+01:00,PROSPECTUS,9,1,,
4208,3574660709216,,Carefree,"Pensos diários maxi, aloé vera",embalagem com 48 unidades,3.64,3.64,0,,€/Unidade,,https://driveimg1.intermarche.com/pt/Content/images/boitmal/produit/zoom/EBA3444A1289B6F480E65BBBEA0DAD55.jpg,,,,,2025-04-30T23:59:59.999999999+01:00,PROSPECTUS,9,1,,
4509,4005808182534,200.0,Nivea,"Leite de limpeza, embalagem de 200 ml",,4.39,21.95,200,L,€/L,,https://driveimg1.intermarche.com/pt/Content/images/boitmal/produit/zoom/557F4B81E1C97B607CB837FA59DE6B68.jpg,,,,,2025-04-30T23:59:59.999999999+01:00,PROSPECTUS,9,1,,
4510,4005808182688,200.0,Nivea,"Tónico suave, 200 ml",,4.39,21.95,200,L,€/L,,https://driveimg1.intermarche.com/pt/Content/images/boitmal/produit/zoom/7A95F8A0BF4FF2BC35D0E109BB99D559.jpg,,,,,2025-04-30T23:59:59.999999999+01:00,PROSPECTUS,9,1,,
4557,4005900079008,150.0,Nivea,"Gel exfoliante anti impurezas, embalagem de 150 ml",,5.39,35.93,150,L,€/L,,https://driveimg1.intermarche.com/pt/Content/images/boitmal/produit/zoom/D5E4C0C8E6A067A0C847FE29A5538567.jpg,,,,,2025-04-30T23:59:59.999999999+01:00,PROSPECTUS,9,1,,
4715,5000204593198,72.0,Pato,Discos Sanitários Activos Recarga Marinho,Embalagem de 2x36 ml,3.49,48.47,72,L,€/L,,https://driveimg1.intermarche.com/pt/Content/images/boitmal/produit/zoom/CCC21E7CD2CBE6B4EF157DF845CFFD44.jpg,,,,,2025-04-30T23:59:59.999999999+01:00,PROSPECTUS,9,1,,
4716,5000204593242,72.0,Pato,Discos Sanitários Activos Recarga Lima,Embalagem de 2x36 ml,3.49,48.47,72,L,€/L,,https://driveimg1.intermarche.com/pt/Content/images/boitmal/produit/zoom/6E8BEEF9B9E1E763C6D9B6E49B0D85F6.jpg,,,,,2025-04-30T23:59:59.999999999+01:00,PROSPECTUS,9,1,,
4734,5000204678840,50.0,Pato,"Bloco sanitário, automático, água azul",Embalagem de 2x50 g,2.49,49.8,0,kg,€/Kg,,https://driveimg1.intermarche.com/pt/Content/images/boitmal/produit/zoom/FFF052ED8D335191AD778149C1D6A51C.jpg,,,,,2025-04-30T23:59:59.999999999+01:00,PROSPECTUS,9,1,,
4775,5000394203969,,Duracell,2 Pilhas de Comando MN21,,2.99,2.99,0,,€/Unidade,,https://driveimg1.intermarche.com/pt/Content/images/boitmal/produit/zoom/BE24018731806B5B4C5192D8018FB4AC.jpg,,,,,2025-04-30T23:59:59.999999999+01:00,PROSPECTUS,9,1,,
4866,5410036145227,600.0,Vanish,"Limpa alcatifa mousse activa, 600 ml",,5.19,8.65,600,L,€/L,,https://driveimg1.intermarche.com/pt/Content/images/boitmal/produit/zoom/6C27E2DD194F3A92D0082DB1D4838686.jpg,,,,,2025-04-30T23:59:59.999999999+01:00,PROSPECTUS,9,1,,
5026,5601028005876,,Renova,"Papel higiénico, creme, com 4 folhas, 12 rolos",1 embalagem,5.39,5.39,0,,€/Unidade,,https://driveimg1.intermarche.com/pt/Content/images/boitmal/produit/zoom/E6722E311060796AA81787C1C232658A.jpg,https://driveimg1.intermarche.com/pt/Content/images/boitmal/produit/zoom/EEB6B8854A476B4559E7FD52C556019B.jpg,https://driveimg1.intermarche.com/pt/Content/images/boitmal/produit/zoom/EC6D6AEFDA8F102AB7AD981A6FE1DF3D.jpg,https://driveimg1.intermarche.com/pt/Content/images/boitmal/produit/zoom/4D80E42D594B9B39C4E3A0F89DD5FDA3.jpg,,2025-04-30T23:59:59.999999999+01:00,PROSPECTUS,9,1,,
5031,5601028008778,,Renova,"Papel higiénico deco /4 folhas, embalagem 12 rolos",,5.39,5.39,12,,€/Unidade,,https://driveimg1.intermarche.com/pt/Content/images/boitmal/produit/zoom/40255AA0E0A26CE7985BEAB27DB725FB.jpg,,,,,2025-04-30T23:59:59.999999999+01:00,PROSPECTUS,9,1,,
5079,5601036310726,200.0,Ambre Solaire,Óleo Bronzeador Coco,Embalagem de 200 ml,10.14,50.7,200,L,€/L,,https://driveimg1.intermarche.com/pt/Content/images/boitmal/produit/zoom/0D10B62A011EFBA0FB2342AC5CD32FA7.jpg,,,,,2025-04-30T23:59:59.999999999+01:00,PROSPECTUS,9,1,,
5093,5601050033755,620.0,Danone,"Iogurte activia líquido 0% morango/kiwi, embalagem de 4 x 155 g",,1.99,3.21,0,kg,€/Kg,,https://driveimg1.intermarche.com/pt/Content/images/boitmal/produit/zoom/29B41AE598716D0550D815AA0FE86025.jpg,,,,,2025-04-30T23:59:59.999999999+01:00,PROSPECTUS,9,1,,
5095,5601050026405,300.0,Danone,"Queijinho dadoninho petitdino de morango, embalagem de 6 x 50g",,1.99,6.63,0,kg,€/Kg,,https://driveimg1.intermarche.com/pt/Content/images/boitmal/produit/zoom/285FD05A8135D405134AF6FB325A781F.jpg,,,,,2025-04-30T23:59:59.999999999+01:00,PROSPECTUS,9,1,,
5137,5601078005017,750.0,Grao Vasco,"Vinho doc dão tinto, garrafa de 750 ml",,3.35,4.47,750,L,€/L,,https://driveimg1.intermarche.com/pt/Content/images/boitmal/produit/zoom/A49446DA70D634A26DC6B1DBA802B307.jpg,,,,,2025-04-30T23:59:59.999999999+01:00,PROSPECTUS,9,1,,
5296,5601174204000,750.0,Periquita,"Vinho tinto península de setúbal, garrafa de 0.75 l",,3.69,4.92,750,L,€/L,,https://driveimg1.intermarche.com/pt/Content/images/boitmal/produit/zoom/A59713B08AFE22BB2A0344F8EAFAD9A7.jpg,,,,,2025-04-30T23:59:59.999999999+01:00,PROSPECTUS,9,1,,
5297,5601174205403,750.0,Periquita,"Vinho rosé península de setúbal, garrafa de 0.75 l",,3.69,4.92,750,L,€/L,,https://driveimg1.intermarche.com/pt/Content/images/boitmal/produit/zoom/5560F493A8F7D29191B8915BD59AAEB5.jpg,,,,,2025-04-30T23:59:59.999999999+01:00,PROSPECTUS,9,1,,
5460,5601363100229,80.0,Chipicao,"Mini croissants de cacau, 80g",,0.99,12.38,0,kg,€/Kg,,https://driveimg1.intermarche.com/pt/Content/images/boitmal/produit/zoom/2D4FA8D1A5B99EEEAD56414270B8241B.jpg,,,,,2025-04-30T23:59:59.999999999+01:00,PROSPECTUS,9,1,,
5924,5604260255719,1000.0,PorSi,Chouriço corrente,Embalagem de 1kg,5.29,5.29,0,kg,€/Kg,,https://driveimg1.intermarche.com/pt/Content/images/boitmal/produit/zoom/DCBC7482D37FB42C8C4C67F87FE98EDB.jpg,,,,,2025-04-30T23:59:59.999999999+01:00,PROSPECTUS,9,1,,
5985,5604422145209,1000.0,Macieira,"Brandy, garrafa de 1l",,15.49,15.49,1000,L,€/L,,https://driveimg1.intermarche.com/pt/Content/images/boitmal/produit/zoom/37C436F862C365D2BAC7E678CC3E6C1F.jpg,,,,,2025-04-30T23:59:59.999999999+01:00,PROSPECTUS,9,1,,
6133,7613033796401,1500.0,Friskies,Ração para cão mini adulto menu vitafit com frango,"Embalagem de 1,5 kg",5.24,3.49,0,kg,€/Kg,,https://driveimg1.intermarche.com/pt/Content/images/boitmal/produit/zoom/F9D9733A41DC77CBB021DE0309C680AE.jpg,,,,,2025-04-30T23:59:59.999999999+01:00,PROSPECTUS,9,1,,
6539,8411300008931,,Excellence,"Coloração permanente, castanho acajou, nº 4.54",1 unidade,8.44,8.44,0,,€/Unidade,,https://driveimg1.intermarche.com/pt/Content/images/boitmal/produit/zoom/8D8734C0727D13687BF01649F2A105D9.jpg,,,,,2025-04-30T23:59:59.999999999+01:00,PROSPECTUS,9,1,,
6553,8411300565014,,Excellence,Coloração permanente preto nº1,1 unidade,8.44,8.44,0,,€/Unidade,,https://driveimg1.intermarche.com/pt/Content/images/boitmal/produit/zoom/CD09563B55E1AEFA2B8DA9A9FC565873.jpg,,,,,2025-04-30T23:59:59.999999999+01:00,PROSPECTUS,9,1,,
6554,8411300565038,,Excellence,"Coloração permanente, castanho nº4",1 unidade,8.44,8.44,0,,€/Unidade,,https://driveimg1.intermarche.com/pt/Content/images/boitmal/produit/zoom/504442E52FDA5A919629EFEEEF8CFA0E.jpg,,,,,2025-04-30T23:59:59.999999999+01:00,PROSPECTUS,9,1,,
6555,8411300565045,,Excellence,"Coloração permanente, castanho claro nº5",1 unidade,8.44,8.44,0,,€/Unidade,,https://driveimg1.intermarche.com/pt/Content/images/boitmal/produit/zoom/9482DF0C382195029994A10273FA8A9C.jpg,,,,,2025-04-30T23:59:59.999999999+01:00,PROSPECTUS,9,1,,
6556,8411300565052,,Excellence,"Coloração permanente, louro escuro nº6",1 unidade,8.44,8.44,0,,€/Unidade,,https://driveimg1.intermarche.com/pt/Content/images/boitmal/produit/zoom/49067265A34783C239AA847E4897AA41.jpg,,,,,2025-04-30T23:59:59.999999999+01:00,PROSPECTUS,9,1,,
6557,8411300565069,,Excellence,"Coloração permanente, louro, nº7",1 unidade,8.44,8.44,0,,€/Unidade,,https://driveimg1.intermarche.com/pt/Content/images/boitmal/produit/zoom/47563B81C04B41F1CDC70F433A5A9D47.jpg,,,,,2025-04-30T23:59:59.999999999+01:00,PROSPECTUS,9,1,,
6558,8411300565076,,Excellence,"Coloração permanente, louro claro nº8",1 unidade,8.44,8.44,0,,€/Unidade,,https://driveimg1.intermarche.com/pt/Content/images/boitmal/produit/zoom/B6939824AE766FD71FF2687415E2E38D.jpg,,,,,2025-04-30T23:59:59.999999999+01:00,PROSPECTUS,9,1,,
6560,8411300565113,,Excellence,"Coloração permanente, louro dourado, nº7.3",1 unidade,8.44,8.44,0,,€/Unidade,,https://driveimg1.intermarche.com/pt/Content/images/boitmal/produit/zoom/027F971ADE35E2F357FCD8CE880CDFCC.jpg,,,,,2025-04-30T23:59:59.999999999+01:00,PROSPECTUS,9,2,,
6561,8411300565120,,Excellence,"Coloração permanente, louro natural, nº8.1",1 unidade,8.44,8.44,0,,€/Unidade,,https://driveimg1.intermarche.com/pt/Content/images/boitmal/produit/zoom/311F2A89A43354168424C05E48071271.jpg,,,,,2025-04-30T23:59:59.999999999+01:00,PROSPECTUS,9,2,,
6563,8411300566196,,Excellence,"Coloração permanente, louro muito claro nº10",1 unidade,8.44,8.44,0,,€/Unidade,,https://driveimg1.intermarche.com/pt/Content/images/boitmal/produit/zoom/6A280994CC31276467302E233C0ECE88.jpg,,,,,2025-04-30T23:59:59.999999999+01:00,PROSPECTUS,9,2,,
6834,8714789162607,,Colgate,"Escova de dentes, extra clean, 2 unidades",,2.24,2.24,2,,€/Unidade,,https://driveimg1.intermarche.com/pt/Content/images/boitmal/produit/zoom/44661A51C33886F9F9D2E9E6336E3737.jpg,,,,,2025-04-30T23:59:59.999999999+01:00,PROSPECTUS,9,2,,
6930,9300631115434,200.0,Veet,"Depilatório homem gel, 200 ml",,7.34,36.7,200,L,€/L,,https://driveimg1.intermarche.com/pt/Content/images/boitmal/produit/zoom/8A297CDBAC5B42EFD5175092DDCFB6D4.jpg,,,,,2025-04-30T23:59:59.999999999+01:00,PROSPECTUS,9,2,,
6988,0000056090017,100.0,Eru,Queijo creme real,Embalagem de 100 g,1.45,14.5,0,kg,€/Kg,,https://driveimg1.intermarche.com/pt/Content/images/boitmal/produit/zoom/903838029622B2F4259D8E514B009979.jpg,,,,,2025-04-30T23:59:59.999999999+01:00,PROSPECTUS,9,2,,
6992,0000056090864,100.0,Eru,Queijo creme light,Embalagem de 100 g,1.45,14.5,0,kg,€/Kg,,https://driveimg1.intermarche.com/pt/Content/images/boitmal/produit/zoom/7AF7CD5AB1E6FD4B4EE6ADE4EE7D3004.jpg,,,,,2025-04-30T23:59:59.999999999+01:00,PROSPECTUS,9,2,,
6993,0000056091151,100.0,Eru,"Queijo creme, presunto",Embalagem de 100 g,1.45,14.5,0,kg,€/Kg,,https://driveimg1.intermarche.com/pt/Content/images/boitmal/produit/zoom/18F3A18A3116B3716EC2E65028430488.jpg,,,,,2025-04-30T23:59:59.999999999+01:00,PROSPECTUS,9,2,,
7011,0000087187069,100.0,Eru,Queijo creme eru kids,Embalagem de 100 g,1.45,14.5,0,kg,€/Kg,,https://driveimg1.intermarche.com/pt/Content/images/boitmal/produit/zoom/A279EC3B8BC5E3D291A29EE62DF3D294.jpg,,,,,2025-04-30T23:59:59.999999999+01:00,PROSPECTUS,9,2,,
7105,2894508000000,100.0,Primor,Bacon Extra,"Vendido ao peso, fatiado a partir de 100 gr",1.2,11.99,0,,€/Kg,,https://driveimg1.intermarche.com/pt/Content/images/boitmal/produit/zoom/BE4896B3454C5EEBE0D9BE9663BD4C36.jpg,,,,,2025-04-30T23:59:59.999999999+01:00,PROSPECTUS,9,2,,
7231,3059941005008,750.0,Harpic,"Gel wc tripla ação com lixívia, de 750 ml",,1.99,2.65,750,L,€/L,,https://driveimg1.intermarche.com/pt/Content/images/boitmal/produit/zoom/709DE4E0C5656AA740292F75F71F1AE8.jpg,,,,,2025-04-30T23:59:59.999999999+01:00,PROSPECTUS,9,2,,
7634,4005808190195,,Nivea,"Clear up srtip, com 6 unidades z. t,",,5.39,5.39,6,,€/Unidade,,https://driveimg1.intermarche.com/pt/Content/images/boitmal/produit/zoom/0F9F91C8BD0107198BCC61D1A9CD6FAE.jpg,,,,,2025-04-30T23:59:59.999999999+01:00,PROSPECTUS,9,2,,
7651,4005808325009,200.0,Nivea Sun,"Protetor Solar Spray Protect & Play Crianças Fps 50+, 200ml",Embalagem de 200 ml,11.89,59.45,200,L,€/L,,https://driveimg1.intermarche.com/pt/Content/images/boitmal/produit/zoom/B7E749980A8937F034A9FFBA4F32E15A.jpg,,,,,2025-04-30T23:59:59.999999999+01:00,PROSPECTUS,9,2,,
7653,4005808408306,200.0,Nivea Sun,Protetor Solar Hidratante FPS50+,Embalagem de 200 ml,11.49,57.45,200,L,€/L,,https://driveimg1.intermarche.com/pt/Content/images/boitmal/produit/zoom/7F12E4CE77124A038D71DCD1B7A5BC74.jpg,,,,,2025-04-30T23:59:59.999999999+01:00,PROSPECTUS,9,2,,
7656,4005808433490,200.0,Nivea Sun,Loção solar protect & bronze f30,Embalagem de 200 ml,12.49,62.45,200,L,€/L,,https://driveimg1.intermarche.com/pt/Content/images/boitmal/produit/zoom/BCAD86EC7074119713DCB58542ECE9D7.jpg,,,,,2025-04-30T23:59:59.999999999+01:00,PROSPECTUS,9,2,,
7657,4005808435357,200.0,Nivea Sun,"Loção solar, protect&bronze f50",Embalagem de 200 ml,12.99,64.95,200,L,€/L,,https://driveimg1.intermarche.com/pt/Content/images/boitmal/produit/zoom/AC8F528582EAE853AE66B3C84F8D1CD5.jpg,,,,,2025-04-30T23:59:59.999999999+01:00,PROSPECTUS,9,2,,
7659,4005808445448,200.0,Nivea Sun,"Loção solar bronzeadora cenoura fp6, embalagem de 200 ml",,8.89,44.45,200,L,€/L,,https://driveimg1.intermarche.com/pt/Content/images/boitmal/produit/zoom/1AE2E33C87114AF61BD048087FFAA11F.jpg,,,,,2025-04-30T23:59:59.999999999+01:00,PROSPECTUS,9,2,,
7665,4005808479672,200.0,Nivea Sun,Loção Hidratante para Depois do Sol,Embalagem de 200 ml,7.49,37.45,200,L,€/L,,https://driveimg1.intermarche.com/pt/Content/images/boitmal/produit/zoom/BF4349E10687E30F92708CD04CC2E35F.jpg,,,,,2025-04-30T23:59:59.999999999+01:00,PROSPECTUS,9,2,,
7692,4005808751174,200.0,Nivea Sun,Spray protect&bronze f30,Embalagem de 200 ml,12.49,62.45,200,L,€/L,,https://driveimg1.intermarche.com/pt/Content/images/boitmal/produit/zoom/02CE015B79AC49B0C9EF95A1126501B0.jpg,,,,,2025-04-30T23:59:59.999999999+01:00,PROSPECTUS,9,2,,
7934,5000146401568,,Woolite,"Toalhitas de proteção, cores, 10 unidades",Uma embalagem,3.49,3.49,0,,€/Unidade,,https://driveimg1.intermarche.com/pt/Content/images/boitmal/produit/zoom/B5A7F36CE5A8F8531C72A6DA7621A5D6.jpg,,,,,2025-04-30T23:59:59.999999999+01:00,PROSPECTUS,9,2,,
8031,5000394504424,,Duracell,2 Pilhas Alcalina LR44,,1.89,1.89,0,,€/Unidade,,https://driveimg1.intermarche.com/pt/Content/images/boitmal/produit/zoom/14D4F902499AEF28F60F1189AD1CFF04.jpg,,,,,2025-04-30T23:59:59.999999999+01:00,PROSPECTUS,9,2,,
8053,5011007024000,700.0,Jameson,"Irish whiskey select reserva 12 anos, garrafa de 700 ml",,29.19,41.7,700,L,€/L,,https://driveimg1.intermarche.com/pt/Content/images/boitmal/produit/zoom/84B26D00ADB3F50867FD6153A662E61F.jpg,,,,,2025-04-30T23:59:59.999999999+01:00,PROSPECTUS,9,2,,
8068,5011417544679,400.0,Finish,Abrilhantador p/ máquina de lavar loiça,Garrafa de 400 ml,4.99,12.48,400,L,€/L,,https://driveimg1.intermarche.com/pt/Content/images/boitmal/produit/zoom/5D045CC65EE222532216DB5B0BF2A582.jpg,,,,,2025-04-30T23:59:59.999999999+01:00,PROSPECTUS,9,2,,
8073,5011417549247,150.0,Veet,"Creme depilatório para duche peles sensiveis, 150 ml",,6.99,46.6,150,L,€/L,,https://driveimg1.intermarche.com/pt/Content/images/boitmal/produit/zoom/55F20A527BAE920D8A5B2450A23FB180.jpg,,,,,2025-04-30T23:59:59.999999999+01:00,PROSPECTUS,9,2,,
8287,5601012002706,750.0,Papa Figos,"Vinho doc douro tinto, garrafa de 0.75 l",,7.99,10.65,750,L,€/L,,https://driveimg1.intermarche.com/pt/Content/images/boitmal/produit/zoom/3EEE98E8E32B16373BCCF60DD0ED2404.jpg,,,,,2025-04-30T23:59:59.999999999+01:00,PROSPECTUS,9,2,,
8323,5601030007028,80.0,Eru,Queijo fundido surpresa,Embalagem de 80 g,1.85,23.13,0,kg,€/Kg,,https://driveimg1.intermarche.com/pt/Content/images/boitmal/produit/zoom/EBFBF83EE1F7EF39581C507C08B59104.jpg,,,,,2025-04-30T23:59:59.999999999+01:00,PROSPECTUS,9,2,,
8388,5601049152993,1000.0,Mimosa,"Leite especial cálcio + vitamina d m/g, de 1l",,0.98,0.98,1000,L,€/L,,https://driveimg1.intermarche.com/pt/Content/images/boitmal/produit/zoom/AE995344CF7D57F674EA8EE465C57CA4.jpg,,,,,2025-04-30T23:59:59.999999999+01:00,PROSPECTUS,9,2,,
8391,5601049159992,1000.0,Mimosa,"Leite especial cálcio + vitamina d magro, de 1l",,0.98,0.98,1000,L,€/L,,https://driveimg1.intermarche.com/pt/Content/images/boitmal/produit/zoom/22E6964D6A2F2B922BCB40BB341AE902.jpg,,,,,2025-04-30T23:59:59.999999999+01:00,PROSPECTUS,9,2,,
8399,5601050033809,620.0,Danone,"Iogurte activia líquido morango, embalagem de 4 x 155 g",,1.99,3.21,0,kg,€/Kg,,https://driveimg1.intermarche.com/pt/Content/images/boitmal/produit/zoom/D308B1FB4C89B3E5388CD017CB0E1529.jpg,,,,,2025-04-30T23:59:59.999999999+01:00,PROSPECTUS,9,2,,
8400,5601050033779,620.0,Danone,"Iogurte activia líquido cereais, embalagem de 4 x 155 g",,1.99,3.21,0,kg,€/Kg,,https://driveimg1.intermarche.com/pt/Content/images/boitmal/produit/zoom/3AC3707CF655B8CC61D2C80E4828D7C8.jpg,,,,,2025-04-30T23:59:59.999999999+01:00,PROSPECTUS,9,2,,
8413,8410500008932,600.0,Danone,"Actimel iogurte líquido de morango, de 6 x 100g",,2.89,4.82,0,kg,€/Kg,,https://driveimg1.intermarche.com/pt/Content/images/boitmal/produit/zoom/F5F985DE2C1FEBCCE4ED6002098F416C.jpg,,,,,2025-04-30T23:59:59.999999999+01:00,PROSPECTUS,9,2,,
8415,8410500007836,600.0,Danone,"Actimel iogurte líquido tutti frutti, embalagem de 6 x 100g",,2.89,4.82,0,kg,€/Kg,,https://driveimg1.intermarche.com/pt/Content/images/boitmal/produit/zoom/0712AE23BC1EFB6DA91FF7C37F68326A.jpg,,,,,2025-04-30T23:59:59.999999999+01:00,PROSPECTUS,9,2,,
8416,5601050029345,1200.0,Danone,"Iogurte actimel, morango, embalagem de 12 x 100g",,4.99,4.16,0,kg,€/Kg,,https://driveimg1.intermarche.com/pt/Content/images/boitmal/produit/zoom/745F8F4185D59AC1CCF745B58159ECA9.jpg,,,,,2025-04-30T23:59:59.999999999+01:00,PROSPECTUS,9,2,,
8417,8410500006020,600.0,Danone,"Actimel magro natural, embalagem de 6 x 100g",,2.89,4.82,0,kg,€/Kg,,https://driveimg1.intermarche.com/pt/Content/images/boitmal/produit/zoom/729A5232D0A334A9B7BE031706F8AD19.jpg,,,,,2025-04-30T23:59:59.999999999+01:00,PROSPECTUS,9,2,,
8434,5601050033731,620.0,Danone,"Iogurte activia líquido 0% lima/limão, embalagem de 4 x 155g",,1.99,3.21,0,kg,€/Kg,,https://driveimg1.intermarche.com/pt/Content/images/boitmal/produit/zoom/B41EA750EA9360556362913E488E9E4D.jpg,,,,,2025-04-30T23:59:59.999999999+01:00,PROSPECTUS,9,2,,
8435,5601050033953,620.0,Danone,"Iogurte activia líquido 0% de pêssego/maracujá, embalagem de 4 x 155g",,1.99,3.21,0,kg,€/Kg,,https://driveimg1.intermarche.com/pt/Content/images/boitmal/produit/zoom/8F87711D2EAC77ED611C3C3EAE26545D.jpg,,,,,2025-04-30T23:59:59.999999999+01:00,PROSPECTUS,9,2,,
8436,5601050033762,620.0,Danone,"Iogurte activia líquido 0% frutos silvestres, embalagem de 4 x 155g",,1.99,3.21,0,kg,€/Kg,,https://driveimg1.intermarche.com/pt/Content/images/boitmal/produit/zoom/A6C8A8EEDA98A4116E3BB4EB3828EC61.jpg,,,,,2025-04-30T23:59:59.999999999+01:00,PROSPECTUS,9,2,,
8438,5601050033816,620.0,Danone,"Iogurte activia líquido frutos silvestres, embalagem de 4 x 155g",,1.99,3.21,0,kg,€/Kg,,https://driveimg1.intermarche.com/pt/Content/images/boitmal/produit/zoom/E214EAC60369F7ED2580B2CD156E97E1.jpg,,,,,2025-04-30T23:59:59.999999999+01:00,PROSPECTUS,9,2,,
8640,5601151981283,1000.0,Compal,"Néctar vital equilibrio manga/maracujá, embalagem de 1l",,1.49,1.49,1000,L,€/L,,https://driveimg1.intermarche.com/pt/Content/images/boitmal/produit/zoom/9545EAED819CD1B313F66793BF924B43.jpg,,,,,2025-04-30T23:59:59.999999999+01:00,PROSPECTUS,9,2,,
8762,5601217121363,,Air Wick,"Ambientador elétrico lavanda, embalagem de 1 unidades",,4.49,4.49,1,,€/Unidade,,https://driveimg1.intermarche.com/pt/Content/images/boitmal/produit/zoom/85CBDA0490768C5C003838D335A87F79.jpg,,,,,2025-04-30T23:59:59.999999999+01:00,PROSPECTUS,9,2,,
8844,5601283140305,100.0,Penha,"Caramelos de leite, embalagem de 100g",,1.09,10.9,0,kg,€/Kg,,https://driveimg1.intermarche.com/pt/Content/images/boitmal/produit/zoom/760B13D917E45BE0057B0E101F9D9A1D.jpg,,,,,2025-04-30T23:59:59.999999999+01:00,PROSPECTUS,9,2,,
8845,5601283141302,100.0,Penha,"Caramelos de fruta, embalagem de 100g",,1.09,10.9,0,kg,€/Kg,,https://driveimg1.intermarche.com/pt/Content/images/boitmal/produit/zoom/C98C9A92B1D16EB19A2B55E341D898E4.jpg,,,,,2025-04-30T23:59:59.999999999+01:00,PROSPECTUS,9,2,,
8994,5601511000012,200.0,Limiano,"Queijo flamengo, fatias, embalagem de 200g",,2.74,13.7,0,kg,€/Kg,,https://driveimg1.intermarche.com/pt/Content/images/boitmal/produit/zoom/1F93DD1A515F774C2EFA0E2AD8D093E4.jpg,,,,,2025-04-30T23:59:59.999999999+01:00,PROSPECTUS,9,2,,
8996,5601511000357,200.0,Limiano,"Queijo em fatias -50% gordura, 200g",,2.35,11.75,0,kg,€/Kg,,https://driveimg1.intermarche.com/pt/Content/images/boitmal/produit/zoom/A591F05910C9B1AB237E85F7BB193BB0.jpg,,,,,2025-04-30T23:59:59.999999999+01:00,PROSPECTUS,9,2,,
9165,5602154602465,750.0,Adega de Borba,Vinho tinto doc premium alentejo,Garrafa de 750 ml,4.99,6.65,750,L,€/L,,https://driveimg1.intermarche.com/pt/Content/images/boitmal/produit/zoom/AA1F4468B54B15FB8D6311A4DBEF19B4.jpg,,,,,2025-04-30T23:59:59.999999999+01:00,PROSPECTUS,9,2,,
9196,5602523120101,750.0,Mundus,"Vinho regional de lisboa branco, garrafa de 0,75l",,1.69,2.25,750,L,€/L,,https://driveimg1.intermarche.com/pt/Content/images/boitmal/produit/zoom/5352C6E07D1084922C1823AC648623B0.jpg,,,,,2025-04-30T23:59:59.999999999+01:00,PROSPECTUS,9,2,,
9197,5602523130025,750.0,Mundus,"Vinho regional de lisboa rosé, garrafa de 0,75 l",,1.69,2.25,750,L,€/L,,https://driveimg1.intermarche.com/pt/Content/images/boitmal/produit/zoom/C868E55B2E388F55866E0AE654A99F4E.jpg,,,,,2025-04-30T23:59:59.999999999+01:00,PROSPECTUS,9,2,,
9198,5602523161012,750.0,Mundus,Vinho regional lisboa tinto,"Garrafa de 0,75L",1.89,2.52,750,L,€/L,,https://driveimg1.intermarche.com/pt/Content/images/boitmal/produit/zoom/6C303A8C9A7F28B00846A224CA55AEC0.jpg,,,,,2025-04-30T23:59:59.999999999+01:00,PROSPECTUS,9,2,,
9199,5602523162415,750.0,Mundus,Vinho branco região de lisboa,"Garrafa de 0,75 l",2.09,2.79,750,L,€/L,,https://driveimg1.intermarche.com/pt/Content/images/boitmal/produit/zoom/D58132A4FBB69DD9F6B5396CB6ED9D0C.jpg,,,,,2025-04-30T23:59:59.999999999+01:00,PROSPECTUS,9,2,,
9273,5603344641011,120.0,General,Potas gigantes em caldeirada,Embalagem de 120g,1.39,11.58,0,kg,€/Kg,,https://driveimg1.intermarche.com/pt/Content/images/boitmal/produit/zoom/5C3202FA402A5C49870336F4F29BB11A.jpg,,,,,2025-04-30T23:59:59.999999999+01:00,PROSPECTUS,9,2,,
9311,5603722502064,250.0,Mimosa,"Manteiga fácil de barrar, embalagem de 250g",,2.19,8.76,0,kg,€/Kg,,https://driveimg1.intermarche.com/pt/Content/images/boitmal/produit/zoom/FEF75CFD36A5CE8709DF5D4930F11917.jpg,https://driveimg1.intermarche.com/pt/Content/images/boitmal/produit/zoom/A8C47E9F1F12DFE2439D3530C38E2D87.jpg,https://driveimg1.intermarche.com/pt/Content/images/boitmal/produit/zoom/2EE410FD3A0147BBB442FA96902FFF46.jpg,,,2025-04-30T23:59:59.999999999+01:00,PROSPECTUS,9,2,,
9680,5604260270071,1000.0,PorSi Viva Bem,Bebida soja light,Embalagem de 1 l,0.84,0.84,1000,L,€/L,,https://driveimg1.intermarche.com/pt/Content/images/boitmal/produit/zoom/6115ADB8628AEB0958ED7440FC26EB80.jpg,,,,,2025-04-30T23:59:59.999999999+01:00,PROSPECTUS,9,2,,
9913,7622300118945,30.0,Tang,"Refresco em pó, ananás",Embalagem de 30g,0.87,29.0,0,kg,€/Kg,,https://driveimg1.intermarche.com/pt/Content/images/boitmal/produit/zoom/8673436D83D796E69A76791B095DB0EA.jpg,,,,,2025-04-30T23:59:59.999999999+01:00,PROSPECTUS,9,2,,
9935,7622300292508,180.0,Milka,"Bolachas waffers com chocolate de leite, embalagem de 180g",,2.89,16.06,0,kg,€/Kg,,https://driveimg1.intermarche.com/pt/Content/images/boitmal/produit/zoom/132C2281B0740C0C10F96F86AAA41513.jpg,,,,,2025-04-30T23:59:59.999999999+01:00,PROSPECTUS,9,2,,
9937,7622300344757,180.0,Milka,"Bolachas waffers, chocolate branco, embalagem de 180g",,2.89,16.06,0,kg,€/Kg,,https://driveimg1.intermarche.com/pt/Content/images/boitmal/produit/zoom/E0AEF951C1DD74FD9B27A194F5A14E3B.jpg,,,,,2025-04-30T23:59:59.999999999+01:00,PROSPECTUS,9,2,,
10111,8410104402501,200.0,Vanish,"Pré-lavagem power gel, garrafa de 200 ml",,3.99,19.95,200,L,€/L,,https://driveimg1.intermarche.com/pt/Content/images/boitmal/produit/zoom/43D4A166A3EF555D36A5BBF95FBB5D96.jpg,,,,,2025-04-30T23:59:59.999999999+01:00,PROSPECTUS,9,2,,
10116,8410104702601,,Finish,Limpa máquina loiça regular,,3.89,3.89,1,,€/Unidade,,https://driveimg1.intermarche.com/pt/Content/images/boitmal/produit/zoom/928CE798A3F3B183700718A418930AB8.jpg,,,,,2025-04-30T23:59:59.999999999+01:00,PROSPECTUS,9,2,,
10394,8411300565021,,Excellence,"Coloração permanente, preto natural, nº3",1 unidade,8.44,8.44,0,,€/Unidade,,https://driveimg1.intermarche.com/pt/Content/images/boitmal/produit/zoom/58DBDC9AC2783A9ADF0696093694F066.jpg,,,,,2025-04-30T23:59:59.999999999+01:00,PROSPECTUS,9,2,,
10595,8712000900014,1500.0,Heineken,"Cerveja com álcool, embalagem de 6x0,25 l",,4.49,2.99,1500,L,€/L,,https://driveimg1.intermarche.com/pt/Content/images/boitmal/produit/zoom/63BE27FDC0B9B249A8F4BBA82132DFD3.jpg,,,,,2025-04-30T23:59:59.999999999+01:00,PROSPECTUS,9,2,,
10639,8712566395514,61.0,Knorr,"Sopa gourmet, cogumelos, embalagem de 60g",,1.99,32.62,0,kg,€/Kg,,https://driveimg1.intermarche.com/pt/Content/images/boitmal/produit/zoom/37AB5E4154A122936DBF40F8E46CCD3D.jpg,,,,,2025-04-30T23:59:59.999999999+01:00,PROSPECTUS,9,2,,
10694,8714789861647,,Colgate,Escova dentes slim soft média,,2.99,2.99,1,,€/Unidade,,https://driveimg1.intermarche.com/pt/Content/images/boitmal/produit/zoom/4DE93E87787C1602339F777AF155D0FD.jpg,,,,,2025-04-30T23:59:59.999999999+01:00,PROSPECTUS,9,2,,
10848,2895243000000,250.0,Produto selecionado,Queijo Brie 60%,Vendido ao peso a partir de 250 gr,3.5,13.99,0,,€/Kg,,https://driveimg1.intermarche.com/pt/Content/images/boitmal/produit/zoom/C12C1EFAF840C0CE710C6C4168B79A61.jpg,,,,,2025-04-30T23:59:59.999999999+01:00,PROSPECTUS,9,2,,
11116,3600521639221,,Excellence,"Coloração permanente, caramelo avelã, nº 6.41",1 unidade,8.44,8.44,0,,€/Unidade,,https://driveimg1.intermarche.com/pt/Content/images/boitmal/produit/zoom/16A66218A6C884067BC80C381AAFBD50.jpg,,,,,2025-04-30T23:59:59.999999999+01:00,PROSPECTUS,9,2,,
11379,5601043114379,125.0,Branca de neve,"Mousse de café, 140g",,1.69,13.52,0,kg,€/Kg,,https://driveimg1.intermarche.com/pt/Content/images/boitmal/produit/zoom/59C530759CE08438584052487B0847FB.jpg,,,,,2025-04-30T23:59:59.999999999+01:00,PROSPECTUS,9,2,Tipo de stockagem,
11471,5601029004076,120.0,Bom Petisco,Atum posta ao natural,Embalagem de 120 g,1.29,10.75,0,kg,€/Kg,,https://driveimg1.intermarche.com/pt/Content/images/boitmal/produit/zoom/D148E1488041C84EB0524ADACAE78B3A.jpg,,,,,2025-04-30T23:59:59.999999999+01:00,PROSPECTUS,9,2,,
11501,5601049612084,125.0,Mimosa,"Manteiga com sal, embalagem de 130g",,1.34,10.72,0,kg,€/Kg,,https://driveimg1.intermarche.com/pt/Content/images/boitmal/produit/zoom/C0A3DF0B7623AAEE8B7C1B9626AECDDA.jpg,https://driveimg1.intermarche.com/pt/Content/images/boitmal/produit/zoom/1207D37BB442FDD5C918BE023189F00C.jpg,,,,2025-04-30T23:59:59.999999999+01:00,PROSPECTUS,9,2,,
11505,5601050033793,620.0,Danone,"Iogurte activia líquido kiwi, embalagem de 4 x 155g",,1.99,3.21,0,kg,€/Kg,,https://driveimg1.intermarche.com/pt/Content/images/boitmal/produit/zoom/14FD12E9F72A1B2587D9D8BF93B11B3E.jpg,,,,,2025-04-30T23:59:59.999999999+01:00,PROSPECTUS,9,2,,
11633,5601174190006,750.0,Periquita,"Vinho branco península de setúbal, garrafa de 0.75 l",,3.69,4.92,750,L,€/L,,https://driveimg1.intermarche.com/pt/Content/images/boitmal/produit/zoom/7F698CDCE756F256CBB293491AD7CEE7.jpg,,,,,2025-04-30T23:59:59.999999999+01:00,PROSPECTUS,9,2,,
11650,5601192201104,200.0,Agros,Nata uht 200 ml,,0.87,4.35,200,L,€/L,,https://driveimg1.intermarche.com/pt/Content/images/boitmal/produit/zoom/478AC7EFE77B8590BBD8EF6C88C17807.jpg,,,,,2025-04-30T23:59:59.999999999+01:00,PROSPECTUS,9,2,,
11671,5601217126382,1650.0,Woolite,Detergente líquido p/ máquina lavar roupa cores,"Garrafa de 1,65 l",6.99,4.24,1650,L,€/L,,https://driveimg1.intermarche.com/pt/Content/images/boitmal/produit/zoom/8C38ED746381E210259B37EA8CABFD0A.jpg,,,,,2025-04-30T23:59:59.999999999+01:00,PROSPECTUS,9,2,,
11672,5601217126399,1650.0,Woolite,Detergente líquido p/ máquina lavar roupa cores escuras,"Garrafa de 1,65 l",6.99,4.24,1650,L,€/L,,https://driveimg1.intermarche.com/pt/Content/images/boitmal/produit/zoom/FC5980949C1223101DAEB813C8710D22.jpg,,,,,2025-04-30T23:59:59.999999999+01:00,PROSPECTUS,9,2,,
11960,5603722505300,250.0,Mimosa,"Manteiga magra, embalagem de 250g",,2.04,8.16,0,kg,€/Kg,,https://driveimg1.intermarche.com/pt/Content/images/boitmal/produit/zoom/C74CBDA10A089507D586E060E46ABF03.jpg,https://driveimg1.intermarche.com/pt/Content/images/boitmal/produit/zoom/C2F91C79228A3ADF27E4AEC55908D66D.jpg,https://driveimg1.intermarche.com/pt/Content/images/boitmal/produit/zoom/8234260C017BAB3AE2C659FDE5BBED44.jpg,,,2025-04-30T23:59:59.999999999+01:00,PROSPECTUS,9,2,,
11963,5603722505775,250.0,Mimosa,"Manteiga sem sal, embalagem de 250g",,2.14,8.56,0,kg,€/Kg,,https://driveimg1.intermarche.com/pt/Content/images/boitmal/produit/zoom/9BCF64C54A7D7626D65710EBF82436CC.jpg,https://driveimg1.intermarche.com/pt/Content/images/boitmal/produit/zoom/1EA90F949357E7F98D48732996035C6E.jpg,https://driveimg1.intermarche.com/pt/Content/images/boitmal/produit/zoom/1F0AD169BB42B947BB5B96F6E89FDECD.jpg,,,2025-04-30T23:59:59.999999999+01:00,PROSPECTUS,9,2,,
11967,5601049612336,250.0,Mimosa,"Manteiga com sal, embalagem de 250g",,2.14,8.56,0,kg,€/Kg,,https://driveimg1.intermarche.com/pt/Content/images/boitmal/produit/zoom/2C2D066D904F137421CA4F472DC07738.jpg,https://driveimg1.intermarche.com/pt/Content/images/boitmal/produit/zoom/B59AE74FD0DBE6C3112F001AFF69E867.jpg,https://driveimg1.intermarche.com/pt/Content/images/boitmal/produit/zoom/BB9196C3025886DBB6F20EDD70A1CA7A.jpg,,,2025-04-30T23:59:59.999999999+01:00,PROSPECTUS,9,2,,
11990,5604067039000,750.0,Quintas de Melgaço,"Vinho verde branco alvarinho, garrafa de 0.75 l",,8.89,11.85,750,L,€/L,,https://driveimg1.intermarche.com/pt/Content/images/boitmal/produit/zoom/56014CB53468E6D14AE7EBF79A09A952.jpg,,,,,2025-04-30T23:59:59.999999999+01:00,PROSPECTUS,9,2,,
12046,5604260104116,500.0,PorSi,Molho bechamel,Embalagem de 500 ml,1.59,3.18,500,L,€/L,,https://driveimg1.intermarche.com/pt/Content/images/boitmal/produit/zoom/B291394A8F64F4ED834F032F124A988C.jpg,,,,,2025-04-30T23:59:59.999999999+01:00,PROSPECTUS,9,2,,
12066,5604260194063,1000.0,PorSi Viva Bem,Bebida de soja com cálcio,Embalagem de 1 litro,0.79,0.79,1000,L,€/L,,https://driveimg1.intermarche.com/pt/Content/images/boitmal/produit/zoom/16537218BB43EA3E7F5AFCEAEC229452.jpg,,,,,2025-04-30T23:59:59.999999999+01:00,PROSPECTUS,9,2,,
12070,5604260246335,1000.0,PorSi Viva Bem,Bebida de soja e chocolate,Embalagem de 1 l,0.94,0.94,1000,L,€/L,,https://driveimg1.intermarche.com/pt/Content/images/boitmal/produit/zoom/6E5A8C1B2A856DA9E7A8855C518C120A.jpg,,,,,2025-04-30T23:59:59.999999999+01:00,PROSPECTUS,9,2,,
12237,7613034725936,390.0,Nesquik,"Achocolatado em pó extra chocolate, embalagem de 390g",,4.89,12.54,0,kg,€/Kg,,https://driveimg1.intermarche.com/pt/Content/images/boitmal/produit/zoom/353302D99749C8164ECF43D711820BAA.jpg,,,,,2025-04-30T23:59:59.999999999+01:00,PROSPECTUS,9,2,,
12543,8715035110106,150.0,Kikkoman,"Molho de soja com dispenser, de 150 ml",,2.75,18.33,150,L,€/L,,https://driveimg1.intermarche.com/pt/Content/images/boitmal/produit/zoom/3D3E630DEE5977CF2FC3BF40796FA65E.jpg,,,,,2025-04-30T23:59:59.999999999+01:00,PROSPECTUS,9,2,,
12544,8715035130104,150.0,Kikkoman,"Molho de soja com dispensador redução sal, 150 ml",,2.75,18.33,150,L,€/L,,https://driveimg1.intermarche.com/pt/Content/images/boitmal/produit/zoom/633AADF57E8BECC13514E3BC57DBF357.jpg,,,,,2025-04-30T23:59:59.999999999+01:00,PROSPECTUS,9,2,,
12752,3574660097009,,Carefree,Pensos diários flexiform,Embalagem de 30 unidades,1.94,1.94,0,,€/Unidade,,https://driveimg1.intermarche.com/pt/Content/images/boitmal/produit/zoom/3AA9DFEC36748DC91A32328BBA2DF954.jpg,,,,,2025-04-30T23:59:59.999999999+01:00,PROSPECTUS,9,2,,
12887,2892089000000,500.0,Fruta,Manga Barco,1 un = 500 gr (aprox.),1.25,2.49,0,,€/Kg,,https://driveimg1.intermarche.com/pt/Content/images/boitmal/produit/zoom/7DE73DFAB226CDE947BB89C61333D3FE.jpg,,,,,2025-04-30T23:59:59.999999999+01:00,PROSPECTUS,9,2,,
12898,2893293000000,400.0,Programa Origens,Dourada,1 un= 400 grs (aprox.),3.6,8.99,0,,€/Kg,,https://driveimg1.intermarche.com/pt/Content/images/boitmal/produit/zoom/1228D1EB55215F23AB492009B28E8268.jpg,,,,,2025-04-30T23:59:59.999999999+01:00,PROSPECTUS,9,2,,
12978,2892462000000,400.0,Legumes,Alface Frisada,1 un= 400 g (aprox.),0.68,1.69,0,,€/Kg,,https://driveimg1.intermarche.com/pt/Content/images/boitmal/produit/zoom/11753DE36CD8D1B450ED5A40B08A088C.jpg,,,,,2025-04-30T23:59:59.999999999+01:00,PROSPECTUS,9,2,,
12994,2892524000000,100.0,Legumes,Cenoura Granel,1 un = 100 gr (aprox.),0.09,0.85,0,,€/Kg,,https://driveimg1.intermarche.com/pt/Content/images/boitmal/produit/zoom/5AEDEF3ED6ABEF24EACEE9C46AA7916F.jpg,,,,,2025-04-30T23:59:59.999999999+01:00,PROSPECTUS,9,2,,
12997,2892527000000,300.0,Legumes,Courgette Categoria II,,0.42,1.39,0,,€/Kg,,https://driveimg1.intermarche.com/pt/Content/images/boitmal/produit/zoom/323B806C0CB557ED0F5B2CB32A998FDE.jpg,,,,,2025-04-30T23:59:59.999999999+01:00,PROSPECTUS,9,2,,
13026,2892205000000,150.0,Fruta,Maçã Granny Smith,1 un = 150 gr (aprox.),0.28,1.89,0,,€/Kg,,https://driveimg1.intermarche.com/pt/Content/images/boitmal/produit/zoom/3B77F05FE765B9D00E209F1A980CE31B.jpg,,,,,2025-04-30T23:59:59.999999999+01:00,PROSPECTUS,9,2,,
13094,2893070000000,150.0,Peixaria,Carapau Médio Fresco,1 un = 150 gr (aprox.),0.45,2.99,0,,€/Kg,,https://driveimg1.intermarche.com/pt/Content/images/boitmal/produit/zoom/9E2B2401113767EAD496436587CA5A46.jpg,,,,,2025-04-30T23:59:59.999999999+01:00,PROSPECTUS,9,2,,
13136,2893117000000,2000.0,Peixaria,Garoupa Legítima Pequena,1 un= 2 kg (aprox.),29.98,14.99,0,,€/Kg,,https://driveimg1.intermarche.com/pt/Content/images/boitmal/produit/zoom/129E0A0F960C6AA8C3FB58671CC9747D.jpg,,,,,2025-04-30T23:59:59.999999999+01:00,PROSPECTUS,9,2,,
13373,2893800000000,750.0,Bacalhau,Bacalhau Corrente da Noruega,1 un= 750 g (aprox.),6.97,9.29,0,,€/Kg,,https://driveimg1.intermarche.com/pt/Content/images/boitmal/produit/zoom/D74E09EC00B79A52E13EB6B9341BD6BA.jpg,,,,,2025-04-30T23:59:59.999999999+01:00,PROSPECTUS,9,2,,
13504,2893496000000,250.0,Programa Origens,Linguado,1 un=250 gr (aprox.),4.0,15.99,0,,€/Kg,,https://driveimg1.intermarche.com/pt/Content/images/boitmal/produit/zoom/1798FB30B1BBABDC204608C8D21E6894.jpg,,,,,2025-04-30T23:59:59.999999999+01:00,PROSPECTUS,9,2,,
13523,2893515000000,250.0,Peixaria,Lula Congelada,1 un= 250 gr (aprox.),1.12,4.49,0,,€/Kg,,https://driveimg1.intermarche.com/pt/Content/images/boitmal/produit/zoom/B2B7BBDC4CDC3C912C9CD2FEC6D3B682.jpg,,,,,2025-04-30T23:59:59.999999999+01:00,PROSPECTUS,9,2,Avantages !,
13537,2893529000000,250.0,Peixaria,Sardinha Congelada,1 un = 250 gr  (aprox.),1.0,3.99,0,,€/Kg,,https://driveimg1.intermarche.com/pt/Content/images/boitmal/produit/zoom/20CBBBB0702ADDE0888E404D1EC78925.jpg,,,,,2025-04-30T23:59:59.999999999+01:00,PROSPECTUS,9,2,Avantages !,
13541,2893533000000,250.0,Congelado de Aquicultura,Camarão Congelado 60/80,1 un = 250 gr  (aprox.),2.0,7.99,0,,€/Kg,,https://driveimg1.intermarche.com/pt/Content/images/boitmal/produit/zoom/29A2DFA509FFDAFCD18E7F308BD753B4.jpg,,,,,2025-04-30T23:59:59.999999999+01:00,PROSPECTUS,9,2,Avantages !,
13579,2893574000000,1000.0,Peixaria,Abrótea,vendido ao peso,5.99,5.99,0,,€/Kg,,https://driveimg1.intermarche.com/pt/Content/images/boitmal/produit/zoom/F3CF91913F576B19610048E7F8867E7F.jpg,,,,,2025-04-30T23:59:59.999999999+01:00,PROSPECTUS,9,2,,
13582,2893577000000,400.0,Peixaria,Solha Congelada,,2.28,5.69,0,,€/Kg,,https://driveimg1.intermarche.com/pt/Content/images/boitmal/produit/zoom/09CD29C77ECA15BC59D0A288B72C20B4.jpg,,,,,2025-04-30T23:59:59.999999999+01:00,PROSPECTUS,9,2,Avantages !,
13599,2893594000000,500.0,Peixaria,Red Fish Grande Congelado,1 un = 500 gr (aprox.),2.5,4.99,0,,€/Kg,,https://driveimg1.intermarche.com/pt/Content/images/boitmal/produit/zoom/A3E98972B338DCF46BAA412A17BB9B0C.jpg,,,,,2025-04-30T23:59:59.999999999+01:00,PROSPECTUS,9,2,Avantages !,
13673,2893668000000,100.0,Peixaria,Verdinhos,1 un= 100 gr (aprox.),0.3,2.99,0,,€/Kg,,https://driveimg1.intermarche.com/pt/Content/images/boitmal/produit/zoom/8FA032CD02DE442A2FE95E0D7EBC90D3.jpg,,,,,2025-04-30T23:59:59.999999999+01:00,PROSPECTUS,9,2,,
13833,2892579000000,300.0,Legumes,Pepino,1 un = 300 gr  (aprox.),0.45,1.49,0,,€/Kg,,https://driveimg1.intermarche.com/pt/Content/images/boitmal/produit/zoom/BD2734BFC4704D52A466FC85B929304E.jpg,,,,,2025-04-30T23:59:59.999999999+01:00,PROSPECTUS,9,2,,
13852,2891020000000,100.0,Novilho,Fígado,1 un = 100 gr (aprox.),0.6,5.99,0,,€/Kg,,https://driveimg1.intermarche.com/pt/Content/images/boitmal/produit/zoom/7F21D014BF856223502CE366D77F0F5C.jpg,,,,,2025-04-30T23:59:59.999999999+01:00,PROSPECTUS,9,3,,
13861,2691127000000,,Aves,Codornizes,1 un. = 150 g (aprox.),1.09,1.09,0,,€/Unidade,,https://driveimg1.intermarche.com/pt/Content/images/boitmal/produit/zoom/49A0BEA3AB28A38ED8B2B84EBCB7B813.jpg,,,,,2025-04-30T23:59:59.999999999+01:00,PROSPECTUS,9,3,,
13886,2891108000000,1000.0,Frango,Bife de Frango,Vendido ao peso a partir de 1 kg,5.99,5.99,0,,€/Kg,,https://driveimg1.intermarche.com/pt/Content/images/boitmal/produit/zoom/519BDC237EE2CC43FB5B010D4FF5A15B.jpg,,,,,2025-04-30T23:59:59.999999999+01:00,PROSPECTUS,9,3,,
13893,2891043000000,1000.0,Porco,Entrecosto,Vendido ao peso a partir de 1 kg,4.49,4.49,0,,€/Kg,,https://driveimg1.intermarche.com/pt/Content/images/boitmal/produit/zoom/AA05EE99D302D59771FCC108473E0700.jpg,,,,,2025-04-30T23:59:59.999999999+01:00,PROSPECTUS,9,3,,
13914,2891225000000,350.0,Frango,Perna com Costa,1 un. = 300 g (aprox.),0.8,2.29,0,,€/Kg,,https://driveimg1.intermarche.com/pt/Content/images/boitmal/produit/zoom/D1297D1CD095629263E582A65B4C3857.jpg,,,,,2025-04-30T23:59:59.999999999+01:00,PROSPECTUS,9,3,,
13934,2891062000000,250.0,Porco,Rojões,1 un = 250 gr  (aprox.),1.12,4.49,0,,€/Kg,,https://driveimg1.intermarche.com/pt/Content/images/boitmal/produit/zoom/925F2FDC1F925A7FD71EE6165315B22E.jpg,,,,,2025-04-30T23:59:59.999999999+01:00,PROSPECTUS,9,3,,
13947,2891125000000,150.0,Peru,Espetadas de Peru,1 un = 150 gr (aprox.),0.97,6.49,0,,€/Kg,,https://driveimg1.intermarche.com/pt/Content/images/boitmal/produit/zoom/7051DD49B64096A6B46E7815DD618A85.jpg,,,,,2025-04-30T23:59:59.999999999+01:00,PROSPECTUS,9,3,,
13977,2696106000000,,Pastelaria,Folhado de Maçã,1 unidade= 100 g,0.89,0.89,0,,€/Unidade,,https://driveimg1.intermarche.com/pt/Content/images/boitmal/produit/zoom/C92497D9C6A75CD832651E848AF344C3.jpg,,,,,2025-04-30T23:59:59.999999999+01:00,PROSPECTUS,9,3,,
14198,5604260273683,800.0,PorSi,Bolacha tostada,Embalagem de 800g,1.69,2.11,0,kg,€/Kg,,https://driveimg1.intermarche.com/pt/Content/images/boitmal/produit/zoom/B2D5FAAB4BD35CE24623ED7F165261C0.jpg,,,,,2025-04-30T23:59:59.999999999+01:00,PROSPECTUS,9,3,,
14250,5601036205596,,Excellence,Colaração Permanete Castanho Claro Dourado 5.3,1 unidade,8.44,8.44,0,,€/Unidade,,https://driveimg1.intermarche.com/pt/Content/images/boitmal/produit/zoom/E1FF9719684597BAD22A782F5C061A8F.jpg,,,,,2025-04-30T23:59:59.999999999+01:00,PROSPECTUS,9,3,,
14337,3387390320008,141.0,Nestlé,"Barras fitness com chocolate, embalagem de 140g",,2.39,16.95,0,kg,€/Kg,,https://driveimg1.intermarche.com/pt/Content/images/boitmal/produit/zoom/60AE623A4FF700F6FDA38FA5729DE5A4.jpg,,,,,2025-04-30T23:59:59.999999999+01:00,PROSPECTUS,9,3,,
14340,3387390326291,141.0,Nestlé,"Barras fitness com morango, embalagem de 140g",,2.39,16.95,0,kg,€/Kg,,https://driveimg1.intermarche.com/pt/Content/images/boitmal/produit/zoom/3A9BF700A100B0328316208A3B97640F.jpg,,,,,2025-04-30T23:59:59.999999999+01:00,PROSPECTUS,9,3,,
14344,3387390406719,150.0,Nestlé,"Barras de cereais nesquik, embalagem de 150g",,2.39,15.93,0,kg,€/Kg,,https://driveimg1.intermarche.com/pt/Content/images/boitmal/produit/zoom/4878F7C89F5570C091D36337F3638AB8.jpg,,,,,2025-04-30T23:59:59.999999999+01:00,PROSPECTUS,9,3,,
14345,3387390406733,150.0,Nestlé,Barras de cereais golden grahams,Embalagem de 150g,2.39,15.93,0,kg,€/Kg,,https://driveimg1.intermarche.com/pt/Content/images/boitmal/produit/zoom/4ED8E50CAD3BF97963E8DD1B178DBF2B.jpg,,,,,2025-04-30T23:59:59.999999999+01:00,PROSPECTUS,9,3,,
14346,3387390406849,150.0,Nestlé,"Barras cereais chocapic, embalagem de 150g",,2.39,15.93,0,kg,€/Kg,,https://driveimg1.intermarche.com/pt/Content/images/boitmal/produit/zoom/A9E143A7AE167B7B2DF153E69E157760.jpg,,,,,2025-04-30T23:59:59.999999999+01:00,PROSPECTUS,9,3,,
14372,8712100599392,550.0,Calvé,"Ketchup top down, embalagem de 550g",,2.59,4.71,0,kg,€/Kg,,https://driveimg1.intermarche.com/pt/Content/images/boitmal/produit/zoom/6D3218F33B22BC3205033BC41E176600.jpg,https://driveimg1.intermarche.com/pt/Content/images/boitmal/produit/zoom/FE7F103C359D2D1FD7BF3FDC8DD381BA.jpg,https://driveimg1.intermarche.com/pt/Content/images/boitmal/produit/zoom/FE7F103C359D2D1FD7BF3FDC8DD381BA.jpg,https://driveimg1.intermarche.com/pt/Content/images/boitmal/produit/zoom/FE7F103C359D2D1FD7BF3FDC8DD381BA.jpg,,2025-04-30T23:59:59.999999999+01:00,PROSPECTUS,9,3,,
14396,3387390326284,141.0,Nestlé,"Barras fitness natural 141g, embalagem de 140g",,2.39,16.95,0,kg,€/Kg,,https://driveimg1.intermarche.com/pt/Content/images/boitmal/produit/zoom/1D94765A03D57547DD65718EEAF795A7.jpg,,,,,2025-04-30T23:59:59.999999999+01:00,PROSPECTUS,9,3,,
14458,7613034678607,90.0,Nestlé,"Fruta para bebé banana maçã +4 meses, embalagem de 90g",,0.65,7.22,0,kg,€/Kg,,https://driveimg1.intermarche.com/pt/Content/images/boitmal/produit/zoom/0F3547F16577E97D821E3E9FDD9F17B9.jpg,,,,,2025-04-30T23:59:59.999999999+01:00,PROSPECTUS,9,3,,
14566,8414516040122,125.0,Florette,"Agrião, embalagem de 125 g",,1.49,11.92,0,kg,€/Kg,,https://driveimg1.intermarche.com/pt/Content/images/boitmal/produit/zoom/C8FA1EB83331FF196335DAF57F336C1E.jpg,,,,,2025-04-30T23:59:59.999999999+01:00,PROSPECTUS,9,3,,
14568,8414516001161,250.0,Florette,"Salada toscana, embalagem de 250 g",,1.49,5.96,0,kg,€/Kg,,https://driveimg1.intermarche.com/pt/Content/images/boitmal/produit/zoom/7A8AB6F020FBCE4F95A94F76648CD544.jpg,,,,,2025-04-30T23:59:59.999999999+01:00,PROSPECTUS,9,3,,
14569,8414516001123,125.0,Florette,"Canonigos, embalagem de 125 g",,1.49,11.92,0,kg,€/Kg,,https://driveimg1.intermarche.com/pt/Content/images/boitmal/produit/zoom/7AB48AD4E507761E7A4E7D24FAC41610.jpg,,,,,2025-04-30T23:59:59.999999999+01:00,PROSPECTUS,9,3,,
14573,8414516001031,250.0,Florette,"Salada 4 estações, embalagem de 250 g",,1.49,5.96,0,kg,€/Kg,,https://driveimg1.intermarche.com/pt/Content/images/boitmal/produit/zoom/544687527BD5EA27DA44855884673ABD.jpg,,,,,2025-04-30T23:59:59.999999999+01:00,PROSPECTUS,9,3,,
14585,8414516074554,100.0,Florette,"Salada antioxidante, 100g",,1.49,14.9,0,kg,€/Kg,,https://driveimg1.intermarche.com/pt/Content/images/boitmal/produit/zoom/87AD22D6D21C8388359D48D3BFA701BC.jpg,,,,,2025-04-30T23:59:59.999999999+01:00,PROSPECTUS,9,3,,
14684,0000080177173,350.0,Nutella,"Creme para barrar de avelãs e cacau, embalagem de 350g",,2.99,8.54,0,kg,€/Kg,,https://driveimg1.intermarche.com/pt/Content/images/boitmal/produit/zoom/3F068C295F3B09B89A4B75830D497BA1.jpg,,,,,2025-04-30T23:59:59.999999999+01:00,PROSPECTUS,9,3,,
14698,7613034570512,90.0,Nestlé,"Fruta para bebé 4 frutas +4 meses, embalagem de 90g",,0.65,7.22,0,kg,€/Kg,,https://driveimg1.intermarche.com/pt/Content/images/boitmal/produit/zoom/3717C2AF583A80AD83A765BB8032F767.jpg,,,,,2025-04-30T23:59:59.999999999+01:00,PROSPECTUS,9,3,,
14707,5601226041522,600.0,Ucal,"Galão enriquecido em cálcio, embalagem de 3 x 200 ml",,1.79,2.98,600,L,€/L,,https://driveimg1.intermarche.com/pt/Content/images/boitmal/produit/zoom/2BF279FE47A8EA7817F67CBA3BD29A50.jpg,,,,,2025-04-30T23:59:59.999999999+01:00,PROSPECTUS,9,3,,
14717,5900020022370,140.0,Nestlé,Barras de cereais fitness crunchy & caramelo,Embalagem de 140g,2.39,17.07,0,kg,€/Kg,,https://driveimg1.intermarche.com/pt/Content/images/boitmal/produit/zoom/0AC8FEA794F31BD4BBE7C5A74D910827.jpg,,,,,2025-04-30T23:59:59.999999999+01:00,PROSPECTUS,9,3,,
14858,2696002000000,250.0,PorSi,Baguete,250 g,0.46,1.84,0,kg,€/Kg,,https://driveimg1.intermarche.com/pt/Content/images/boitmal/produit/zoom/E4FC9EECB7B8225F27BCA96C630D54A7.jpg,,,,,2025-04-30T23:59:59.999999999+01:00,PROSPECTUS,9,3,,
14862,2696029000000,70.0,Padaria,Carcaça Rústica 70 g,,0.2,2.86,0,kg,€/Kg,,https://driveimg1.intermarche.com/pt/Content/images/boitmal/produit/zoom/6A03940B6FE85C788180114F1E701715.jpg,,,,,2025-04-30T23:59:59.999999999+01:00,PROSPECTUS,9,3,,
14897,2892245000000,4000.0,Fruta,Melancia Riscada,Vendido ao peso | 1 un = 4kg (aprox.),6.36,1.59,0,,€/Kg,,https://driveimg1.intermarche.com/pt/Content/images/boitmal/produit/zoom/499A6B9B1699D69723890E8129338912.jpg,,,,,2025-04-30T23:59:59.999999999+01:00,PROSPECTUS,9,3,,
15010,2892545000000,1000.0,Programa Origens,Couve Flor,1 un = 1 kg (aprox.),1.89,1.89,0,,€/Kg,,https://driveimg1.intermarche.com/pt/Content/images/boitmal/produit/zoom/93AF9BD404AC9C131A6A0C88150C31D1.jpg,,,,,2025-04-30T23:59:59.999999999+01:00,PROSPECTUS,9,3,,
15503,8410500018931,400.0,Danonino Danone,"Iogurte líquido danonino tutti frutti, embalagem de 4 x 100 g",,1.99,4.98,0,kg,€/Kg,,https://driveimg1.intermarche.com/pt/Content/images/boitmal/produit/zoom/49D4DFA8C6DABEB79926D4F0312C64D8.jpg,,,,,2025-04-30T23:59:59.999999999+01:00,PROSPECTUS,9,3,,
15539,4005900118349,200.0,Nivea Sun,Spray óleo protect&bronze f30,Embalagem de 200 ml,12.99,64.95,200,L,€/L,,https://driveimg1.intermarche.com/pt/Content/images/boitmal/produit/zoom/7E3CDA5D811C5715213BDD7DA4E64B7F.jpg,,,,,2025-04-30T23:59:59.999999999+01:00,PROSPECTUS,9,3,,
15577,5604260279166,125.0,PorSi,Framboesa,Embalagem com 125g,2.49,19.92,0,kg,€/Kg,,https://driveimg1.intermarche.com/pt/Content/images/boitmal/produit/zoom/B88FD29FAEF1BF8CB6DEB86AC94C2B60.jpg,,,,,2025-04-30T23:59:59.999999999+01:00,PROSPECTUS,9,3,,
15619,5601164114708,330.0,Super Bock,"Cerveja com álcool, lata, garrafa de 330 ml",,0.64,1.94,330,L,€/L,,https://driveimg1.intermarche.com/pt/Content/images/boitmal/produit/zoom/B88FE79083CF96AAFDD1A0527A80A782.jpg,,,,,2025-04-30T23:59:59.999999999+01:00,PROSPECTUS,9,3,,
15741,7613034945808,1500.0,Friskies,Ração para gato bolas de pelo com frango,"Embalagem de 1,5kg",5.84,3.89,0,kg,€/Kg,,https://driveimg1.intermarche.com/pt/Content/images/boitmal/produit/zoom/C4F10147F3FEEC714C8DFD0AEDE562BD.jpg,,,,,2025-04-30T23:59:59.999999999+01:00,PROSPECTUS,9,3,,
15756,4023103134133,,Vileda,"Esfregão salva unhas fibra verde plus, embalagem com 1+1 grátis",,0.99,0.99,2,,€/Unidade,,https://driveimg1.intermarche.com/pt/Content/images/boitmal/produit/zoom/1C22312F59F53FB6BC02644338966EFF.jpg,https://driveimg1.intermarche.com/pt/Content/images/boitmal/produit/zoom/67A03E111343BC85D66595710A879D2C.jpg,,,,2025-04-30T23:59:59.999999999+01:00,PROSPECTUS,9,3,,
15889,5000116112180,208.0,Capitão Iglo,"10 nuggets de frango com cereais integrais, embalagem de 208 g",,5.99,28.8,0,kg,€/Kg,,https://driveimg1.intermarche.com/pt/Content/images/boitmal/produit/zoom/A3B56B43D7DCCFA80725BB4E8335CE2C.jpg,,,,,2025-04-30T23:59:59.999999999+01:00,PROSPECTUS,9,3,Tipo de stockagem,
15997,5601001003769,200.0,Nescafé,"Café solúvel clássico, embalagem de 200g",,7.69,38.45,0,kg,€/Kg,,https://driveimg1.intermarche.com/pt/Content/images/boitmal/produit/zoom/2D522F02541567E297EFB38917647EE9.jpg,,,,,2025-04-30T23:59:59.999999999+01:00,PROSPECTUS,9,3,,
16125,7613036668408,330.0,Nestlé,Cereais bio chocapic,Embalagem de 330g,3.59,10.88,0,kg,€/Kg,,https://driveimg1.intermarche.com/pt/Content/images/boitmal/produit/zoom/D001C020A8F3509104D966AD7B261DD6.jpg,,,,,2025-04-30T23:59:59.999999999+01:00,PROSPECTUS,9,3,Produtos Bio,
16283,4005900100962,125.0,Nivea,"Demaquilhante dupla ação, de 125g",,3.89,31.12,125,L,€/L,,https://driveimg1.intermarche.com/pt/Content/images/boitmal/produit/zoom/6B7B9A62AAF2C32EB1591530F6B9E6C4.jpg,,,,,2025-04-30T23:59:59.999999999+01:00,PROSPECTUS,9,3,,
16532,8410104156640,250.0,Air Wick,"Ambientador recarga delícias de verão, de 250 ml",,3.59,14.36,250,L,€/L,,https://driveimg1.intermarche.com/pt/Content/images/boitmal/produit/zoom/D59CDBF009CEE64C14901102B4C0C5EA.jpg,,,,,2025-04-30T23:59:59.999999999+01:00,PROSPECTUS,9,3,,
16534,8410104156664,250.0,Air Wick,"Ambientador recarga oasis turquesa, 250 ml",,3.59,14.36,250,L,€/L,,https://driveimg1.intermarche.com/pt/Content/images/boitmal/produit/zoom/3824961F5FB8FB9D3828F1B824042FFE.jpg,,,,,2025-04-30T23:59:59.999999999+01:00,PROSPECTUS,9,3,,
16564,5060166690427,500.0,Monster,"Bebida energética ripper, garrafa de 500 ml",,1.39,2.78,500,L,€/L,,https://driveimg1.intermarche.com/pt/Content/images/boitmal/produit/zoom/30BFC467DE1C5DC85D6B74BBA978CBE5.jpg,,,,,2025-04-30T23:59:59.999999999+01:00,PROSPECTUS,9,3,,
16567,5000116110070,750.0,Iglo,"Esparregado de espinafres, embalagem de 750g",,3.49,4.65,0,kg,€/Kg,,https://driveimg1.intermarche.com/pt/Content/images/boitmal/produit/zoom/F70E4F5A76F097E6E455FB2FF67D9B6F.jpg,,,,,2025-04-30T23:59:59.999999999+01:00,PROSPECTUS,9,3,Tipo de stockagem,
16607,8712561521529,700.0,Cif,"Creme abrasivo original, de 700 ml",,2.69,3.84,700,L,€/L,,https://driveimg1.intermarche.com/pt/Content/images/boitmal/produit/zoom/30CCCA0B503F489882A8FCB31275E9C6.jpg,,,,,2025-04-30T23:59:59.999999999+01:00,PROSPECTUS,9,3,,
16608,8712561521437,700.0,Cif,"Creme abrasivo limão, de 700 ml",,2.69,3.84,700,L,€/L,,https://driveimg1.intermarche.com/pt/Content/images/boitmal/produit/zoom/734448B6276EB5C2CFFCEBF5E628AF6D.jpg,,,,,2025-04-30T23:59:59.999999999+01:00,PROSPECTUS,9,3,,
16609,8712561846530,700.0,Cif,"Creme abrasivo pink flowers, de 700 ml",,2.69,3.84,700,L,€/L,,https://driveimg1.intermarche.com/pt/Content/images/boitmal/produit/zoom/C71BC29DB02419E55AB519313E13B11B.jpg,,,,,2025-04-30T23:59:59.999999999+01:00,PROSPECTUS,9,3,,
16610,8712561521703,700.0,Cif,"Creme abrasivo ativo com lixívia, de 700 ml",,2.69,3.84,700,L,€/L,,https://driveimg1.intermarche.com/pt/Content/images/boitmal/produit/zoom/8A1C269FF05C78AE2B38E76648F4E8B5.jpg,,,,,2025-04-30T23:59:59.999999999+01:00,PROSPECTUS,9,3,,
16706,5601260592608,67.0,Cigala,"Noodle banzai carne, embalagem de 70g",,1.09,16.27,0,kg,€/Kg,,https://driveimg1.intermarche.com/pt/Content/images/boitmal/produit/zoom/82737AEBE736E2B8511494BB15EEB657.jpg,,,,,2025-04-30T23:59:59.999999999+01:00,PROSPECTUS,9,3,,
16728,7613034903204,400.0,Cerelac,Leite e cereais pijama +6 meses,Garrafa de 400 ml,2.16,5.4,400,L,€/L,,https://driveimg1.intermarche.com/pt/Content/images/boitmal/produit/zoom/239F9048DEABC81D470EA8ABD492AED8.jpg,,,,,2025-04-30T23:59:59.999999999+01:00,PROSPECTUS,9,3,,
16793,3250390706380,700.0,On/Off,Vodka,Garrafa 0.70L,12.29,17.56,700,L,€/L,,https://driveimg1.intermarche.com/pt/Content/images/boitmal/produit/zoom/AB177C715370EA2C04FA54F1ABC040DD.jpg,,,,,2025-04-30T23:59:59.999999999+01:00,PROSPECTUS,9,3,,
16857,5603344531114,110.0,General,Atum natural,Embalagem de 110g,1.1,10.0,0,kg,€/Kg,,https://driveimg1.intermarche.com/pt/Content/images/boitmal/produit/zoom/D147FF3405CBBBAF67756FEDE1B5317A.jpg,,,,,2025-04-30T23:59:59.999999999+01:00,PROSPECTUS,9,3,,
16933,5604260277292,55.0,PorSi,Café em cápsulas fortíssimo,Embalagem de 55g,2.29,41.64,0,kg,€/Kg,,https://driveimg1.intermarche.com/pt/Content/images/boitmal/produit/zoom/D2685B35A81DF08A80F802272D6D4C46.jpg,,,,,2025-04-30T23:59:59.999999999+01:00,PROSPECTUS,9,3,,
17114,5000116110148,320.0,Capitão Iglo,"4 hamburguers vaca sem glúten, embalagem de 320g",,4.49,14.03,0,kg,€/Kg,,https://driveimg1.intermarche.com/pt/Content/images/boitmal/produit/zoom/F31F98EC751272F860D1F790EE53DF35.jpg,,,,,2025-04-30T23:59:59.999999999+01:00,PROSPECTUS,9,3,Tipo de stockagem,
17115,5000116110155,640.0,Capitão Iglo,8 hamburguers s/ glúten vaca,Embalagem de 640g,7.99,12.48,0,kg,€/Kg,,https://driveimg1.intermarche.com/pt/Content/images/boitmal/produit/zoom/6FAFE9FC4DDEB6CE7DCD2D721BE41E81.jpg,,,,,2025-04-30T23:59:59.999999999+01:00,PROSPECTUS,9,3,Tipo de stockagem,
17189,5603344531107,110.0,General,"Atum em posta, em azeite, embalagem de 110g",,1.49,13.55,0,kg,€/Kg,,https://driveimg1.intermarche.com/pt/Content/images/boitmal/produit/zoom/9B578FD57DAE66EA731A200412CF6D79.jpg,,,,,2025-04-30T23:59:59.999999999+01:00,PROSPECTUS,9,3,,
17207,8006540943687,1800.0,Fairy,Detergente manual de loiça limão,Embalagem de 2 x 900 ml,6.99,3.88,1800,L,€/L,,https://driveimg1.intermarche.com/pt/Content/images/boitmal/produit/zoom/B2EE328B1B3FB1BA0162E77ED87C40E9.jpg,,,,,2025-04-30T23:59:59.999999999+01:00,PROSPECTUS,9,3,,
17402,8412600027233,700.0,Bimbo,Pão forma familiar normal,embalagem de 700 g,1.99,2.84,0,kg,€/Kg,,https://driveimg1.intermarche.com/pt/Content/images/boitmal/produit/zoom/BD26753EF23D0DF0FDC14FCDC181B902.jpg,,,,,2025-04-30T23:59:59.999999999+01:00,PROSPECTUS,9,3,,
17428,5060335632272,500.0,Monster,"Bebida energética zero, garrafa de 500 ml",,1.39,2.78,500,L,€/L,,https://driveimg1.intermarche.com/pt/Content/images/boitmal/produit/zoom/27CD56EBFA1CEC3B0081B9EB3853C598.jpg,,,,,2025-04-30T23:59:59.999999999+01:00,PROSPECTUS,9,3,,
17523,2891246000000,1000.0,Porco,Pá York c/ Osso c/ Couro,Vendido ao peso a partir de 1 kg,3.99,3.99,0,,€/Kg,,https://driveimg1.intermarche.com/pt/Content/images/boitmal/produit/zoom/B1774B7150E1E65399A00A5F3DC93922.jpg,,,,,2025-04-30T23:59:59.999999999+01:00,PROSPECTUS,9,3,,
17665,8712100745591,754.0,Calvé,"Maionese top down, embalagem de 753 g",,3.49,4.63,0,kg,€/Kg,,https://driveimg1.intermarche.com/pt/Content/images/boitmal/produit/zoom/C6F00A8AA4D7D21E56D34CFA61170423.jpg,,,,,2025-04-30T23:59:59.999999999+01:00,PROSPECTUS,9,3,,
17827,5603344531022,110.0,General,Atum posta em óleo,Embalagem de 110g,0.94,8.55,0,kg,€/Kg,,https://driveimg1.intermarche.com/pt/Content/images/boitmal/produit/zoom/6CF8780AD6CFF5E4D2703538338330A5.jpg,,,,,2025-04-30T23:59:59.999999999+01:00,PROSPECTUS,9,3,,
17887,8410104447526,210.0,Air Wick,"Ambientador vela duo exotic baunilha, embalagem de 2x105g",,4.89,23.29,0,kg,€/Kg,,https://driveimg1.intermarche.com/pt/Content/images/boitmal/produit/zoom/7D7AB5FDCDCE7BE1F7187AA9236F42F9.jpg,,,,,2025-04-30T23:59:59.999999999+01:00,PROSPECTUS,9,3,,
17888,8410104447519,210.0,Air Wick,"Ambientador vela duo maçã, embalagem de 2x105g",,4.89,23.29,0,kg,€/Kg,,https://driveimg1.intermarche.com/pt/Content/images/boitmal/produit/zoom/E0B197EF7DB2E8F4FEC09B7139AD69BC.jpg,,,,,2025-04-30T23:59:59.999999999+01:00,PROSPECTUS,9,3,,
17969,8410104156695,,Air Wick,Recarga ambientador elétrico delícias de verão,,3.59,3.59,1,,€/Unidade,,https://driveimg1.intermarche.com/pt/Content/images/boitmal/produit/zoom/6FDA4F526BE600B71E3CC2981419E972.jpg,,,,,2025-04-30T23:59:59.999999999+01:00,PROSPECTUS,9,3,,
17972,8410104017231,,Air Wick,Recarga ambientador elétrico rosa bouquets,,3.59,3.59,1,,€/Unidade,,https://driveimg1.intermarche.com/pt/Content/images/boitmal/produit/zoom/8E4B54E525D9F6D6A066C53A63FF9057.jpg,,,,,2025-04-30T23:59:59.999999999+01:00,PROSPECTUS,9,3,,
18045,8714789637389,,Colgate,"Escova de dentes max white média, 1 + 1 unidades",,2.99,2.99,1,,€/Unidade,,https://driveimg1.intermarche.com/pt/Content/images/boitmal/produit/zoom/DA81305E47872C0D2A8BC35B8CC9CB97.jpg,,,,,2025-04-30T23:59:59.999999999+01:00,PROSPECTUS,9,3,,
18350,8410320148245,80.0,Campofrio,Chouriço fatiado,Embalagem de 80g,1.59,19.88,0,kg,€/Kg,,https://driveimg1.intermarche.com/pt/Content/images/boitmal/produit/zoom/C3DD6539D50EC6C28C822B12B80D5795.jpg,,,,,2025-04-30T23:59:59.999999999+01:00,PROSPECTUS,9,3,,
18351,8410320029971,80.0,Campofrio,"Salsichão fatiado, embalagem de 80g",,1.59,19.88,0,kg,€/Kg,,https://driveimg1.intermarche.com/pt/Content/images/boitmal/produit/zoom/C191CA814FABA5218D4DFA0D00F6C92A.jpg,,,,,2025-04-30T23:59:59.999999999+01:00,PROSPECTUS,9,3,,
18401,3250390224747,400.0,Páturages,Queijo Raclette Fatias,Embalagem de 400 g,4.99,12.48,0,kg,€/Kg,,https://driveimg1.intermarche.com/pt/Content/images/boitmal/produit/zoom/DBAFB046D9950AAE2BCD847D8EA8C5FE.jpg,,,,,2025-04-30T23:59:59.999999999+01:00,PROSPECTUS,9,3,,
18488,5600744051013,220.0,Saborosa,"Bolacha de manteiga belga original, embalagem de 220g",,1.49,6.77,0,kg,€/Kg,,https://driveimg1.intermarche.com/pt/Content/images/boitmal/produit/zoom/435E3C8EAE2EA4A45A8BB3A81B14CF20.jpg,,,,,2025-04-30T23:59:59.999999999+01:00,PROSPECTUS,9,3,,
18571,5604260320806,,PorSi,Penso Higiénico Ultrafinos Normal Abas,16 unidades,1.24,1.24,0,,€/Unidade,,https://driveimg1.intermarche.com/pt/Content/images/boitmal/produit/zoom/A93F4B2F3D4FAAAAC4665221616BA58C.jpg,,,,,2025-04-30T23:59:59.999999999+01:00,PROSPECTUS,9,3,,
18595,8410500016012,400.0,Danonino Danone,"Iogurte líquido danonino morango, embalagem de 4 x 100g",,1.99,4.98,0,kg,€/Kg,,https://driveimg1.intermarche.com/pt/Content/images/boitmal/produit/zoom/00E1EF11C0C6DBF4F5207E20D5392DA2.jpg,,,,,2025-04-30T23:59:59.999999999+01:00,PROSPECTUS,9,3,,
18596,8410500016029,400.0,Danone,"Iogurte líquido danonino morango/banana, embalagem de 4 x 100 g",,1.99,4.98,0,kg,€/Kg,,https://driveimg1.intermarche.com/pt/Content/images/boitmal/produit/zoom/79AABB1D751FE6F57112090F819DD6BE.jpg,,,,,2025-04-30T23:59:59.999999999+01:00,PROSPECTUS,9,3,,
18841,5601070000140,500.0,Cristal,"Vinagre de vinho tinto, garrafa de 500 ml",,1.13,2.26,500,L,€/L,,https://driveimg1.intermarche.com/pt/Content/images/boitmal/produit/zoom/65AC8A7F4F6F2DE3D7B8C7A5CA2AA682.jpg,,,,,2025-04-30T23:59:59.999999999+01:00,PROSPECTUS,9,3,,
18842,5601070000508,500.0,Cristal,"Vinagre vinho branco 500ml, garrafa de 500 ml",,1.09,2.18,500,L,€/L,,https://driveimg1.intermarche.com/pt/Content/images/boitmal/produit/zoom/BF40408BEDD92487320D96D1D241D8F5.jpg,,,,,2025-04-30T23:59:59.999999999+01:00,PROSPECTUS,9,3,,
18859,5602523151211,750.0,Mundus,"Vinho regional lisboa reserva tinto, garrafa de 750 ml",,3.99,5.32,750,L,€/L,,https://driveimg1.intermarche.com/pt/Content/images/boitmal/produit/zoom/5C837DFE4ED2E151E8908E820ECFFB8A.jpg,,,,,2025-04-30T23:59:59.999999999+01:00,PROSPECTUS,9,3,,
18860,3147690060703,700.0,Gibson's,Gin dry,Garrafa de 700 ml,11.49,16.41,700,L,€/L,,https://driveimg1.intermarche.com/pt/Content/images/boitmal/produit/zoom/EF3EC9468395BE2E5E25F964CCF5DAF7.jpg,,,,,2025-04-30T23:59:59.999999999+01:00,PROSPECTUS,9,3,,
19004,8410104274160,200.0,Veet,"Creme depilatório peles sensíveis, embalagem de 200 ml",,6.99,34.95,200,L,€/L,,https://driveimg1.intermarche.com/pt/Content/images/boitmal/produit/zoom/873F0880AE5560A48B4AFDD06A8FA174.jpg,,,,,2025-04-30T23:59:59.999999999+01:00,PROSPECTUS,9,3,,
19046,5000116110414,480.0,Capitão Iglo,"8 hamburguers sem glúten frango, embalagem de 480g",,7.99,16.65,0,kg,€/Kg,,https://driveimg1.intermarche.com/pt/Content/images/boitmal/produit/zoom/B74DC0C9C4A898B602612BD394B808F5.jpg,,,,,2025-04-30T23:59:59.999999999+01:00,PROSPECTUS,9,3,Tipo de stockagem,
19368,5606586000417,250.0,Legumes,Tomate Cherry,Embalagem de 250 g,1.19,4.76,0,kg,€/Kg,,https://driveimg1.intermarche.com/pt/Content/images/boitmal/produit/zoom/069A452D96BB832E7E3CCB43CD96D923.jpg,,,,,2025-04-30T23:59:59.999999999+01:00,PROSPECTUS,9,3,,
19414,5601028024716,,Renova,"Papel Higiénico Puríssimo 3 Folhas, embalagem c/ 12 rolos",,4.99,4.99,0,,€/Unidade,,https://driveimg1.intermarche.com/pt/Content/images/boitmal/produit/zoom/6371FB49C9F37CFE36AA4E28DFBAAFF4.jpg,,,,,2025-04-30T23:59:59.999999999+01:00,PROSPECTUS,9,3,,
19608,7613035376861,90.0,Nestlé,Fruta para bebé maçã cenoura manga +6 meses,Embalagem de 90g,0.65,7.22,0,kg,€/Kg,,https://driveimg1.intermarche.com/pt/Content/images/boitmal/produit/zoom/E13C913249530CE7ED9D191950EA3924.jpg,,,,,2025-04-30T23:59:59.999999999+01:00,PROSPECTUS,9,3,,
19645,4015400715320,,Tampax,Tampões Com Aplicador Compak Regular,22 unidades,3.86,3.86,0,,€/Unidade,,https://driveimg1.intermarche.com/pt/Content/images/boitmal/produit/zoom/AC3F57E1690C0393E3DDD85AFAB2DA6D.jpg,,,,,2025-04-30T23:59:59.999999999+01:00,PROSPECTUS,9,3,,
19671,8431890077230,500.0,Sensodyne,"Elixir bocal, cool mint",Embalagem de 500 ml,4.19,8.38,500,L,€/L,,https://driveimg1.intermarche.com/pt/Content/images/boitmal/produit/zoom/24A5F08195A0149ECA0431F0EC6A8B38.jpg,,,,,2025-04-30T23:59:59.999999999+01:00,PROSPECTUS,9,3,,
19796,5601174205007,750.0,Periquita,"Vinho tinto regional península de setúbal reserva, garrafa de 0.75 l",,6.99,9.32,750,L,€/L,,https://driveimg1.intermarche.com/pt/Content/images/boitmal/produit/zoom/5A0A320C0B69C925B0F79D6D7DCF555E.jpg,,,,,2025-04-30T23:59:59.999999999+01:00,PROSPECTUS,9,3,,
19893,5601119250840,160.0,Nobre,"Salsichas de frango, lata de 160g",,1.79,11.19,0,kg,€/Kg,,https://driveimg1.intermarche.com/pt/Content/images/boitmal/produit/zoom/9BC7CEDE7731E65B0F588C346A868820.jpg,,,,,2025-04-30T23:59:59.999999999+01:00,PROSPECTUS,9,3,,
20512,5601070000539,500.0,Cristal,"Vinagre de sidra, garrafa de 500 ml",,1.15,2.3,500,L,€/L,,https://driveimg1.intermarche.com/pt/Content/images/boitmal/produit/zoom/088D2E6C27D5043C18AD10EB75A50F4E.jpg,,,,,2025-04-30T23:59:59.999999999+01:00,PROSPECTUS,9,3,,
20537,4005900118431,200.0,Nivea Sun,Protetor Solar Spray para Criança Pure & Sensitive FP50+,Embalagem de 200 ml,12.23,61.15,200,L,€/L,,https://driveimg1.intermarche.com/pt/Content/images/boitmal/produit/zoom/BFCCF18DCC685823F0D2BB4B3602B57F.jpg,,,,,2025-04-30T23:59:59.999999999+01:00,PROSPECTUS,9,3,,
20538,4005900118400,200.0,Nivea Sun,Protetor Solar Loção Protect & Moisture FP30,Embalagem de 200 ml,10.59,52.95,200,L,€/L,,https://driveimg1.intermarche.com/pt/Content/images/boitmal/produit/zoom/CBE4EB7C7704B48E4D7C7E703E74E22B.jpg,,,,,2025-04-30T23:59:59.999999999+01:00,PROSPECTUS,9,3,,
20539,4005900118318,200.0,Nivea Sun,Protetor Solar Spray Protect & Bronze FP20,Embalagem de 200 ml,12.49,62.45,200,L,€/L,,https://driveimg1.intermarche.com/pt/Content/images/boitmal/produit/zoom/822A4C061EA579612B39981A4E284A85.jpg,,,,,2025-04-30T23:59:59.999999999+01:00,PROSPECTUS,9,3,,
20621,5601260591601,67.0,Cigala,"Noodles de caril banzai, 70g",,1.09,16.27,0,kg,€/Kg,,https://driveimg1.intermarche.com/pt/Content/images/boitmal/produit/zoom/37D3A056B1CD5DC7680C3B2D265F5035.jpg,,,,,2025-04-30T23:59:59.999999999+01:00,PROSPECTUS,9,3,,
20693,8410104157043,,Air Wick,"Ambientador stick delicias de verão, embalagem de 1 unidades",,5.99,5.99,1,,€/Unidade,,https://driveimg1.intermarche.com/pt/Content/images/boitmal/produit/zoom/4D79835921EC2C0FC786E7E67A89E081.jpg,,,,,2025-04-30T23:59:59.999999999+01:00,PROSPECTUS,9,3,,
20773,8410104033026,250.0,Xau,"Limpa máquina da roupa, 250 ml",,3.99,15.96,250,L,€/L,,https://driveimg1.intermarche.com/pt/Content/images/boitmal/produit/zoom/DB2F8A31582547F94BE857971C30C79A.jpg,https://driveimg1.intermarche.com/pt/Content/images/boitmal/produit/zoom/ACA5FE2B5CE117A7428A66964AA8A1F2.jpg,https://driveimg1.intermarche.com/pt/Content/images/boitmal/produit/zoom/ACA5FE2B5CE117A7428A66964AA8A1F2.jpg,https://driveimg1.intermarche.com/pt/Content/images/boitmal/produit/zoom/ACA5FE2B5CE117A7428A66964AA8A1F2.jpg,,2025-04-30T23:59:59.999999999+01:00,PROSPECTUS,9,3,,
21051,8435257034300,640.0,Nestlé,"Iogurte líquido yoggi, sem lactose, morango, embalagem de 4 x 160g",,2.19,3.42,0,kg,€/Kg,,https://driveimg1.intermarche.com/pt/Content/images/boitmal/produit/zoom/D5CB31CBF064EE8A66067DB03B82499E.jpg,,,,,2025-04-30T23:59:59.999999999+01:00,PROSPECTUS,9,3,,
21052,8435257034270,640.0,Nestlé,"Iogurte líquido yoggi, sem lactose, morango/banana, embalagem de 4 x 160g",,2.19,3.42,0,kg,€/Kg,,https://driveimg1.intermarche.com/pt/Content/images/boitmal/produit/zoom/2F9637E1E7F59896708553BA46B62C91.jpg,,,,,2025-04-30T23:59:59.999999999+01:00,PROSPECTUS,9,3,,
21120,7622210453327,156.0,Milka,"Bolacha cookie sensations choco, embalagem de 160g",,2.59,16.6,0,kg,€/Kg,,https://driveimg1.intermarche.com/pt/Content/images/boitmal/produit/zoom/E53F7BCE41465180DC53E06BB2781BB4.jpg,,,,,2025-04-30T23:59:59.999999999+01:00,PROSPECTUS,9,3,,
21292,5604260263837,250.0,PorSi,Alho Seco,Embalagem: 250 g  ,1.49,5.96,0,kg,€/Kg,,https://driveimg1.intermarche.com/pt/Content/images/boitmal/produit/zoom/9CACD04AEB53BB065A4A6DA5A64A1473.jpg,,,,,2025-04-30T23:59:59.999999999+01:00,PROSPECTUS,9,3,,
21495,8718951109360,,Colgate,Escova dentifrica 360º advanced média,1 unidade,3.39,3.39,0,,€/Unidade,,https://driveimg1.intermarche.com/pt/Content/images/boitmal/produit/zoom/23AB55E52F0C83EE364CD293012DF039.jpg,,,,,2025-04-30T23:59:59.999999999+01:00,PROSPECTUS,9,3,,
21523,5602417101582,5000.0,Courelas d'Alqueva,Vinho bag-in-box branco,Garrafa de 5 l,6.49,1.3,5000,L,€/L,,https://driveimg1.intermarche.com/pt/Content/images/boitmal/produit/zoom/4D3F0DF38C3F94ABA8EE403D35C64B7B.jpg,,,,,2025-04-30T23:59:59.999999999+01:00,PROSPECTUS,9,4,,
21583,5600224301027,750.0,Duorum,Vinho DOC Douro Tinto,"Garrafa de 0,75L",9.99,13.32,750,L,€/L,,https://driveimg1.intermarche.com/pt/Content/images/boitmal/produit/zoom/7E7DCFE154686EBFE31A365E7F81D8EC.jpg,,,,,2025-04-30T23:59:59.999999999+01:00,PROSPECTUS,9,4,,
21745,7613035659728,250.0,Cerelac,Papa infantil não láctea multicereais +6 meses,Embalagem de 250g,2.39,9.56,0,kg,€/Kg,,https://driveimg1.intermarche.com/pt/Content/images/boitmal/produit/zoom/90667A298E4003D9445C62EE2E028371.jpg,,,,,2025-04-30T23:59:59.999999999+01:00,PROSPECTUS,9,4,,
21766,7613035487840,90.0,Nestlé,Fruta para bebé banana laranja bolacha +6 meses,Embalagem de 90g,0.65,7.22,0,kg,€/Kg,,https://driveimg1.intermarche.com/pt/Content/images/boitmal/produit/zoom/A8104E7B3738DD14CEF192706B16EFC4.jpg,,,,,2025-04-30T23:59:59.999999999+01:00,PROSPECTUS,9,4,,
21767,7613035487871,90.0,Nestlé,"Fruta para bebé multifrutas +4 meses, embalagem de 90g",,0.65,7.22,0,kg,€/Kg,,https://driveimg1.intermarche.com/pt/Content/images/boitmal/produit/zoom/1B1A7DCEC52C23E2760C4FE3A24A75EE.jpg,,,,,2025-04-30T23:59:59.999999999+01:00,PROSPECTUS,9,4,,
22763,5601043114430,125.0,Branca de neve,"Mousse limão, embalagem de 130g",,1.69,13.52,0,kg,€/Kg,,https://driveimg1.intermarche.com/pt/Content/images/boitmal/produit/zoom/F8C371D646E2FE97B563016B8006223A.jpg,,,,,2025-04-30T23:59:59.999999999+01:00,PROSPECTUS,9,4,Tipo de stockagem,
23077,8718951122857,,Colgate,"Escova dentífrica infantil, minions, + 6 anos",1 + 1 unidade grátis,2.59,2.59,0,,€/Unidade,,https://driveimg1.intermarche.com/pt/Content/images/boitmal/produit/zoom/F172A823FBE2AE9BFB74E7483EF8B3DD.jpg,,,,,2025-04-30T23:59:59.999999999+01:00,PROSPECTUS,9,4,,
23212,8434165444874,500.0,Cuétara,Flakes,Embalagem de 500g,2.99,5.98,0,kg,€/Kg,,https://driveimg1.intermarche.com/pt/Content/images/boitmal/produit/zoom/935BF93179C36A699433ECCECA638867.jpg,,,,,2025-04-30T23:59:59.999999999+01:00,PROSPECTUS,9,4,,
23469,8410500020453,280.0,Danone,"Danonino para levar, polpa de morango, embalagem de 4 x 70 g",,2.14,7.64,0,kg,€/Kg,,https://driveimg1.intermarche.com/pt/Content/images/boitmal/produit/zoom/3E7A122EA567C89446D113FF66BFA0AE.jpg,,,,,2025-04-30T23:59:59.999999999+01:00,PROSPECTUS,9,4,,
23524,5000204922851,750.0,Pato,"Líquido sanitário extra power, marinho, 750 ml",,1.69,2.25,750,L,€/L,,https://driveimg1.intermarche.com/pt/Content/images/boitmal/produit/zoom/60268FF4016AF8FBA52DB6A9A88D181B.jpg,,,,,2025-04-30T23:59:59.999999999+01:00,PROSPECTUS,9,4,,
23652,8712000900175,6000.0,Heineken,"Cerveja com álcool, pack 24 x 0.25 l",,14.99,2.5,6000,L,€/L,,https://driveimg1.intermarche.com/pt/Content/images/boitmal/produit/zoom/AB5BBEB462A56533212E5950F8D46993.jpg,,,,,2025-04-30T23:59:59.999999999+01:00,PROSPECTUS,9,4,,
24368,5601050033021,620.0,Danone,"Iogurte líquido corpos danone, embalagem de 4 x 155g",,1.89,3.05,0,kg,€/Kg,,https://driveimg1.intermarche.com/pt/Content/images/boitmal/produit/zoom/6EEC58F892743EDA98060B1AE2CB4E38.jpg,,,,,2025-04-30T23:59:59.999999999+01:00,PROSPECTUS,9,4,,
24369,5601050033045,620.0,Danone,"Iogurte líquido morango / kiwi corpos danone, embalagem de 4 x 155g",,1.89,3.05,0,kg,€/Kg,,https://driveimg1.intermarche.com/pt/Content/images/boitmal/produit/zoom/4DF8E752E36F802BC82CCB72970E5D9F.jpg,,,,,2025-04-30T23:59:59.999999999+01:00,PROSPECTUS,9,4,,
24370,5601050033052,620.0,Danone,"Iogurte líquido morango / framboesa corpos danone, embalagem de 4 x 155g",,1.89,3.05,0,kg,€/Kg,,https://driveimg1.intermarche.com/pt/Content/images/boitmal/produit/zoom/B53E7B84291132B08A3B77128B6BF1A5.jpg,,,,,2025-04-30T23:59:59.999999999+01:00,PROSPECTUS,9,4,,
24371,5601050033014,620.0,Danone,"Iogurte líquido pinacolada corpos danone, embalagem de 4 x 155g",,1.89,3.05,0,kg,€/Kg,,https://driveimg1.intermarche.com/pt/Content/images/boitmal/produit/zoom/6B78DED571E8DAF3CF098A27E97064BA.jpg,,,,,2025-04-30T23:59:59.999999999+01:00,PROSPECTUS,9,4,,
24411,8410436297752,1300.0,Sonasol,"Lava tudo rosas e jasmim, 1,3l",,2.09,1.61,1300,L,€/L,,https://driveimg1.intermarche.com/pt/Content/images/boitmal/produit/zoom/A8DAC5F038BB6C2FB23FB3C7F35CC590.jpg,,,,,2025-04-30T23:59:59.999999999+01:00,PROSPECTUS,9,4,,
24412,8410436297660,1300.0,Sonasol,"Lava tudo aloe vera e flores brancas, 1,3l",,2.09,1.61,1300,L,€/L,,https://driveimg1.intermarche.com/pt/Content/images/boitmal/produit/zoom/1CF7718543DB6BCDD620E4F3293279BF.jpg,,,,,2025-04-30T23:59:59.999999999+01:00,PROSPECTUS,9,4,,
24413,8410436297783,1300.0,Sonasol,"Lava tudo PH neutro, embalagem de 1,3l",,2.09,1.61,1300,L,€/L,,https://driveimg1.intermarche.com/pt/Content/images/boitmal/produit/zoom/40B27BFEEAC61B53B8E103581B41FECE.jpg,,,,,2025-04-30T23:59:59.999999999+01:00,PROSPECTUS,9,4,,
24414,8410436297691,1300.0,Sonasol,"Lava tudo camomila e flor de laranjeira, 1,3l",,2.09,1.61,1300,L,€/L,,https://driveimg1.intermarche.com/pt/Content/images/boitmal/produit/zoom/C67C521AD0B096D9F596A17B56363CA4.jpg,,,,,2025-04-30T23:59:59.999999999+01:00,PROSPECTUS,9,4,,
24415,8410436299961,1300.0,Sonasol,"Lava tudo lavanda, 1,3l",,2.09,1.61,1300,L,€/L,,https://driveimg1.intermarche.com/pt/Content/images/boitmal/produit/zoom/7357FEB6EC6D53B795AF0EA5889F5ADF.jpg,,,,,2025-04-30T23:59:59.999999999+01:00,PROSPECTUS,9,4,,
24509,4005900342980,400.0,Nivea,"Água micelar 3 em 1 peles sensíveis, embalagem com 400 ml",,4.44,11.1,400,L,€/L,,https://driveimg1.intermarche.com/pt/Content/images/boitmal/produit/zoom/7EBD2E04C862A666D54DA3901073CC68.jpg,,,,,2025-04-30T23:59:59.999999999+01:00,PROSPECTUS,9,4,,
24748,8410104124649,1000.0,Finish,"Detergente líquido para máquina lavar loiça gel tudo em 1 limão, de 1 l",,9.49,9.49,1000,L,€/L,,https://driveimg1.intermarche.com/pt/Content/images/boitmal/produit/zoom/350E35F90B7D257D3A471C43A79AD891.jpg,,,,,2025-04-30T23:59:59.999999999+01:00,PROSPECTUS,9,4,,
25153,5000146400042,750.0,Harpic,"Líquido wc duraguard pinho da montanha, de 750 ml",,1.99,2.65,750,L,€/L,,https://driveimg1.intermarche.com/pt/Content/images/boitmal/produit/zoom/60482C1A42B437AF7EE7BE6BA2170110.jpg,,,,,2025-04-30T23:59:59.999999999+01:00,PROSPECTUS,9,4,,
25214,7613035930551,90.0,Nestlé,"Fruta para bebé maçã banana morango +8 meses, embalagem de 90g",,0.65,7.22,0,kg,€/Kg,,https://driveimg1.intermarche.com/pt/Content/images/boitmal/produit/zoom/A2E1B043C34553B91FFED35123D220EC.jpg,,,,,2025-04-30T23:59:59.999999999+01:00,PROSPECTUS,9,4,,
25262,5000116112166,208.0,Capitão Iglo,"10 nuggets de frango, embalagem de 210g",,5.99,28.8,0,kg,€/Kg,,https://driveimg1.intermarche.com/pt/Content/images/boitmal/produit/zoom/CF1467DF1CD91C352F5C2C303E0557A7.jpg,,,,,2025-04-30T23:59:59.999999999+01:00,PROSPECTUS,9,4,Tipo de stockagem,
25298,4005900372918,200.0,Nivea Sun,Loção After Sun Bronze,Embalagem de 200 ml,8.74,43.7,200,L,€/L,,https://driveimg1.intermarche.com/pt/Content/images/boitmal/produit/zoom/0B0A16EEF68ACFE5BBF8337CB9E1AC44.jpg,,,,,2025-04-30T23:59:59.999999999+01:00,PROSPECTUS,9,4,,
25347,8410104249601,200.0,Veet,"Creme depilatório men peles sensíveis, 200 ml",,7.34,36.7,200,L,€/L,,https://driveimg1.intermarche.com/pt/Content/images/boitmal/produit/zoom/9DDDA87554E967A0A43970F321031C3C.jpg,,,,,2025-04-30T23:59:59.999999999+01:00,PROSPECTUS,9,4,,
25348,8410104885380,150.0,Veet,"Creme depilatório duche men peles normais, embalagem com 150 ml",,7.34,48.93,150,L,€/L,,https://driveimg1.intermarche.com/pt/Content/images/boitmal/produit/zoom/634E3400244A235BD273D262D91D8EB1.jpg,,,,,2025-04-30T23:59:59.999999999+01:00,PROSPECTUS,9,4,,
25517,5601195610040,1000.0,Pedras Salgadas,"Pedras limão, garrafa de 1 litro",,1.49,1.49,1000,L,€/L,,https://driveimg1.intermarche.com/pt/Content/images/boitmal/produit/zoom/2B8E5443A479EDAEAD1427A9FA97568C.jpg,,,,,2025-04-30T23:59:59.999999999+01:00,PROSPECTUS,9,4,,
25538,7613035800281,1500.0,Friskies,Ração para gato esterilizado com peru,"Embalagem de 1,5 kg",5.84,3.89,0,kg,€/Kg,,https://driveimg1.intermarche.com/pt/Content/images/boitmal/produit/zoom/FF9C78F9FCA49B5C5370D6F754BBF1C8.jpg,,,,,2025-04-30T23:59:59.999999999+01:00,PROSPECTUS,9,4,,
25540,7613035378636,142.0,Purina One,"Snack de higiene oral diária para cão grande, de 142 g",,2.24,15.77,0,kg,€/Kg,,https://driveimg1.intermarche.com/pt/Content/images/boitmal/produit/zoom/C39C859258FB765A439650B5D367946C.jpg,,,,,2025-04-30T23:59:59.999999999+01:00,PROSPECTUS,9,4,,
25542,7613035378681,115.0,Purina One,Snack de higiene oral diária para cão médio,Embalagem de 115 g,2.24,19.48,0,kg,€/Kg,,https://driveimg1.intermarche.com/pt/Content/images/boitmal/produit/zoom/CC61BC096B4044BD95549C5F6B38B6BE.jpg,,,,,2025-04-30T23:59:59.999999999+01:00,PROSPECTUS,9,4,,
25616,3600541996601,400.0,Ambre Solaire,Leite Sensitive Advanced FPS 50,Embalagem de 400 ml,17.14,42.85,400,L,€/L,,https://driveimg1.intermarche.com/pt/Content/images/boitmal/produit/zoom/1FFE2C4CE08717C524366C81791F0492.jpg,,,,,2025-04-30T23:59:59.999999999+01:00,PROSPECTUS,9,4,,
25623,8718951145191,,Colgate,"Escova dentes kids minions bateria, 1 un.",,5.99,5.99,1,,€/Unidade,,https://driveimg1.intermarche.com/pt/Content/images/boitmal/produit/zoom/2816FD63FF1A99B8B698E5EA0A13FCA0.jpg,,,,,2025-04-30T23:59:59.999999999+01:00,PROSPECTUS,9,4,,
25735,5000116112173,208.0,Capitão Iglo,"10 nuggets peito de frango e queijo, embalagem de 210g",,5.99,28.8,0,kg,€/Kg,,https://driveimg1.intermarche.com/pt/Content/images/boitmal/produit/zoom/C51CDDEB144DBFB12E5D153B5560BAD5.jpg,,,,,2025-04-30T23:59:59.999999999+01:00,PROSPECTUS,9,4,Tipo de stockagem,
25822,4005808221660,100.0,Nivea Men,"After shave bálsamo hidratante, embalagem de 100 ml",,5.69,56.9,100,L,€/L,,https://driveimg1.intermarche.com/pt/Content/images/boitmal/produit/zoom/A0035E20F3824AA3E7B3AF7CDA607973.jpg,,,,,2025-04-30T23:59:59.999999999+01:00,PROSPECTUS,9,4,,
25861,5603722509759,800.0,Mimosa,"Leite com chocolate, embalagem de 4 x 200 ml",,1.79,2.24,800,L,€/L,,https://driveimg1.intermarche.com/pt/Content/images/boitmal/produit/zoom/4FE9754297F54084EBC31D72FBB55E4F.jpg,,,,,2025-04-30T23:59:59.999999999+01:00,PROSPECTUS,9,4,,
25871,5601260594602,67.0,Cigala,"Noodles de camarão banzai, 70g",,1.09,16.27,0,kg,€/Kg,,https://driveimg1.intermarche.com/pt/Content/images/boitmal/produit/zoom/7E1759C17E77CC4902F1A3B8AA6FCBFB.jpg,,,,,2025-04-30T23:59:59.999999999+01:00,PROSPECTUS,9,4,,
25931,4005808222490,200.0,Nivea Men,"Espuma de barbear protectora, embalagem de 200 ml",,3.89,19.45,200,L,€/L,,https://driveimg1.intermarche.com/pt/Content/images/boitmal/produit/zoom/8762C959EBE7753582EB2BA05D5DDF9E.jpg,,,,,2025-04-30T23:59:59.999999999+01:00,PROSPECTUS,9,4,,
26047,8412600070994,650.0,Bimbo,Pão de forma s/ côdea,Embalagem de 650 g,2.14,3.29,0,kg,€/Kg,,https://driveimg1.intermarche.com/pt/Content/images/boitmal/produit/zoom/29A6957961BACB180F45AAA47CD1FB78.jpg,,,,,2025-04-30T23:59:59.999999999+01:00,PROSPECTUS,9,4,,
26075,4005808223008,200.0,Nivea Men,"Gel de barbear protetor, embalagem de 200 ml",,4.69,23.45,200,L,€/L,,https://driveimg1.intermarche.com/pt/Content/images/boitmal/produit/zoom/F8E78106C37AE14DF60C20C119F94F6B.jpg,,,,,2025-04-30T23:59:59.999999999+01:00,PROSPECTUS,9,4,,
26341,5601012011920,750.0,Papa Figos,"Vinho doc douro branco, garrafa de 750 ml",,7.99,10.65,750,L,€/L,,https://driveimg1.intermarche.com/pt/Content/images/boitmal/produit/zoom/47C911133755ED927EA5820F32D168BD.jpg,,,,,2025-04-30T23:59:59.999999999+01:00,PROSPECTUS,9,4,,
26455,8006540830840,1250.0,Fairy,Detergente Líquido p/ Lavar Loiça Platinum Original,"Embalagem de 1,25 l",4.99,3.99,1250,L,€/L,,https://driveimg1.intermarche.com/pt/Content/images/boitmal/produit/zoom/F9FB16396CA6333A721D98D1F2F69B67.jpg,,,,,2025-04-30T23:59:59.999999999+01:00,PROSPECTUS,9,4,,
27275,5601043114492,110.0,Branca de neve,"Mousse morango, embalagem de 130g",,1.69,15.36,0,kg,€/Kg,,https://driveimg1.intermarche.com/pt/Content/images/boitmal/produit/zoom/5A09EDFF2E24A780747D651CE30B6FCD.jpg,,,,,2025-04-30T23:59:59.999999999+01:00,PROSPECTUS,9,4,Tipo de stockagem,
27547,7613036101417,240.0,Cerelac,Seleção da natureza papa infantil láctea aveia manga banana +6 meses,Embalagem de 240g,2.99,12.46,0,kg,€/Kg,,https://driveimg1.intermarche.com/pt/Content/images/boitmal/produit/zoom/9A1D77EE17F24474E65CF475B4161F9F.jpg,,,,,2025-04-30T23:59:59.999999999+01:00,PROSPECTUS,9,4,,
27680,5011007025410,700.0,Jameson,"Whisky caskmates, garrafa de 700 ml",,22.39,31.99,700,L,€/L,,https://driveimg1.intermarche.com/pt/Content/images/boitmal/produit/zoom/93C7CDBDC68FDFA9F13460CC28F64604.jpg,,,,,2025-04-30T23:59:59.999999999+01:00,PROSPECTUS,9,4,,
27695,5604260278060,300.0,PorSi,"Limpa Móveis, 300ml",,1.49,4.97,300,L,€/L,,https://driveimg1.intermarche.com/pt/Content/images/boitmal/produit/zoom/8B013C3FCB2F8EBF6EDA9930E9F88D33.jpg,,,,,2025-04-30T23:59:59.999999999+01:00,PROSPECTUS,9,4,,
28490,5600380896139,400.0,Prozis,"100% whey prime baunilha, embalagem de 400g",,13.59,33.98,0,kg,€/Kg,,https://driveimg1.intermarche.com/pt/Content/images/boitmal/produit/zoom/59F309C9D75D482DD1C9F4252A35FCA1.jpg,,,,,2025-04-30T23:59:59.999999999+01:00,PROSPECTUS,9,4,,
28497,3222270502450,680.0,Purina Gourmet,Comida Húmida para Gato Seleção de Mousses,Embalagem de 680g,4.64,6.82,0,kg,€/Kg,,https://driveimg1.intermarche.com/pt/Content/images/boitmal/produit/zoom/48B98515C30D063D1F85A14F56AAE58A.jpg,,,,,2025-04-30T23:59:59.999999999+01:00,PROSPECTUS,9,4,,
28507,8006540618752,,Dodot,Fraldas Bebé Seco Extra +14kg T6,Embalagem c/ 48 un.,13.49,13.49,0,,€/Unidade,,https://driveimg1.intermarche.com/pt/Content/images/boitmal/produit/zoom/3B2C8C276E6D8600A83CC88CD26B6A19.jpg,,,,,2025-04-30T23:59:59.999999999+01:00,PROSPECTUS,9,4,,
28510,5601217129819,800.0,Finish,"Abrilhantador máquina de lavar loiça brilho e secagem, embalagem de 800 ml",,7.94,9.93,800,L,€/L,,https://driveimg1.intermarche.com/pt/Content/images/boitmal/produit/zoom/4771F47A09A543C7AE4519E8292E01AF.jpg,,,,,2025-04-30T23:59:59.999999999+01:00,PROSPECTUS,9,4,,
28609,5604260282951,55.0,PorSi,Café em cápsulas ristreto,Embalagem de 55g,2.29,41.64,0,kg,€/Kg,,https://driveimg1.intermarche.com/pt/Content/images/boitmal/produit/zoom/98A2B27B97561600F2789C49300E14CC.jpg,,,,,2025-04-30T23:59:59.999999999+01:00,PROSPECTUS,9,4,,
28663,8714789135243,,Colgate,"Escova dentífrica zig zag média, 2 + 1 grátis",,2.99,2.99,3,,€/Unidade,,https://driveimg1.intermarche.com/pt/Content/images/boitmal/produit/zoom/A98EEC746993A1476711372655871B9C.jpg,,,,,2025-04-30T23:59:59.999999999+01:00,PROSPECTUS,9,4,,
28664,8714789135274,,Colgate,"Escova dentífrica zig zag suave, 2 + 1 grátis",,2.99,2.99,3,,€/Unidade,,https://driveimg1.intermarche.com/pt/Content/images/boitmal/produit/zoom/ED688DE5EA479F2C20E9896DBA9DBAE1.jpg,,,,,2025-04-30T23:59:59.999999999+01:00,PROSPECTUS,9,4,,
29180,4005900512925,400.0,Nivea Sun,Protetor Solar Protect&Moisture FP50+,1 Embalagem 400ml,16.89,42.23,400,L,€/L,,https://driveimg1.intermarche.com/pt/Content/images/boitmal/produit/zoom/938B2F4E097D2D554F71F52504976C2C.jpg,,,,,2025-04-30T23:59:59.999999999+01:00,PROSPECTUS,9,4,,
29182,4005900469229,200.0,Nivea Sun,Spray Solar Cenoura FP6,1 Embalagem 200ml,10.19,50.95,200,L,€/L,,https://driveimg1.intermarche.com/pt/Content/images/boitmal/produit/zoom/5C1D5CF178AA13A056F7524F62312F94.jpg,,,,,2025-04-30T23:59:59.999999999+01:00,PROSPECTUS,9,4,,
29236,4005900388971,50.0,Nivea Men,"Desodorizante roll on protect & care, 50 ml",,2.99,59.8,50,L,€/L,,https://driveimg1.intermarche.com/pt/Content/images/boitmal/produit/zoom/8BB07C2766F09C527BF03F747056132A.jpg,,,,,2025-04-30T23:59:59.999999999+01:00,PROSPECTUS,9,4,,
