identifier,produitEan13,capacite,marque,libelle,conditionnement,prix,unitPrice,volume,typeProduit_uniteByCode,unit_value,pictogrammes_0,pictogrammes_libelleCategorie,images_0,images_1,images_2,images_3,avantages_dateFin,avantages_categorie,nro_paginas,page
12972,2892040000000,1000.0,Fruta,Banana,1 un = 200 gr (aprox.),1.09,1.09,0,,€/Kg,,,https://driveimg1.intermarche.com/pt/Content/images/boitmal/produit/zoom/C368220872795E9863F1F37C2230CCEA.jpg,,,,2024-09-11T23:59:59.999999999+01:00,PROSPECTUS,9,1
12978,2892462000000,400.0,Legumes,Alface Frisada,1 un= 400 g (aprox.),0.4,0.99,0,,€/Kg,,,https://driveimg1.intermarche.com/pt/Content/images/boitmal/produit/zoom/14C8DBD7827DB992F77D5C5056950123.jpg,,,,2024-09-11T23:59:59.999999999+01:00,PROSPECTUS,9,1
13625,2893620000000,300.0,Peixaria,Salmão de viveiro à posta,1 un. = 300 g (aprox.),3.6,11.99,0,,€/Kg,,,https://driveimg1.intermarche.com/pt/Content/images/boitmal/produit/zoom/29B9DB2E73FB6AE756265DB326B65712.jpg,,,,2024-09-11T23:59:59.999999999+01:00,PROSPECTUS,9,1
13818,2892584000000,250.0,Legumes,Pimento Vermelho,1 un=250 gr (aprox.),0.5,1.99,0,,€/Kg,,,https://driveimg1.intermarche.com/pt/Content/images/boitmal/produit/zoom/A89EFDBC825F249BCF5C02ECF326661E.jpg,,,,2024-09-11T23:59:59.999999999+01:00,PROSPECTUS,9,1
17402,8412600027233,700.0,Bimbo,Pão forma familiar normal,embalagem de 700 g,1.99,2.84,0,kg,€/Kg,,,https://driveimg1.intermarche.com/pt/Content/images/boitmal/produit/zoom/DE8CCFFBC376CC9F4596A72F8ABC4CE5.jpg,,,,2024-09-11T23:59:59.999999999+01:00,PROSPECTUS,9,1
13242,2893227000000,200.0,Peixaria,Robalo de Viveiro,de 200 a 600 g (aprox.),1.16,5.79,0,,€/Kg,,,https://driveimg1.intermarche.com/pt/Content/images/boitmal/produit/zoom/48561D1FC8B0542874DDBC21F2E9ADCA.jpg,,,,2024-09-11T23:59:59.999999999+01:00,PROSPECTUS,9,1
13865,2891042000000,1000.0,Porco,Costeletas do Cachaço,Vendido ao peso a partir de 1 kg,4.98,4.98,0,,€/Kg,,,https://driveimg1.intermarche.com/pt/Content/images/boitmal/produit/zoom/9CC30521C194F3CF0E71F32C6E004880.jpg,,,,2024-09-11T23:59:59.999999999+01:00,PROSPECTUS,9,1
30958,5449000957955,3500.0,Coca-Cola,Coca-cola zero,pack 2 x 1.75 l,3.14,0.9,3500,L,€/L,,,https://driveimg1.intermarche.com/pt/Content/images/boitmal/produit/zoom/9B5373624D44366A3ACEBCD7C73191EB.jpg,,,,2024-09-11T23:59:59.999999999+01:00,PROSPECTUS,9,1
2312,5604260271832,355.0,PorSi,Cogumelos laminados 1/2,Embalagem de 355 g,1.19,3.35,0,kg,€/Kg,,,https://driveimg1.intermarche.com/pt/Content/images/boitmal/produit/zoom/60708037644026A27C2FB6731A0DAB33.jpg,,,,2024-09-11T23:59:59.999999999+01:00,PROSPECTUS,9,1
26047,8412600070994,650.0,Bimbo,Pão de forma s/ côdea,Embalagem de 650 g,2.09,3.22,0,kg,€/Kg,,,https://driveimg1.intermarche.com/pt/Content/images/boitmal/produit/zoom/998967574B383CCF8D49F03316F06108.jpg,,,,2024-09-11T23:59:59.999999999+01:00,PROSPECTUS,9,1
35889,5601151974070,1750.0,Seven-up,Refrigerante de lima limão - free,Garrafa de 1.75 l ,1.59,0.91,1750,L,€/L,,,https://driveimg1.intermarche.com/pt/Content/images/boitmal/produit/zoom/72AD0374BF19555565AEB7078108FD9C.jpg,,,,2024-09-11T23:59:59.999999999+01:00,PROSPECTUS,9,1
9293,5603722493942,250.0,Primor,Manteiga pasteurizada com sal cuvet,Embalagem de 250g,1.99,7.96,0,kg,€/Kg,,,https://driveimg1.intermarche.com/pt/Content/images/boitmal/produit/zoom/5B98CBCDF9DE77B1D84C2C6375C3439D.jpg,,,,2024-09-11T23:59:59.999999999+01:00,PROSPECTUS,9,1
10094,8435257040776,640.0,Nestlé,"Iogurte líquido yoggi banana,  4 x 160 g",,1.99,3.11,0,kg,€/Kg,,,https://driveimg1.intermarche.com/pt/Content/images/boitmal/produit/zoom/7A1039A34E2D3851553F65DFE7093FB2.jpg,,,,2024-09-11T23:59:59.999999999+01:00,PROSPECTUS,9,1
11987,5604055112821,2500.0,Fastio,"Água mineral sem gás, garrafão de 2,5L",,1.09,0.44,2500,L,€/L,,,https://driveimg1.intermarche.com/pt/Content/images/boitmal/produit/zoom/D9740D5BDF13334ECF645314730F56EC.jpg,,,,2024-09-11T23:59:59.999999999+01:00,PROSPECTUS,9,1
1293,5601151398104,630.0,Compal,Pack de 3 embalagens de polpa de tomate,Embalagem de 630g,1.49,2.37,0,kg,€/Kg,,,https://driveimg1.intermarche.com/pt/Content/images/boitmal/produit/zoom/2F7BD591A6A78BA4615EC03A19AC4973.jpg,,,,2024-09-11T23:59:59.999999999+01:00,PROSPECTUS,9,1
26091,7613036115575,550.0,Nestlé,Cereais estrelitas,Embalagem de 550g,2.49,4.53,0,kg,€/Kg,,,https://driveimg1.intermarche.com/pt/Content/images/boitmal/produit/zoom/C94C2BEBB47FF1CA98FCF1DC9BAD855D.jpg,,,,2024-09-11T23:59:59.999999999+01:00,PROSPECTUS,9,1
27489,8434165466395,168.0,Cuétara,Bolacha tosta rica choco guay,Embalagem de 170g,1.69,10.06,0,kg,€/Kg,,,https://driveimg1.intermarche.com/pt/Content/images/boitmal/produit/zoom/DEDEA09A4AED851A280232AF3C2BFB2A.jpg,,,,2024-09-11T23:59:59.999999999+01:00,PROSPECTUS,9,1
40925,8710522652138,240.0,Calvé,Maionese,Embalagem de 240g,1.59,6.63,0,kg,€/Kg,,,https://driveimg1.intermarche.com/pt/Content/images/boitmal/produit/zoom/BAE5DB5E204D247526D3D3D4E5D5A52E.jpg,https://driveimg1.intermarche.com/pt/Content/images/boitmal/produit/zoom/8E23B17512BCD2C444A6228885CC4217.jpg,https://driveimg1.intermarche.com/pt/Content/images/boitmal/produit/zoom/8E23B17512BCD2C444A6228885CC4217.jpg,,2024-09-11T23:59:59.999999999+01:00,PROSPECTUS,9,1
973,5601024105020,1000.0,Fula,Óleo alimentar,Embalagem 1L,2.02,2.02,1000,L,€/L,,,https://driveimg1.intermarche.com/pt/Content/images/boitmal/produit/zoom/82D3E88293E42CC5B178C569AA9B57E6.jpg,,,,2024-09-11T23:59:59.999999999+01:00,PROSPECTUS,9,1
11523,5601051410029,250.0,Primor,"Manteiga com sal, 250g",,1.99,7.96,0,kg,€/Kg,,,https://driveimg1.intermarche.com/pt/Content/images/boitmal/produit/zoom/5E7E0622B0F1F3C827A5445EBDA354EF.jpg,,,,2024-09-11T23:59:59.999999999+01:00,PROSPECTUS,9,1
11656,5601195510128,1000.0,Pedras Salgadas,Água com gás limão,pack 4 x 0.25 l,2.19,2.19,1000,L,€/L,,,https://driveimg1.intermarche.com/pt/Content/images/boitmal/produit/zoom/9870F7D10B9ED7376F5917B0306BAC76.jpg,,,,2024-09-11T23:59:59.999999999+01:00,PROSPECTUS,9,1
13523,2893515000000,250.0,Peixaria,Lula Congelada,1 un= 250 gr (aprox.),1.17,4.69,0,,€/Kg,,Avantages !,https://driveimg1.intermarche.com/pt/Content/images/boitmal/produit/zoom/B2B7BBDC4CDC3C912C9CD2FEC6D3B682.jpg,,,,2024-09-11T23:59:59.999999999+01:00,PROSPECTUS,9,1
13869,2891126000000,1000.0,PorSi,Coelho inteiro,Vendido ao peso,6.49,6.49,0,,€/Kg,,,https://driveimg1.intermarche.com/pt/Content/images/boitmal/produit/zoom/52C51860E551A8D97DAB91398A81FDB2.jpg,,,,2024-09-11T23:59:59.999999999+01:00,PROSPECTUS,9,1
1709,5604055111060,6000.0,Fastio,"Água mineral sem gás, garrafão de 6L",,1.69,0.28,6000,L,€/L,,,https://driveimg1.intermarche.com/pt/Content/images/boitmal/produit/zoom/6DC4524795A66E05CC84F206F41E7F8C.jpg,,,,2024-09-11T23:59:59.999999999+01:00,PROSPECTUS,9,1
30168,2696660000000,80.0,Padaria,Cacetinho de Trigo,80 g,0.2,2.5,0,kg,€/Kg,,,https://driveimg1.intermarche.com/pt/Content/images/boitmal/produit/zoom/061A32F66C5467484869F7F4ECEA0767.jpg,,,,2024-09-11T23:59:59.999999999+01:00,PROSPECTUS,9,1
3069,3250391563791,,Domédia,"Fita adesiva transparente com despensador, 25x19",1 unidade,1.29,1.29,0,,€/Unidade,,,https://driveimg1.intermarche.com/pt/Content/images/boitmal/produit/zoom/72055CC991E57DC7574D0019DAAF0A00.jpg,,,,2024-09-18T23:59:59.999999999+01:00,PROSPECTUS,9,1
31516,8435257039107,1440.0,Nestlé,"Yoggi liquido morango,  8x160g",,3.89,2.7,0,kg,€/Kg,,,https://driveimg1.intermarche.com/pt/Content/images/boitmal/produit/zoom/C1FDD60617CEBA746EBEE60AECF62B13.jpg,,,,2024-09-11T23:59:59.999999999+01:00,PROSPECTUS,9,1
35705,3021768203615,360.0,GoGo Squeez,Conjunto de Saquetas de Fruta Maçã e Morango,Embalagem de 4 x 90g,2.88,8.0,0,kg,€/Kg,,,https://driveimg1.intermarche.com/pt/Content/images/boitmal/produit/zoom/842A4A936793A68E3BEB92BD80487C2F.jpg,,,,2024-09-11T23:59:59.999999999+01:00,PROSPECTUS,9,1
38557,5601027004764,315.0,Manhãzitos,Manhãzitos® planetus 9x2 un.,Embalagem de 315g,2.89,9.17,0,kg,€/Kg,,,https://driveimg1.intermarche.com/pt/Content/images/boitmal/produit/zoom/9668562796F86C61BB4FA95BDBF9C111.jpg,,,,2024-09-11T23:59:59.999999999+01:00,PROSPECTUS,9,1
405,8712566410910,280.0,Calvé,Ketchup,Embalagem de 280g,1.84,6.57,0,kg,€/Kg,,,https://driveimg1.intermarche.com/pt/Content/images/boitmal/produit/zoom/D7E099A6ABAECF4C5D06260734A2C975.jpg,https://driveimg1.intermarche.com/pt/Content/images/boitmal/produit/zoom/0D7B165FF00CA45BD8F6AC077E3CA1EC.jpg,https://driveimg1.intermarche.com/pt/Content/images/boitmal/produit/zoom/0D7B165FF00CA45BD8F6AC077E3CA1EC.jpg,,2024-09-11T23:59:59.999999999+01:00,PROSPECTUS,9,1
49084,5604260323562,300.0,PorSi,8 rissóis de carne,Embalagem de 300g,1.15,3.83,0,kg,€/Kg,,Tipo de stockagem,https://driveimg1.intermarche.com/pt/Content/images/boitmal/produit/zoom/217225786E9180EDB8CCAEEA81B08902.jpg,,,,2024-09-11T23:59:59.999999999+01:00,PROSPECTUS,9,1
978,5601024134136,750.0,Oliveira da Serra,Azeite,Embalagem de 750 ml,4.99,6.65,750,L,€/L,,,https://driveimg1.intermarche.com/pt/Content/images/boitmal/produit/zoom/4618FCD27F27BDBAA8CF1CDC30F2EFF5.jpg,,,,2024-09-11T23:59:59.999999999+01:00,PROSPECTUS,9,1
991,5601029004090,120.0,Bom Petisco,Atum posta em azeite,Embalagem de 120 g,1.69,14.08,0,kg,€/Kg,,,https://driveimg1.intermarche.com/pt/Content/images/boitmal/produit/zoom/40ABAA5E8C339E4103EB73DD68903264.jpg,,,,2024-09-11T23:59:59.999999999+01:00,PROSPECTUS,9,1
10597,8712100326356,360.0,Olá,Gelado fizz limão,Embalagem de 6 x 60 ml,2.99,8.31,360,L,€/L,,Tipo de stockagem,https://driveimg1.intermarche.com/pt/Content/images/boitmal/produit/zoom/B7E16F17B7B06D43C1CACBF7F0F7DC5A.jpg,,,,2024-09-11T23:59:59.999999999+01:00,PROSPECTUS,9,1
11471,5601029004076,120.0,Bom Petisco,Atum posta ao natural,Embalagem de 120 g,1.29,10.75,0,kg,€/Kg,,,https://driveimg1.intermarche.com/pt/Content/images/boitmal/produit/zoom/3740C19A3967CA1D1D99F6625E0A4BA4.jpg,,,,2024-09-11T23:59:59.999999999+01:00,PROSPECTUS,9,1
11496,5601049213991,200.0,Mimosa,Nata uht,embalagem de 200 ml,0.84,4.2,200,L,€/L,,,https://driveimg1.intermarche.com/pt/Content/images/boitmal/produit/zoom/887C5343F4688DBB2FEDBF4E6D25399A.jpg,,,,2024-09-11T23:59:59.999999999+01:00,PROSPECTUS,9,1
11641,5601180001020,1000.0,Vigor,Leite pasteurizado meio gordo,Garrafa de 1 l,0.98,0.98,1000,L,€/L,,,https://driveimg1.intermarche.com/pt/Content/images/boitmal/produit/zoom/27E81D9C59177D8FE66A1E22F472A238.jpg,,,,2024-09-11T23:59:59.999999999+01:00,PROSPECTUS,9,1
11688,5601244202318,200.0,Terra Nostra,Queijo flamengo em fatias,Embalagem de 200g,2.19,10.95,0,kg,€/Kg,,,https://driveimg1.intermarche.com/pt/Content/images/boitmal/produit/zoom/1AC37D1F5312990D8FFDE85110EEAFAE.jpg,,,,2024-09-11T23:59:59.999999999+01:00,PROSPECTUS,9,1
13095,2893071000000,100.0,Peixaria,Carapau Pequeno,1 un = 100 g (aprox.),0.3,2.99,0,,€/Kg,,,https://driveimg1.intermarche.com/pt/Content/images/boitmal/produit/zoom/A6FA4A5C89011F3F27A60AD959FD9913.jpg,,,,2024-09-11T23:59:59.999999999+01:00,PROSPECTUS,9,1
14858,2696002000000,250.0,PorSi,Baguete,250 g,0.44,1.76,0,kg,€/Kg,,,https://driveimg1.intermarche.com/pt/Content/images/boitmal/produit/zoom/8311AC325D7D7C5FB5753C9B337353B0.jpg,,,,2024-09-11T23:59:59.999999999+01:00,PROSPECTUS,9,1
15052,2892600000000,200.0,Legumes,Tomate Alongado,1 un = 200 gr (aprox.),0.3,1.49,0,,€/Kg,,,https://driveimg1.intermarche.com/pt/Content/images/boitmal/produit/zoom/8D39F3A81A54F88B7EA7E58898AD3AD6.jpg,,,,2024-09-11T23:59:59.999999999+01:00,PROSPECTUS,9,1
15955,7613032408794,90.0,Purina Gourmet,Comida húmida para gato duplo prazer com peixe do oceano,Embalagem de 90g,0.69,7.67,0,kg,€/Kg,,,https://driveimg1.intermarche.com/pt/Content/images/boitmal/produit/zoom/DBE7166FBADAD4BECDB0C2B9DB9A4BC4.jpg,,,,2024-09-11T23:59:59.999999999+01:00,PROSPECTUS,9,1
16365,5604055112005,1000.0,Fastio,"Água sem gás, garrafa de 1 l",,0.47,0.47,1000,L,€/L,,,https://driveimg1.intermarche.com/pt/Content/images/boitmal/produit/zoom/4C770528107ABCD7FCD46700399F62BE.jpg,,,,2024-09-11T23:59:59.999999999+01:00,PROSPECTUS,9,1
1684,5602711107495,500.0,Rar,Açúcar mascavado claro,Embalagem de 500 g,1.79,3.58,0,kg,€/Kg,,,https://driveimg1.intermarche.com/pt/Content/images/boitmal/produit/zoom/4C2EEB3F1401F2B3A5F30214936B9FC1.jpg,,,,2024-09-11T23:59:59.999999999+01:00,PROSPECTUS,9,1
17969,8410104156695,,Air Wick,Recarga ambientador elétrico delícias de verão,Embalagem de 1 unidades,3.59,3.59,1,,€/Unidade,,,https://driveimg1.intermarche.com/pt/Content/images/boitmal/produit/zoom/89EB6F6E8C7C8305CF7EAE80C39CA640.jpg,,,,2024-09-11T23:59:59.999999999+01:00,PROSPECTUS,9,1
19414,5601028024716,,Renova,"Papel Higiénico Puríssimo 3 Folhas, embalagem c/ 12 rolos",,4.99,4.99,0,,€/Unidade,,,https://driveimg1.intermarche.com/pt/Content/images/boitmal/produit/zoom/6242763EE156B95E7FFD25754BFAE64B.jpg,,,,2024-09-11T23:59:59.999999999+01:00,PROSPECTUS,9,1
20967,5601027002593,175.0,Manhãzitos,5 manhãzitos choco chips,Embalagem de 175 g,2.24,12.8,0,kg,€/Kg,,,https://driveimg1.intermarche.com/pt/Content/images/boitmal/produit/zoom/0AAF2F344E6BB2E2CE72DDB89E9BE7D6.jpg,,,,2024-09-11T23:59:59.999999999+01:00,PROSPECTUS,9,1
21767,7613035487871,90.0,Nestlé,Fruta para bebé multifrutas +4 meses,Embalagem de 90g,0.74,8.22,0,kg,€/Kg,,,https://driveimg1.intermarche.com/pt/Content/images/boitmal/produit/zoom/59D3B6826D610DDEB0688A4041A5FB71.jpg,,,,2024-09-11T23:59:59.999999999+01:00,PROSPECTUS,9,1
2474,7613032408602,90.0,Purina Gourmet,Comida húmida para gato duplo prazer com vaca e frango,Embalagem de 90g,0.69,7.67,0,kg,€/Kg,,,https://driveimg1.intermarche.com/pt/Content/images/boitmal/produit/zoom/96D993E9EEE0A797DBA50ACE06B2467D.jpg,,,,2024-09-11T23:59:59.999999999+01:00,PROSPECTUS,9,1
26772,5449000106186,3500.0,Coca-Cola,Refrigerante c/ gás,pack 2 x 1.75 l,3.68,1.05,3500,L,€/L,,,https://driveimg1.intermarche.com/pt/Content/images/boitmal/produit/zoom/1D4EC82F15980642AA3BE6E246545A05.jpg,,,,2024-09-11T23:59:59.999999999+01:00,PROSPECTUS,9,1
28572,8434165484054,240.0,Cuétara,Tosta rica mini go,Embalagem de 240g,2.09,8.71,0,kg,€/Kg,,,https://driveimg1.intermarche.com/pt/Content/images/boitmal/produit/zoom/5A734A2EA3B70D54F3B8AB905B577E94.jpg,,,,2024-09-11T23:59:59.999999999+01:00,PROSPECTUS,9,1
28583,8006540876213,385.0,Pantene,Champô Caracóis Perfeitos,385 ml,3.89,10.1,385,L,€/L,,,https://driveimg1.intermarche.com/pt/Content/images/boitmal/produit/zoom/0B37A3422C290D74458F14C6AA3B3486.jpg,,,,2024-09-11T23:59:59.999999999+01:00,PROSPECTUS,9,1
29280,5601897500014,,Matinados,Ovos de Galinha ao Ar Livre Classe M/L,6 unidades,1.49,1.49,0,,€/Unidade,,,https://driveimg1.intermarche.com/pt/Content/images/boitmal/produit/zoom/3048326652357C5FCFB75D3FB01965D7.jpg,,,,2024-09-11T23:59:59.999999999+01:00,PROSPECTUS,9,1
38049,8001841361079,340.0,Fairy,Detergente liquido para loiça limão,Embalagem de 340 ml,1.99,5.85,340,L,€/L,,,https://driveimg1.intermarche.com/pt/Content/images/boitmal/produit/zoom/BED1AA3039C8B605B08FD8155BD78E2E.jpg,,,,2024-09-11T23:59:59.999999999+01:00,PROSPECTUS,9,1
41874,8718951313316,75.0,Colgate,Pasta Dentífrica Cool Mint,75 ml,1.99,26.53,75,L,€/L,,,https://driveimg1.intermarche.com/pt/Content/images/boitmal/produit/zoom/95E99633062C9804102696C315945CDF.jpg,,,,2024-09-11T23:59:59.999999999+01:00,PROSPECTUS,9,1
44702,5053990155354,175.0,Pringles,Pringles sour cream & onion,Embalagem de 175g,2.39,13.66,0,kg,€/Kg,,,https://driveimg1.intermarche.com/pt/Content/images/boitmal/produit/zoom/CAC75B605C8B7B46C574BB916C039D54.jpg,https://driveimg1.intermarche.com/pt/Content/images/boitmal/produit/zoom/3743B152C095FACA5BB155343DC8A7EE.jpg,https://driveimg1.intermarche.com/pt/Content/images/boitmal/produit/zoom/3743B152C095FACA5BB155343DC8A7EE.jpg,https://driveimg1.intermarche.com/pt/Content/images/boitmal/produit/zoom/3743B152C095FACA5BB155343DC8A7EE.jpg,2024-09-11T23:59:59.999999999+01:00,PROSPECTUS,9,1
448,8722700752943,2000.0,Lipton,Ice tea de manga,Garrafa de 2 l,2.39,1.2,2000,L,€/L,,,https://driveimg1.intermarche.com/pt/Content/images/boitmal/produit/zoom/D8A7BBA271F5B46B5DC4031B0621A8E9.jpg,,,,2024-09-11T23:59:59.999999999+01:00,PROSPECTUS,9,1
4683,5000116102112,280.0,Iglo green,10 douradinhos vegetais,Embalagem de 280g,1.99,7.11,0,kg,€/Kg,,Tipo de stockagem,https://driveimg1.intermarche.com/pt/Content/images/boitmal/produit/zoom/CF300CAA0C70616DE6934C4966C13EB3.jpg,,,,2024-09-11T23:59:59.999999999+01:00,PROSPECTUS,9,1
49085,5604260323555,300.0,PorSi,8 rissóis de camarão,Embalagem de 300g,1.09,3.63,0,kg,€/Kg,,Tipo de stockagem,https://driveimg1.intermarche.com/pt/Content/images/boitmal/produit/zoom/D126C42EDA26B0D368147D17B093DA22.jpg,,,,2024-09-11T23:59:59.999999999+01:00,PROSPECTUS,9,1
49893,2892734000000,250.0,Legumes,Tomate Azul | categoria: II,Vendido ao peso,0.62,2.49,0,,€/Kg,,,https://driveimg1.intermarche.com/pt/Content/images/boitmal/produit/zoom/9F3343679FE035AA43D2E490A8855662.jpg,,,,2024-09-11T23:59:59.999999999+01:00,PROSPECTUS,9,1
50624,5603722520969,200.0,Mimosa,"Nata Culinária Sem Lactose, 200 ml",,0.99,4.95,200,L,€/L,,,https://driveimg1.intermarche.com/pt/Content/images/boitmal/produit/zoom/050D19427AA010B013CA63696314E26F.jpg,,,,2024-09-11T23:59:59.999999999+01:00,PROSPECTUS,9,1
52786,5900020043481,310.0,Nestlé,"Cereais Protein Fitness 0% Cacau, 310g",,2.89,9.32,0,kg,€/Kg,,,https://driveimg1.intermarche.com/pt/Content/images/boitmal/produit/zoom/B2A0913D3F7A8C1ACF4039A186AC2CD5.jpg,,,,2024-09-11T23:59:59.999999999+01:00,PROSPECTUS,9,1
5844,5604260129010,500.0,PorSi,"Detergente manual de loiça, ultra limão",Embalagem de 500 ml,1.29,2.58,500,L,€/L,,,https://driveimg1.intermarche.com/pt/Content/images/boitmal/produit/zoom/F5812DB73A356DF41E76F00AC1B3D632.jpg,,,,2024-09-11T23:59:59.999999999+01:00,PROSPECTUS,9,1
7105,2894508000000,100.0,Primor,Bacon Extra,"Vendido ao peso, fatiado a partir de 100 gr",1.2,11.99,0,,€/Kg,,,https://driveimg1.intermarche.com/pt/Content/images/boitmal/produit/zoom/11A9EC567F982E26800D8DF9E4043FCC.jpg,,,,2024-09-11T23:59:59.999999999+01:00,PROSPECTUS,9,1
8413,8410500008932,600.0,Actimel Danone,"Actimel morango, 6 x 100g",,2.89,4.82,0,kg,€/Kg,,,https://driveimg1.intermarche.com/pt/Content/images/boitmal/produit/zoom/F6EB1A175778A171D463316E7A3FAC27.jpg,,,,2024-09-11T23:59:59.999999999+01:00,PROSPECTUS,9,1
8416,5601050029345,1200.0,Actimel Danone,"Iogurte actimel morango, 12 x 100 g",,4.69,3.91,0,kg,€/Kg,,,https://driveimg1.intermarche.com/pt/Content/images/boitmal/produit/zoom/5FAD8A5314ADD212D31505EDB76818D0.jpg,,,,2024-09-11T23:59:59.999999999+01:00,PROSPECTUS,9,1
10232,8410436188609,50.0,Sonasol,Bloco Sanitário Poder Activo Aqua,Embalagem de 50 g,1.98,39.6,0,kg,€/Kg,,,https://driveimg1.intermarche.com/pt/Content/images/boitmal/produit/zoom/50CBADEAE822D7F4A14374FD8B23CC0B.jpg,,,,2024-09-11T23:59:59.999999999+01:00,PROSPECTUS,9,1
10509,8435250297955,256.0,Nestlé,"Iogurte mix-in smarties baunilha,  2 x 128 g",,1.99,7.77,0,kg,€/Kg,,,https://driveimg1.intermarche.com/pt/Content/images/boitmal/produit/zoom/4FC6F733C531A7A948940F213F0E604D.jpg,,,,2024-09-11T23:59:59.999999999+01:00,PROSPECTUS,9,1
10512,8435250439577,232.0,Nestlé,"Iogurte mix-in nesquik,  2 x 115 g",,1.99,8.58,0,kg,€/Kg,,,https://driveimg1.intermarche.com/pt/Content/images/boitmal/produit/zoom/B4A9B3F7F589CA090A23F817C058A787.jpg,,,,2024-09-11T23:59:59.999999999+01:00,PROSPECTUS,9,1
10513,8435250439591,236.0,Nestlé,"Iogurte mix-in chocapic,  2 x 118 g",,1.99,8.43,0,kg,€/Kg,,,https://driveimg1.intermarche.com/pt/Content/images/boitmal/produit/zoom/0789BA3D2E6EA8E7B9EBDD728E77A7C3.jpg,,,,2024-09-11T23:59:59.999999999+01:00,PROSPECTUS,9,1
10842,2895207000000,250.0,Santiago,Queijo 3 Igrejas Cura 2m Pimentão,Vendido ao peso a partir de 250 gr,3.0,11.99,0,,€/Kg,,,https://driveimg1.intermarche.com/pt/Content/images/boitmal/produit/zoom/2F11F4EC63EB49EF2522FB61028743A0.jpg,,,,2024-09-11T23:59:59.999999999+01:00,PROSPECTUS,9,1
11464,5601018003400,1000.0,Matinal,Leite Seleccionado Meio Gordo,Embalagem de 1L,0.98,0.98,1000,L,€/L,,,https://driveimg1.intermarche.com/pt/Content/images/boitmal/produit/zoom/2D40D4EB6EAF6BEF7329493925CCD97C.jpg,,,,2024-09-11T23:59:59.999999999+01:00,PROSPECTUS,9,1
11524,5601051420028,250.0,Primor,Manteiga sem sal,Embalagem de 250g,1.99,7.96,0,kg,€/Kg,,,https://driveimg1.intermarche.com/pt/Content/images/boitmal/produit/zoom/B2FFA6A89B700950590104B0F7BA500E.jpg,,,,2024-09-11T23:59:59.999999999+01:00,PROSPECTUS,9,1
11640,5601180000993,1000.0,Vigor,Leite pasteurizado gordo,Garrafa de 1 l,0.98,0.98,1000,L,€/L,,,https://driveimg1.intermarche.com/pt/Content/images/boitmal/produit/zoom/D35A2632D9FCF31B32BD4205099C2552.jpg,,,,2024-09-11T23:59:59.999999999+01:00,PROSPECTUS,9,1
11685,5601244202042,150.0,Terra Nostra,"Queijo flamengo, ralado",Embalagem de 150g,1.49,9.93,0,kg,€/Kg,,,https://driveimg1.intermarche.com/pt/Content/images/boitmal/produit/zoom/D57397560EC0A59BBB96B5304E9DEE30.jpg,,,,2024-09-11T23:59:59.999999999+01:00,PROSPECTUS,9,1
11959,5603722504945,200.0,Mimosa,Nata para culinária ligeira,Embalagem de 200 ml,0.84,4.2,200,L,€/L,,,https://driveimg1.intermarche.com/pt/Content/images/boitmal/produit/zoom/A0377F70E8B13E785737B9E790570BDE.jpg,,,,2024-09-11T23:59:59.999999999+01:00,PROSPECTUS,9,1
12314,8008698003947,200.0,Schar,Bolacha maria sem glúten,Embalagem de 200 g,2.44,12.2,0,kg,€/Kg,,,https://driveimg1.intermarche.com/pt/Content/images/boitmal/produit/zoom/FA060C59F05391509889DE0F10C1384D.jpg,,,,2024-09-11T23:59:59.999999999+01:00,PROSPECTUS,9,1
12471,8435257040868,640.0,Nestlé,"Iogurte líquido yoggi morango/banana,  4 x 160 g",,1.99,3.11,0,kg,€/Kg,,,https://driveimg1.intermarche.com/pt/Content/images/boitmal/produit/zoom/93A52C02113750956F92B7DD59810765.jpg,,,,2024-09-11T23:59:59.999999999+01:00,PROSPECTUS,9,1
1270,5601151023150,500.0,Compal,Polpa de tomate com cebola e alho,Embalagem de 500g,1.39,2.78,0,kg,€/Kg,,,https://driveimg1.intermarche.com/pt/Content/images/boitmal/produit/zoom/D455823659AE027A7D3A2F64537EA4D9.jpg,,,,2024-09-11T23:59:59.999999999+01:00,PROSPECTUS,9,1
1281,5601151136140,1000.0,Compal,Nectar vital equilibrio ananás/coco,Embalagem de 1 l,1.49,1.49,1000,L,€/L,,,https://driveimg1.intermarche.com/pt/Content/images/boitmal/produit/zoom/2353850FA900673F4C3B08C535F9375F.jpg,,,,2024-09-11T23:59:59.999999999+01:00,PROSPECTUS,9,1
1310,5601151979969,140.0,Compal,Compal da horta concentrado tomate,Embalagem de 140g,0.99,7.07,0,kg,€/Kg,,,https://driveimg1.intermarche.com/pt/Content/images/boitmal/produit/zoom/9A5812864404A787E39139B51FC70102.jpg,,,,2024-09-11T23:59:59.999999999+01:00,PROSPECTUS,9,1
13529,2893521000000,1000.0,Peixaria,Pescada do Chile Congelada Nº3,1 un= 1 kg (aprox.),7.99,7.99,0,,€/Kg,,Avantages !,https://driveimg1.intermarche.com/pt/Content/images/boitmal/produit/zoom/40D57D35BBDBDF72027C959F41A6E90C.jpg,,,,2024-09-11T23:59:59.999999999+01:00,PROSPECTUS,9,1
13541,2893533000000,250.0,Congelado de Aquicultura,Camarão Congelado 60/80,1 un = 250 gr  (aprox.),1.75,6.99,0,,€/Kg,,Avantages !,https://driveimg1.intermarche.com/pt/Content/images/boitmal/produit/zoom/29A2DFA509FFDAFCD18E7F308BD753B4.jpg,,,,2024-09-11T23:59:59.999999999+01:00,PROSPECTUS,9,1
13585,2893580000000,250.0,Marisco,Gambão Congelado 20/30,Vendido a partir de 250 (aprox.),2.15,8.59,0,,€/Kg,,Avantages !,https://driveimg1.intermarche.com/pt/Content/images/boitmal/produit/zoom/FBF44724042B73F1218C70BB4977864A.jpg,,,,2024-09-11T23:59:59.999999999+01:00,PROSPECTUS,9,1
14001,2696304000000,,PorSi,Queque,1 unidade = 55 g,0.69,0.69,0,,€/Unidade,,,https://driveimg1.intermarche.com/pt/Content/images/boitmal/produit/zoom/B1529CA218E97B9C750DB3A885BCE211.jpg,,,,2024-09-11T23:59:59.999999999+01:00,PROSPECTUS,9,1
14227,5601043119015,500.0,Espiga,Farinha de milho 500g,Embalagem de 500g,0.94,1.88,0,kg,€/Kg,,,https://driveimg1.intermarche.com/pt/Content/images/boitmal/produit/zoom/2CECFEB697CA3E5E6800E3DF8CBF754C.jpg,,,,2024-09-11T23:59:59.999999999+01:00,PROSPECTUS,9,1
14337,3387390320008,140.0,Nestlé,Barras fitness com chocolate,Embalagem de 140g,2.09,14.93,0,kg,€/Kg,,,https://driveimg1.intermarche.com/pt/Content/images/boitmal/produit/zoom/8F46EC9D9DB3A3442793A7E831ACEE36.jpg,,,,2024-09-11T23:59:59.999999999+01:00,PROSPECTUS,9,1
14372,8712100599392,550.0,Calvé,Ketchup XXL,Embalagem de 550g,2.99,5.44,0,kg,€/Kg,,,https://driveimg1.intermarche.com/pt/Content/images/boitmal/produit/zoom/4544D7A761DF83B5B8BF2C6EF0FF53D9.jpg,https://driveimg1.intermarche.com/pt/Content/images/boitmal/produit/zoom/FE7F103C359D2D1FD7BF3FDC8DD381BA.jpg,https://driveimg1.intermarche.com/pt/Content/images/boitmal/produit/zoom/FE7F103C359D2D1FD7BF3FDC8DD381BA.jpg,,2024-09-11T23:59:59.999999999+01:00,PROSPECTUS,9,1
14386,5601383025342,235.0,Izidoro,"Salsichas hot dog, frasco",Embalagem de 240g,2.65,11.28,0,kg,€/Kg,,,https://driveimg1.intermarche.com/pt/Content/images/boitmal/produit/zoom/94DAD04980BE384F62A189F01B200F20.jpg,,,,2024-09-11T23:59:59.999999999+01:00,PROSPECTUS,9,1
14458,7613034678607,90.0,Nestlé,Fruta para bebé banana maçã +4 meses,Embalagem de 90g,0.74,8.22,0,kg,€/Kg,,,https://driveimg1.intermarche.com/pt/Content/images/boitmal/produit/zoom/61C36FFFF4D3AE906443F9876484DF6E.jpg,,,,2024-09-11T23:59:59.999999999+01:00,PROSPECTUS,9,1
14698,7613034570512,90.0,Nestlé,Fruta para bebé 4 frutas +4 meses,Embalagem de 90g,0.74,8.22,0,kg,€/Kg,,,https://driveimg1.intermarche.com/pt/Content/images/boitmal/produit/zoom/0783A3CBD6B546AE24E09BF08DF0A429.jpg,,,,2024-09-11T23:59:59.999999999+01:00,PROSPECTUS,9,1
15374,5604260274369,290.0,PorSi,Chourico carne das beiras,Embalagem de 290g,2.69,9.28,0,kg,€/Kg,,,https://driveimg1.intermarche.com/pt/Content/images/boitmal/produit/zoom/46B35ACCB67804D9827108165F23AB5F.jpg,,,,2024-09-11T23:59:59.999999999+01:00,PROSPECTUS,9,1
1538,5601489134153,500.0,Du Bois de la Roche,Bolachas crackers s/ sal,Embalagem de 500g,2.99,5.98,0,kg,€/Kg,,,https://driveimg1.intermarche.com/pt/Content/images/boitmal/produit/zoom/73329C1C7148B60B4FEE5767CC439BEF.jpg,,,,2024-09-11T23:59:59.999999999+01:00,PROSPECTUS,9,1
15687,5000116109234,700.0,Iglo,Ervilhas,Embalagem de 700g,2.98,4.26,0,kg,€/Kg,,Tipo de stockagem,https://driveimg1.intermarche.com/pt/Content/images/boitmal/produit/zoom/71AD6BFBFF464D2A1A4DF7364A6C0B7A.jpg,,,,2024-09-11T23:59:59.999999999+01:00,PROSPECTUS,9,1
16187,8000825967702,,Giotto,Aguarelas 30mm x 12,1 unidade,3.49,3.49,0,,€/Unidade,,,https://driveimg1.intermarche.com/pt/Content/images/boitmal/produit/zoom/4E230A2B6977FEA68F63B85F0F8554FA.jpg,,,,2024-09-18T23:59:59.999999999+01:00,PROSPECTUS,9,1
16642,5000116109982,700.0,Iglo,Favas,Embalagem de 700g,2.99,4.27,0,kg,€/Kg,,Tipo de stockagem,https://driveimg1.intermarche.com/pt/Content/images/boitmal/produit/zoom/76340C40D2F5FD6D0A355D8C739DF8C8.jpg,,,,2024-09-11T23:59:59.999999999+01:00,PROSPECTUS,9,1
17665,8712100745591,753.0,Calvé,Maionese XXL,Embalagem de 753 g,3.69,4.9,0,kg,€/Kg,,,https://driveimg1.intermarche.com/pt/Content/images/boitmal/produit/zoom/69DD5C01FA6303DE3BD821864A539AC3.jpg,,,,2024-09-11T23:59:59.999999999+01:00,PROSPECTUS,9,1
17896,5601082053523,220.0,Delta,Café moagem universal portugal,Embalagem de 220g,2.68,12.18,0,kg,€/Kg,,,https://driveimg1.intermarche.com/pt/Content/images/boitmal/produit/zoom/550F7F2DF6E74FCA3A77E943FC22A56F.jpg,,,,2024-09-11T23:59:59.999999999+01:00,PROSPECTUS,9,1
18619,5014328054756,32.0,Tetley,Chá de frutos vermelhos,Embalagem de 30g,1.84,57.5,0,kg,€/Kg,,,https://driveimg1.intermarche.com/pt/Content/images/boitmal/produit/zoom/C5BC5DEA999699289F39F909DAD82BA7.jpg,,,,2024-09-11T23:59:59.999999999+01:00,PROSPECTUS,9,1
19939,7613035619425,300.0,Nestlé,Gronola de aveia chocolate,Embalagem de 300g,2.99,9.97,0,kg,€/Kg,,,https://driveimg1.intermarche.com/pt/Content/images/boitmal/produit/zoom/12F0C491B7172F6F70D41076C1EB2F12.jpg,,,,2024-09-11T23:59:59.999999999+01:00,PROSPECTUS,9,1
20546,3387390326468,375.0,Nestlé,Cereais fitness chocolate,Embalagem de 380g,2.99,7.97,0,kg,€/Kg,,,https://driveimg1.intermarche.com/pt/Content/images/boitmal/produit/zoom/EDA24403FE3A93B3EEF7E09718C280E3.jpg,,,,2024-09-11T23:59:59.999999999+01:00,PROSPECTUS,9,2
20931,2696231000000,,Pastelaria,Folhado frango e cogumelos 125 g,,0.99,0.99,0,,€/Unidade,,,https://driveimg1.intermarche.com/pt/Content/images/boitmal/produit/zoom/0B7D76E18042C2F91F18B5187027DE28.jpg,,,,2024-09-11T23:59:59.999999999+01:00,PROSPECTUS,9,2
21052,8435257034270,640.0,Nestlé,"Iogurte líquido yoggi, sem lactose, morango/banana,  4 x 160 g",,2.19,3.42,0,kg,€/Kg,,,https://driveimg1.intermarche.com/pt/Content/images/boitmal/produit/zoom/93C63CDCCE271351E42C385AFD3AE69F.jpg,,,,2024-09-11T23:59:59.999999999+01:00,PROSPECTUS,9,2
21766,7613035487840,90.0,Nestlé,Fruta para bebé banana laranja bolacha +6 meses,Embalagem de 90g,0.74,8.22,0,kg,€/Kg,,,https://driveimg1.intermarche.com/pt/Content/images/boitmal/produit/zoom/97B5DC278815B47BCD7E38EEC0455DC8.jpg,,,,2024-09-11T23:59:59.999999999+01:00,PROSPECTUS,9,2
2395,5608516251012,280.0,Quinta de Jugais,Doce de abóbora,Embalagem de 280g,2.39,8.54,0,kg,€/Kg,,,https://driveimg1.intermarche.com/pt/Content/images/boitmal/produit/zoom/42553823D44D04C0CD8B9270A0D469B7.jpg,,,,2024-09-11T23:59:59.999999999+01:00,PROSPECTUS,9,2
2403,5608543000072,20.0,Tetley,"Chá de mel, limão e ginseng",Embalagem de 20g,0.95,47.5,0,kg,€/Kg,,,https://driveimg1.intermarche.com/pt/Content/images/boitmal/produit/zoom/DB68353C4D0E30C880FEA97D075943EF.jpg,,,,2024-09-11T23:59:59.999999999+01:00,PROSPECTUS,9,2
2406,5608543000102,30.0,Tetley,Chá preto,Embalagem de 30g,1.29,43.0,0,kg,€/Kg,,,https://driveimg1.intermarche.com/pt/Content/images/boitmal/produit/zoom/B2CA31FF335EAFD397F63994E5AF9EBC.jpg,,,,2024-09-11T23:59:59.999999999+01:00,PROSPECTUS,9,2
24410,8710908859502,750.0,Cif,Spray power&shine multiusos c/ lixívia,Garrafa de 750 ml,2.69,3.59,750,L,€/L,,,https://driveimg1.intermarche.com/pt/Content/images/boitmal/produit/zoom/BC1FC8E39B43E72D32F4657C6D001534.jpg,,,,2024-09-11T23:59:59.999999999+01:00,PROSPECTUS,9,2
2466,7613032142599,500.0,Cerelac,Farinha láctea cerelac,Embalagem de 500g,3.74,7.48,0,kg,€/Kg,,,https://driveimg1.intermarche.com/pt/Content/images/boitmal/produit/zoom/FAE48F9FC8C51C77AD6C82F23613A30C.jpg,,,,2024-09-11T23:59:59.999999999+01:00,PROSPECTUS,9,2
2492,7613032881399,85.0,Purina Gourmet,Comida húmida para gato terrine com frango,85g,0.69,8.12,0,kg,€/Kg,,,https://driveimg1.intermarche.com/pt/Content/images/boitmal/produit/zoom/14E577C5F356B2FBDEF4652CB3C737D7.jpg,,,,2024-09-11T23:59:59.999999999+01:00,PROSPECTUS,9,2
25214,7613035930551,90.0,Nestlé,Fruta para bebé maçã banana morango +8 meses,Embalagem de 90g,0.74,8.22,0,kg,€/Kg,,,https://driveimg1.intermarche.com/pt/Content/images/boitmal/produit/zoom/320AF02AD6CE8711C7912DB2FA781A00.jpg,,,,2024-09-11T23:59:59.999999999+01:00,PROSPECTUS,9,2
25735,5000116112173,208.0,Capitão Iglo,10 nuggets peito de frango e queijo,Embalagem de 210g,2.99,14.38,0,kg,€/Kg,,Tipo de stockagem,https://driveimg1.intermarche.com/pt/Content/images/boitmal/produit/zoom/E9A162F74796CC7150848F5AAF7336C9.jpg,,,,2024-09-11T23:59:59.999999999+01:00,PROSPECTUS,9,2
25993,3086121601118,,Bic,Esferográfica Cristal Azul,Embalagem com 10 un.,2.99,2.99,0,,€/Unidade,,,https://driveimg1.intermarche.com/pt/Content/images/boitmal/produit/zoom/ACADC8C557065E57578A759E74220F32.jpg,,,,2024-09-18T23:59:59.999999999+01:00,PROSPECTUS,9,2
26177,5603722514470,1000.0,Matinal,Leite Seleccionado Leve,Embalagem de 1L,1.05,1.05,1000,L,€/L,,,https://driveimg1.intermarche.com/pt/Content/images/boitmal/produit/zoom/3414EC19C8611CE7E0D99781254117D1.jpg,,,,2024-09-11T23:59:59.999999999+01:00,PROSPECTUS,9,2
2749,8410063046532,350.0,Pescanova,Miolo de camarão 80/100,Embalagem de 350g,6.99,19.97,0,kg,€/Kg,,Tipo de stockagem,https://driveimg1.intermarche.com/pt/Content/images/boitmal/produit/zoom/B1D2AEF816246B4D1E4F3A2363606A04.jpg,,,,2024-09-11T23:59:59.999999999+01:00,PROSPECTUS,9,2
2776,8410168195586,90.0,Purina Gourmet,Comida húmida para gato mousse com frango,Embalagem de 90g,0.69,7.67,0,kg,€/Kg,,,https://driveimg1.intermarche.com/pt/Content/images/boitmal/produit/zoom/7CA2C5EFA0ED49116148D7BCF29D812C.jpg,,,,2024-09-11T23:59:59.999999999+01:00,PROSPECTUS,9,2
2848,0070330100749,,Bic,Esferográfica cristal bl 5 az,1 unidade,2.39,2.39,0,,€/Unidade,,,https://driveimg1.intermarche.com/pt/Content/images/boitmal/produit/zoom/BE913BABB5F132E319F941D860D353BE.jpg,,,,2024-09-18T23:59:59.999999999+01:00,PROSPECTUS,9,2
29227,8000500227848,132.0,Nutella,Bolachas Recheadas com Chocolate B-Ready,Embalagem de 132 g,2.44,18.48,0,kg,€/Kg,,,https://driveimg1.intermarche.com/pt/Content/images/boitmal/produit/zoom/3AE33FDF752BFC54FB7A06813AFDB06D.jpg,,,,2024-09-11T23:59:59.999999999+01:00,PROSPECTUS,9,2
29366,8710447376133,435.0,Cif,"Spray fornos e grelhadores, 435 ml",,2.49,5.72,435,L,€/L,,,https://driveimg1.intermarche.com/pt/Content/images/boitmal/produit/zoom/0983FC0F3C1B5D9C271D56B3C7E3A30E.jpg,,,,2024-09-11T23:59:59.999999999+01:00,PROSPECTUS,9,2
30638,5607233511584,435.0,Panrico,Pão de Forma Cerealia 14 Cereais e Sementes 0% Açúcares,Embalagem de 440g,1.99,4.57,0,kg,€/Kg,,,https://driveimg1.intermarche.com/pt/Content/images/boitmal/produit/zoom/2769FBFBEDD069E6375BE645E47F1DF1.jpg,,,,2024-09-11T23:59:59.999999999+01:00,PROSPECTUS,9,2
30879,5601195620124,1000.0,Pedras Salgadas,Pedras salgadas frutos vermelhos,pack 4 x 0.25 l,2.19,2.19,1000,L,€/L,,,https://driveimg1.intermarche.com/pt/Content/images/boitmal/produit/zoom/2839384B061E6BE9F46A23A2AC7BE08B.jpg,,,,2024-09-11T23:59:59.999999999+01:00,PROSPECTUS,9,2
30966,3155250213117,400.0,Nestlé,Iogurte para bebé frutas variadas,Embalagem de 4 x 100 g,1.99,4.98,0,kg,€/Kg,,,https://driveimg1.intermarche.com/pt/Content/images/boitmal/produit/zoom/6CA92F32E792BD541133EF778088EF27.jpg,,,,2024-09-11T23:59:59.999999999+01:00,PROSPECTUS,9,2
32400,8006540876947,385.0,Pantene,Champô Anticaspa,385 ml,3.89,10.1,385,L,€/L,,,https://driveimg1.intermarche.com/pt/Content/images/boitmal/produit/zoom/C394656D5A326E8E294168046065036F.jpg,,,,2024-09-11T23:59:59.999999999+01:00,PROSPECTUS,9,2
34117,8718951178779,500.0,Colgate,Elixir tripla ação,500 ml,3.74,7.48,500,L,€/L,,,https://driveimg1.intermarche.com/pt/Content/images/boitmal/produit/zoom/3B340797DE2A21209CC6F82D71A9B02E.jpg,,,,2024-09-11T23:59:59.999999999+01:00,PROSPECTUS,9,2
34727,5602711107501,500.0,Rar,"Açúcar mascavado escuro, 500g",,1.79,3.58,0,kg,€/Kg,,,https://driveimg1.intermarche.com/pt/Content/images/boitmal/produit/zoom/ADEFD1C58B19FD74B05B253A47CDCB93.jpg,,,,2024-09-11T23:59:59.999999999+01:00,PROSPECTUS,9,2
35560,5601151973745,3500.0,Seven-up,Refrigerante de lima e limão com gás regular,Pack de 2 x 1.75 l,3.38,0.97,3500,L,€/L,,,https://driveimg1.intermarche.com/pt/Content/images/boitmal/produit/zoom/EBF8C806B4FF0C4077BF489443451B3F.jpg,,,,2024-09-11T23:59:59.999999999+01:00,PROSPECTUS,9,2
37443,7613037040869,250.0,Nestum,Nestum zero espelta/aveia,Embalagem de 250 g,2.14,8.56,0,kg,€/Kg,,,https://driveimg1.intermarche.com/pt/Content/images/boitmal/produit/zoom/BF80E2BF1A95765256612BEC5A65D8DD.jpg,,,,2024-09-11T23:59:59.999999999+01:00,PROSPECTUS,9,2
38322,2696606000000,110.0,Padaria,Folhado de pizza,110 g,0.99,9.0,0,kg,€/Kg,,,https://driveimg1.intermarche.com/pt/Content/images/boitmal/produit/zoom/D96FB4FF63D4625C7A46D3847A592BBA.jpg,,,,2024-09-11T23:59:59.999999999+01:00,PROSPECTUS,9,2
39625,5607233533951,385.0,Panrico,Pão cerealia 100% integral,Embalagem de 385g,1.99,5.17,0,kg,€/Kg,,,https://driveimg1.intermarche.com/pt/Content/images/boitmal/produit/zoom/41D40B955E0A17EB04A654C74F17935A.jpg,,,,2024-09-11T23:59:59.999999999+01:00,PROSPECTUS,9,2
41289,8718951312319,75.0,Colgate,Pasta de Dentes Sensation White,75 ml,1.99,26.53,75,L,€/L,,,https://driveimg1.intermarche.com/pt/Content/images/boitmal/produit/zoom/358FEF110BB9541142057951A6E7B896.jpg,,,,2024-09-11T23:59:59.999999999+01:00,PROSPECTUS,9,2
41297,5601050036534,440.0,Danone,"Iogurte oikos pêssego,  4 x 110g",,1.99,4.52,0,kg,€/Kg,,,https://driveimg1.intermarche.com/pt/Content/images/boitmal/produit/zoom/86E0EE086DC0214DA576A0DB5E10BF28.jpg,,,,2024-09-11T23:59:59.999999999+01:00,PROSPECTUS,9,2
41895,5000116125784,220.0,Capitão Iglo,12 nuggets frango polme americano,Embalagem de 220g,2.99,13.59,0,kg,€/Kg,,Tipo de stockagem,https://driveimg1.intermarche.com/pt/Content/images/boitmal/produit/zoom/4A36D918CE859C1F06A618542B06F111.jpg,,,,2024-09-11T23:59:59.999999999+01:00,PROSPECTUS,9,2
44234,8710522854815,257.0,Calvé,Mostarda,Embalagem de 257g,1.68,6.54,0,kg,€/Kg,,,https://driveimg1.intermarche.com/pt/Content/images/boitmal/produit/zoom/7979D994594677C477DA08ADD5A2E9CB.jpg,,,,2024-09-11T23:59:59.999999999+01:00,PROSPECTUS,9,2
44264,5603722517136,200.0,Mimosa,"Nata cremosa sem lactose, 200 ml",,0.99,4.95,200,L,€/L,,,https://driveimg1.intermarche.com/pt/Content/images/boitmal/produit/zoom/505AB5A758F0033F2C092C6776B8A3D2.jpg,,,,2024-09-11T23:59:59.999999999+01:00,PROSPECTUS,9,2
44701,5053990156009,175.0,Pringles,Pringles original,Embalagem de 175g,2.39,13.66,0,kg,€/Kg,,,https://driveimg1.intermarche.com/pt/Content/images/boitmal/produit/zoom/A4350F1969E3C38471802CC20C7A43A5.jpg,https://driveimg1.intermarche.com/pt/Content/images/boitmal/produit/zoom/843E1395B62C4B40E91467CF90852642.jpg,https://driveimg1.intermarche.com/pt/Content/images/boitmal/produit/zoom/843E1395B62C4B40E91467CF90852642.jpg,https://driveimg1.intermarche.com/pt/Content/images/boitmal/produit/zoom/843E1395B62C4B40E91467CF90852642.jpg,2024-09-11T23:59:59.999999999+01:00,PROSPECTUS,9,2
45065,3086123499133,,Bic,Lápis de cor kids,24 unidades,3.99,3.99,0,,€/Unidade,,,https://driveimg1.intermarche.com/pt/Content/images/boitmal/produit/zoom/2EC5BA06FA9976DCD379CD300DB76424.jpg,,,,2024-09-18T23:59:59.999999999+01:00,PROSPECTUS,9,2
45431,5601050036893,300.0,Danone,"Yopro líquido manga,  300g",,1.99,6.63,0,kg,€/Kg,,,https://driveimg1.intermarche.com/pt/Content/images/boitmal/produit/zoom/8583A6614D9FCD023E372D07BF1E7B47.jpg,,,,2024-09-11T23:59:59.999999999+01:00,PROSPECTUS,9,2
45552,8001841993874,300.0,H&S,Champô anti-caspa limpeza profunda purificante,300 ml,4.94,16.47,300,L,€/L,,,https://driveimg1.intermarche.com/pt/Content/images/boitmal/produit/zoom/71784009BAD4838BFC36A6DD6C321111.jpg,,,,2024-09-11T23:59:59.999999999+01:00,PROSPECTUS,9,2
46768,5601082046068,55.0,Delta Q,Café Qalidus XXL,Embalagem com 60 cápsulas,20.99,381.64,0,kg,€/Kg,,,https://driveimg1.intermarche.com/pt/Content/images/boitmal/produit/zoom/2FDABFD124B07CB91B7546AA7A8E4A79.jpg,,,,2024-09-11T23:59:59.999999999+01:00,PROSPECTUS,9,2
4687,5000116105212,375.0,Iglo,Ervilhas,Embalagem de 375 g,1.69,4.51,0,kg,€/Kg,,Tipo de stockagem,https://driveimg1.intermarche.com/pt/Content/images/boitmal/produit/zoom/AB2CFAA543F3CFC918196092BD0A768E.jpg,,,,2024-09-11T23:59:59.999999999+01:00,PROSPECTUS,9,2
4716,5000204593242,72.0,WC Pato,Discos Sanitários Activos Recarga Lima,Embalagem de 2x36 ml,3.49,48.47,72,L,€/L,,,https://driveimg1.intermarche.com/pt/Content/images/boitmal/produit/zoom/63F83864AA3214D8A29D6F7792A8DB6E.jpg,,,,2024-09-11T23:59:59.999999999+01:00,PROSPECTUS,9,2
49263,7702018617074,200.0,Gillette,Gel Fusion Sensitive,Embalagem de 200 ml,4.09,20.45,200,L,€/L,,,https://driveimg1.intermarche.com/pt/Content/images/boitmal/produit/zoom/3FFAAFA5C4347E7C3B800E2A14CE68EF.jpg,,,,2024-09-11T23:59:59.999999999+01:00,PROSPECTUS,9,2
49418,8410500012861,1200.0,Actimel Danone,"Probiótico Natural 0%, 12 x 100 g",,4.79,3.99,0,kg,€/Kg,,,https://driveimg1.intermarche.com/pt/Content/images/boitmal/produit/zoom/B4CE4B2792A3ABCFA8A686173BBD8378.jpg,,,,2024-09-11T23:59:59.999999999+01:00,PROSPECTUS,9,2
49458,5603722505829,800.0,Mimosa,Leite c/ Chocolate Bem Especial 0% lactose,pack 4 x 200 ml,1.99,2.49,800,L,€/L,,,https://driveimg1.intermarche.com/pt/Content/images/boitmal/produit/zoom/273382DABD831386C0BB65AE2C8E8009.jpg,,,,2024-09-11T23:59:59.999999999+01:00,PROSPECTUS,9,2
49819,5603722517327,600.0,Matinal,"Leite Seleccionado Leve, pack 3 x 200 ml",,1.59,2.65,600,L,€/L,,,https://driveimg1.intermarche.com/pt/Content/images/boitmal/produit/zoom/71B7A978B09743409E9A95EE1E5CB157.jpg,,,,2024-09-11T23:59:59.999999999+01:00,PROSPECTUS,9,2
50194,3154144642101,,Maped,Tesoura Essentials,13 cm,0.99,0.99,0,,€/Unidade,,,https://driveimg1.intermarche.com/pt/Content/images/boitmal/produit/zoom/C926AEDDCAEF5F5340D20D93F34262B5.jpg,,,,2024-09-18T23:59:59.999999999+01:00,PROSPECTUS,9,2
5093,5601050033755,620.0,Danone,"Iogurte activia líquido 0% morango/kiwi,  4 x 155 g",,1.99,3.21,0,kg,€/Kg,,,https://driveimg1.intermarche.com/pt/Content/images/boitmal/produit/zoom/29B41AE598716D0550D815AA0FE86025.jpg,,,,2024-09-11T23:59:59.999999999+01:00,PROSPECTUS,9,2
51047,8410436430364,,Persil,Detergente máquina roupa 4 em 1 lavanda,40 cápsulas,9.99,9.99,0,,€/Unidade,,,https://driveimg1.intermarche.com/pt/Content/images/boitmal/produit/zoom/A5FA7D78F48BA80F07906761E5B479A5.jpg,,,,2024-09-11T23:59:59.999999999+01:00,PROSPECTUS,9,2
51113,8720181262784,500.0,Cif,"Limpa Casa Banho Spray Higiene c/ Lixívia, 500 ml",,1.99,3.98,500,L,€/L,,,https://driveimg1.intermarche.com/pt/Content/images/boitmal/produit/zoom/269947C1E7ED82654B4A41635C3A67E7.jpg,,,,2024-09-11T23:59:59.999999999+01:00,PROSPECTUS,9,2
5126,5601068014494,750.0,Cif,Desinfetante em gel c/ lixívia,Garrafa de 750 ml,1.49,1.99,750,L,€/L,,,https://driveimg1.intermarche.com/pt/Content/images/boitmal/produit/zoom/DD01BA25A9A9F730D8ADD335AE8FD21F.jpg,,,,2024-09-11T23:59:59.999999999+01:00,PROSPECTUS,9,2
51370,5000116127085,1080.0,Capitão Iglo,50 Nuggets de Frango Queijo,Embalagem de 1.08 kg,12.99,12.03,0,kg,€/Kg,,Tipo de stockagem,https://driveimg1.intermarche.com/pt/Content/images/boitmal/produit/zoom/67354933CE6BC52C4EBC009954CDE957.jpg,,,,2024-09-11T23:59:59.999999999+01:00,PROSPECTUS,9,2
51746,8006540878057,325.0,Pantene,Condicionador Aqualight,325 ml,3.89,11.97,325,L,€/L,,,https://driveimg1.intermarche.com/pt/Content/images/boitmal/produit/zoom/0DEF9EC2C688409534925F91C28A3713.jpg,,,,2024-09-11T23:59:59.999999999+01:00,PROSPECTUS,9,2
51896,8719200253377,400.0,Planta,"Creme Vegetal para Barrar Original, 400g",,2.63,6.58,0,kg,€/Kg,,,https://driveimg1.intermarche.com/pt/Content/images/boitmal/produit/zoom/7E3E893F11A83F74C9C78D45FF4B6FD0.jpg,,,,2024-09-11T23:59:59.999999999+01:00,PROSPECTUS,9,2
51925,8711327587632,2000.0,Lipton,Ice Tea Manga Zero Açúcar,Garrafa de 2 l,2.39,1.2,2000,L,€/L,,,https://driveimg1.intermarche.com/pt/Content/images/boitmal/produit/zoom/260EAD2F7E1F4D737985C732EC963755.jpg,,,,2024-09-11T23:59:59.999999999+01:00,PROSPECTUS,9,2
52435,3086123329249,,Bic,Canetas Feltro de Colorir Kids,18 Unidades,3.49,3.49,0,,€/Unidade,,,https://driveimg1.intermarche.com/pt/Content/images/boitmal/produit/zoom/63DCC6B9AE9D498F0604CEEAC2602349.jpg,,,,2024-09-18T23:59:59.999999999+01:00,PROSPECTUS,9,2
52785,5900020043504,310.0,Nestlé,"Cereais Fibra Fitness 0% Mel, 310g",,2.89,9.32,0,kg,€/Kg,,,https://driveimg1.intermarche.com/pt/Content/images/boitmal/produit/zoom/4ADF0584BD8BBC16DB61103166355A0D.jpg,,,,2024-09-11T23:59:59.999999999+01:00,PROSPECTUS,9,2
52876,5601050038156,320.0,Yopro,"Iogurte Stracciatella,  2 x 160g",,1.79,5.59,0,kg,€/Kg,,,https://driveimg1.intermarche.com/pt/Content/images/boitmal/produit/zoom/5963BD8DCD2E4AE582B4E6F05EC7A0D8.jpg,,,,2024-09-11T23:59:59.999999999+01:00,PROSPECTUS,9,2
53021,8445290502476,85.0,Purina Gourmet,"Comida Húmida para Gato Delícias Suculentas Frango, 85g",,0.69,8.12,0,kg,€/Kg,,,https://driveimg1.intermarche.com/pt/Content/images/boitmal/produit/zoom/DF2FEBDB05BF47D3015BFCA5E9C4EC1B.jpg,,,,2024-09-11T23:59:59.999999999+01:00,PROSPECTUS,9,2
53024,8720182589569,280.0,Calvé,"Molho Agridoce, 280g",,1.94,6.93,0,kg,€/Kg,,,https://driveimg1.intermarche.com/pt/Content/images/boitmal/produit/zoom/7ADC1EF520237C467C08598D71586602.jpg,,,,2024-09-11T23:59:59.999999999+01:00,PROSPECTUS,9,2
53245,8410376065077,208.0,Gullon,"Bolachas Dibus Magic Mix & Go, 208g",,1.29,6.2,0,kg,€/Kg,,,https://driveimg1.intermarche.com/pt/Content/images/boitmal/produit/zoom/31C94F511125FF508ED7AC3EEC2DBB07.jpg,,,,2024-09-11T23:59:59.999999999+01:00,PROSPECTUS,9,2
53353,8700216073349,,Venus,Máquina Depilatória Zona Intima,,9.74,9.74,0,,€/Unidade,,,https://driveimg1.intermarche.com/pt/Content/images/boitmal/produit/zoom/F20A401C4167F21409756EF7AC7B5FA3.jpg,,,,2024-09-11T23:59:59.999999999+01:00,PROSPECTUS,9,2
54523,8720181510007,750.0,Vaseline,"Gel de Banho Rosas e Jasmim, 750ml",,3.19,4.25,750,L,€/L,,,https://driveimg1.intermarche.com/pt/Content/images/boitmal/produit/zoom/DBC99D54EBDBAA1B8107D63DD2783964.jpg,,,,2024-09-11T23:59:59.999999999+01:00,PROSPECTUS,9,2
5775,5604260030064,,PorSi,"Caderno A4 Quadriculado Agrafado Capa Preta, 80 Folhas",,0.99,0.99,0,,€/Unidade,,,https://driveimg1.intermarche.com/pt/Content/images/boitmal/produit/zoom/3B35660DD64E01B8A799275CBEFAABC5.jpg,,,,2024-09-18T23:59:59.999999999+01:00,PROSPECTUS,9,2
5845,5604260129027,500.0,PorSi,"Detergente manual de loiça, maçã",Embalagem de 500 ml,1.59,3.18,500,L,€/L,,,https://driveimg1.intermarche.com/pt/Content/images/boitmal/produit/zoom/FA3C8FC31B47D9DC966718AF0B1180EB.jpg,,,,2024-09-11T23:59:59.999999999+01:00,PROSPECTUS,9,2
7140,2895062000000,250.0,Santiago,Queijo tres igrejas cura 2 meses,Vendido ao peso a partir de 250 gr,3.0,11.99,0,,€/Kg,,,https://driveimg1.intermarche.com/pt/Content/images/boitmal/produit/zoom/23C77AA648CADC2DCC87B3557E21073E.jpg,,,,2024-09-11T23:59:59.999999999+01:00,PROSPECTUS,9,2
8399,5601050033809,620.0,Danone,"Iogurte activia líquido morango,  4 x 155 g",,1.99,3.21,0,kg,€/Kg,,,https://driveimg1.intermarche.com/pt/Content/images/boitmal/produit/zoom/D308B1FB4C89B3E5388CD017CB0E1529.jpg,,,,2024-09-11T23:59:59.999999999+01:00,PROSPECTUS,9,2
8400,5601050033779,620.0,Danone,"Iogurte activia líquido cereais,  4 x 155 g",,1.99,3.21,0,kg,€/Kg,,,https://driveimg1.intermarche.com/pt/Content/images/boitmal/produit/zoom/3AC3707CF655B8CC61D2C80E4828D7C8.jpg,,,,2024-09-11T23:59:59.999999999+01:00,PROSPECTUS,9,2
8434,5601050033731,620.0,Danone,"Iogurte activia líquido 0% lima/limão,  4 x 155 g",,1.99,3.21,0,kg,€/Kg,,,https://driveimg1.intermarche.com/pt/Content/images/boitmal/produit/zoom/E8DD28A0F1244F3320993F3917832E4F.jpg,,,,2024-09-11T23:59:59.999999999+01:00,PROSPECTUS,9,2
8800,5601244201922,200.0,Terra Nostra,"Queijo em fatias, -50% gordura",Embalagem de 200g,2.29,11.45,0,kg,€/Kg,,,https://driveimg1.intermarche.com/pt/Content/images/boitmal/produit/zoom/85D15B5E2887AAA1EC03C6E7ECAD1482.jpg,,,,2024-09-11T23:59:59.999999999+01:00,PROSPECTUS,9,2
13821,2892597000000,200.0,Legumes,Tomate Cacho,1 un = 200 gr (aprox.),0.3,1.49,0,,€/Kg,,,https://driveimg1.intermarche.com/pt/Content/images/boitmal/produit/zoom/3B66EF6541266EDFA27BC4541501843F.jpg,,,,2024-09-11T23:59:59.999999999+01:00,PROSPECTUS,9,2
44104,2696661000000,90.0,Padaria,Cacetinho de trigo integral,90 g,0.2,2.22,0,kg,€/Kg,,,https://driveimg1.intermarche.com/pt/Content/images/boitmal/produit/zoom/DC4B31D5116A1A43F4BD72090A42EAD2.jpg,,,,2024-09-11T23:59:59.999999999+01:00,PROSPECTUS,9,2
25861,5603722509759,800.0,Mimosa,Leite C/ Chocolate,Embalagem de 4 x 200 ml,1.49,1.86,800,L,€/L,,,https://driveimg1.intermarche.com/pt/Content/images/boitmal/produit/zoom/754E59DFB7314FD42DB15B9A65008D5F.jpg,,,,2024-09-11T23:59:59.999999999+01:00,PROSPECTUS,9,2
17827,5603344531022,110.0,General,Atum posta em óleo,Embalagem de 110g,0.99,9.0,0,kg,€/Kg,,,https://driveimg1.intermarche.com/pt/Content/images/boitmal/produit/zoom/0B70BBA12E696DF4BBA1975714F843B4.jpg,,,,2024-09-11T23:59:59.999999999+01:00,PROSPECTUS,9,2
1189,5601119007987,250.0,Nobre,Salsichas de porco,Lata de 250g,1.67,6.68,0,kg,€/Kg,,,https://driveimg1.intermarche.com/pt/Content/images/boitmal/produit/zoom/098AB25EB23B66D623E253A97FD15BDF.jpg,,,,2024-09-11T23:59:59.999999999+01:00,PROSPECTUS,9,2
1305,5601151862155,500.0,Compal,Polpa de tomate em garrafa,Embalagem de 500g,1.24,2.48,0,kg,€/Kg,,,https://driveimg1.intermarche.com/pt/Content/images/boitmal/produit/zoom/AAB3292CC676B25102611CA57B6FA818.jpg,,,,2024-09-11T23:59:59.999999999+01:00,PROSPECTUS,9,2
10095,8435257040899,640.0,Nestlé,"Iogurte líquido yoggi morango,  4 x 160 g",,1.99,3.11,0,kg,€/Kg,,,https://driveimg1.intermarche.com/pt/Content/images/boitmal/produit/zoom/F1F347BA34EB28F1148C3C442A42CC17.jpg,,,,2024-09-11T23:59:59.999999999+01:00,PROSPECTUS,9,2
9184,5602348062754,70.0,Damatta,Presunto sabor português fatiado,Embalagem de 70 g,2.29,32.71,0,kg,€/Kg,,,https://driveimg1.intermarche.com/pt/Content/images/boitmal/produit/zoom/0A14ED361A0023E1AFBFC3FC3C5833B1.jpg,,,,2024-09-11T23:59:59.999999999+01:00,PROSPECTUS,9,2
17189,5603344531107,110.0,General,"Atum em posta, em azeite",Embalagem de 110g,1.49,13.55,0,kg,€/Kg,,,https://driveimg1.intermarche.com/pt/Content/images/boitmal/produit/zoom/23F9119BF17F96B8DBD56B1983340EF6.jpg,,,,2024-09-11T23:59:59.999999999+01:00,PROSPECTUS,9,2
1292,5601151354452,1000.0,Compal,"Néctar vital equilibrio manga e laranja, 1 l",,1.49,1.49,1000,L,€/L,,,https://driveimg1.intermarche.com/pt/Content/images/boitmal/produit/zoom/30D2BA582C7246DE27BB90D053759BF5.jpg,,,,2024-09-11T23:59:59.999999999+01:00,PROSPECTUS,9,2
848,5000189974579,200.0,Kit Kat,Chocolate mini,Embalagem de 200g,3.38,16.9,0,kg,€/Kg,,,https://driveimg1.intermarche.com/pt/Content/images/boitmal/produit/zoom/33F684DC544CDCED4E93A337A33052D5.jpg,,,,2024-09-11T23:59:59.999999999+01:00,PROSPECTUS,9,2
13599,2893594000000,550.0,Peixaria,Red Fish Grande Congelado,1 un = 500 gr (aprox.),3.29,5.99,0,,€/Kg,,Avantages !,https://driveimg1.intermarche.com/pt/Content/images/boitmal/produit/zoom/A3E98972B338DCF46BAA412A17BB9B0C.jpg,,,,2024-09-11T23:59:59.999999999+01:00,PROSPECTUS,9,2
16857,5603344531114,110.0,General,Atum natural,Embalagem de 110g,1.1,10.0,0,kg,€/Kg,,,https://driveimg1.intermarche.com/pt/Content/images/boitmal/produit/zoom/134BCB035260DA080E0EB7CE51D7253D.jpg,,,,2024-09-11T23:59:59.999999999+01:00,PROSPECTUS,9,2
41384,5601050036602,440.0,Danone,"Iogurte grego oikos stracciatella,  4 x 110 g",,1.99,4.52,0,kg,€/Kg,,,https://driveimg1.intermarche.com/pt/Content/images/boitmal/produit/zoom/A0A6F59B7D5832D67ED1CDB718D78849.jpg,,,,2024-09-11T23:59:59.999999999+01:00,PROSPECTUS,9,2
12230,7613034192264,250.0,Cerelac,Papa infantil para preparar com leite +6 meses,Embalagem de 250g,1.84,7.36,0,kg,€/Kg,,,https://driveimg1.intermarche.com/pt/Content/images/boitmal/produit/zoom/9FAA017CC3BC08A98F0EF54D61B67C5D.jpg,,,,2024-09-11T23:59:59.999999999+01:00,PROSPECTUS,9,2
25262,5000116112166,208.0,Capitão Iglo,10 nuggets de frango,Embalagem de 210g,2.99,14.38,0,kg,€/Kg,,Tipo de stockagem,https://driveimg1.intermarche.com/pt/Content/images/boitmal/produit/zoom/4CF12EA727EBC42ED8634368F0F21B4F.jpg,,,,2024-09-11T23:59:59.999999999+01:00,PROSPECTUS,9,2
1187,5601119007963,120.0,Nobre,6 Salsichas de porco,Lata de 120g,1.09,9.08,0,kg,€/Kg,,,https://driveimg1.intermarche.com/pt/Content/images/boitmal/produit/zoom/120DC1535B1AFA150D13CE3A5CE70137.jpg,,,,2024-09-11T23:59:59.999999999+01:00,PROSPECTUS,9,2
11922,5603089001125,200.0,Parmalat,Molho bechamel,Embalagem de 200 ml,0.99,4.95,200,L,€/L,,,https://driveimg1.intermarche.com/pt/Content/images/boitmal/produit/zoom/9C3458C8BB2A370E8731689890BBDCF8.jpg,,,,2024-09-11T23:59:59.999999999+01:00,PROSPECTUS,9,2
1436,5601260038106,1000.0,Cigala,Arroz brajma,Embalagem de 1 kg,2.54,2.54,0,kg,€/Kg,,,https://driveimg1.intermarche.com/pt/Content/images/boitmal/produit/zoom/61072CF34FC0F6BAB0BEEADB6DBF8C24.jpg,,,,2024-09-11T23:59:59.999999999+01:00,PROSPECTUS,9,2
14854,2891117000000,2350.0,PorSi,Pato inteiro com miúdos,1 un = 2.250 kg (aprox.),10.53,4.48,0,,€/Kg,,,https://driveimg1.intermarche.com/pt/Content/images/boitmal/produit/zoom/8590712CC932B136925D5328AF850637.jpg,,,,2024-09-11T23:59:59.999999999+01:00,PROSPECTUS,9,2
43768,7613287121783,187.0,Smarties,"Smarties mini chocolate, 187g",,3.38,18.07,0,kg,€/Kg,,,https://driveimg1.intermarche.com/pt/Content/images/boitmal/produit/zoom/7A552A060795A355D30AAAB4BC193B70.jpg,https://driveimg1.intermarche.com/pt/Content/images/boitmal/produit/zoom/E8FEE980732B87942B93ED2D1ABFFA78.jpg,https://driveimg1.intermarche.com/pt/Content/images/boitmal/produit/zoom/E8FEE980732B87942B93ED2D1ABFFA78.jpg,,2024-09-11T23:59:59.999999999+01:00,PROSPECTUS,9,2
50033,5601050037593,300.0,Yopro,"Iogurte Liquido Pêssego Maragujá,  300g",,1.99,6.63,0,kg,€/Kg,,,https://driveimg1.intermarche.com/pt/Content/images/boitmal/produit/zoom/8DF1B41264F620D281B0BA1662B0D3D8.jpg,,,,2024-09-11T23:59:59.999999999+01:00,PROSPECTUS,9,2
8391,5601049159992,1000.0,Mimosa,Leite especial cálcio + vitamina d magro,Garrafa de 1 l,0.98,0.98,1000,L,€/L,,,https://driveimg1.intermarche.com/pt/Content/images/boitmal/produit/zoom/9A4AD44FB60B5A45579B826AAB547587.jpg,,,,2024-09-11T23:59:59.999999999+01:00,PROSPECTUS,9,2
2010,5604260127320,300.0,PorSi,"Mini rissóis de carne, 20 unidades",Embalagem de 300 g,1.99,6.63,0,kg,€/Kg,,Tipo de stockagem,https://driveimg1.intermarche.com/pt/Content/images/boitmal/produit/zoom/6C097338C8C7394E49965985FF60BE98.jpg,,,,2024-09-11T23:59:59.999999999+01:00,PROSPECTUS,9,2
23524,5000204922851,750.0,WC Pato,"Líquido sanitário extra power, marinho, 750 ml",,1.69,2.25,750,L,€/L,,,https://driveimg1.intermarche.com/pt/Content/images/boitmal/produit/zoom/FF6B5BA6C8EB35DB501C05C209AD45D0.jpg,,,,2024-09-11T23:59:59.999999999+01:00,PROSPECTUS,9,2
25108,5601226041720,750.0,Ucal,Leite uht c/ chocolate,Embalagem de 3 x 250 ml,2.29,3.05,750,L,€/L,,,https://driveimg1.intermarche.com/pt/Content/images/boitmal/produit/zoom/2AFB2501DB878C97A2DFFFAA8B544C90.jpg,,,,2024-09-11T23:59:59.999999999+01:00,PROSPECTUS,9,2
32560,8006540808610,440.0,Fairy,Detergente Manual Loiça Maxi Poder Limão,440 ml,2.99,6.8,440,L,€/L,,,https://driveimg1.intermarche.com/pt/Content/images/boitmal/produit/zoom/76939BBBBC7A9CB088990F95841C1714.jpg,,,,2024-09-11T23:59:59.999999999+01:00,PROSPECTUS,9,2
15886,5601027003859,210.0,Manhãzitos,Manhãzitos original,Embalagem 6x2 unidades,2.29,10.9,0,kg,€/Kg,,,https://driveimg1.intermarche.com/pt/Content/images/boitmal/produit/zoom/71329DB5D34C05CB20373BAE1032B91A.jpg,,,,2024-09-11T23:59:59.999999999+01:00,PROSPECTUS,9,2
46518,5000204208856,750.0,WC Pato,"Líquido sanitário ação total menta, 750 ml",,1.94,2.59,750,L,€/L,,,https://driveimg1.intermarche.com/pt/Content/images/boitmal/produit/zoom/0233D129A9EC0388789C44988374A6C5.jpg,,,,2024-09-11T23:59:59.999999999+01:00,PROSPECTUS,9,2
485,3036810201280,220.0,Maille,Mostarda dijon,Embalagem de 220g,3.19,14.5,0,kg,€/Kg,,,https://driveimg1.intermarche.com/pt/Content/images/boitmal/produit/zoom/54F468F339DF4ED703D2259DA36B459B.jpg,https://driveimg1.intermarche.com/pt/Content/images/boitmal/produit/zoom/1ABADBA923A5257BF5D8A92B53110481.jpg,https://driveimg1.intermarche.com/pt/Content/images/boitmal/produit/zoom/1ABADBA923A5257BF5D8A92B53110481.jpg,,2024-09-11T23:59:59.999999999+01:00,PROSPECTUS,9,2
7324,3228020390131,250.0,Président,Manteiga magra meio sal,Embalagem de 250g,2.49,9.96,0,kg,€/Kg,,,https://driveimg1.intermarche.com/pt/Content/images/boitmal/produit/zoom/E0572D04FA5CEC1AC6556A139AF011D2.jpg,,,,2024-09-11T23:59:59.999999999+01:00,PROSPECTUS,9,2
11968,5603722506932,350.0,Agros,"Queijo flamengo, bola quartos",Embalagem de 350g,3.28,9.37,0,kg,€/Kg,,,https://driveimg1.intermarche.com/pt/Content/images/boitmal/produit/zoom/A855C104890794BB9CC86EE717D5F260.jpg,,,,2024-09-11T23:59:59.999999999+01:00,PROSPECTUS,9,3
12379,8410285015354,250.0,Président,Chantilly,Embalagem de 250 g,2.69,10.76,0,kg,€/Kg,,,https://driveimg1.intermarche.com/pt/Content/images/boitmal/produit/zoom/B654208BFA286B469467D921BFF560D4.jpg,,,,2024-09-11T23:59:59.999999999+01:00,PROSPECTUS,9,3
6361,8410108088886,,Evax,"Pensos diários salva slip, maxi",72 unidades,3.74,3.74,0,,€/Unidade,,,https://driveimg1.intermarche.com/pt/Content/images/boitmal/produit/zoom/04C43DF34CCFC7ECACB2FD78623C223E.jpg,,,,2024-09-11T23:59:59.999999999+01:00,PROSPECTUS,9,3
10859,3023290400395,230.0,Nestlé,"Iogurte mix-in kit kat,  2 x 115 g",,1.99,8.65,0,kg,€/Kg,,,https://driveimg1.intermarche.com/pt/Content/images/boitmal/produit/zoom/D24FD8641E9037F3EAA23A9C6F869324.jpg,,,,2024-09-11T23:59:59.999999999+01:00,PROSPECTUS,9,3
14000,2696303000000,,Pastelaria,Bolo de Arroz 70 g,,0.69,0.69,0,,€/Unidade,,,https://driveimg1.intermarche.com/pt/Content/images/boitmal/produit/zoom/1820F6FA8B5208330B464578E6A91559.jpg,,,,2024-09-11T23:59:59.999999999+01:00,PROSPECTUS,9,3
1272,5601151060254,500.0,Compal,Tomate triturado,Embalagem de 500g,1.39,2.78,0,kg,€/Kg,,,https://driveimg1.intermarche.com/pt/Content/images/boitmal/produit/zoom/8578E2260B46D071F7AECDA37452145B.jpg,,,,2024-09-11T23:59:59.999999999+01:00,PROSPECTUS,9,3
15178,5604260274338,260.0,PorSi,Farinheira das beiras,Embalagem de 260G,1.59,6.12,0,kg,€/Kg,,,https://driveimg1.intermarche.com/pt/Content/images/boitmal/produit/zoom/3709BE2662A3ADF1E09832458884ECF9.jpg,,,,2024-09-11T23:59:59.999999999+01:00,PROSPECTUS,9,3
16962,5601029004113,390.0,Bom Petisco,Atum posta em azeite,Embalagem de 390g,5.66,14.51,0,kg,€/Kg,,,https://driveimg1.intermarche.com/pt/Content/images/boitmal/produit/zoom/1B91710086B8F360AE5F50CD51D75118.jpg,,,,2024-09-11T23:59:59.999999999+01:00,PROSPECTUS,9,3
23353,5000116112197,375.0,Capitão Iglo,18 nuggets de frango,Embalagem de 380g,4.99,13.31,0,kg,€/Kg,,Tipo de stockagem,https://driveimg1.intermarche.com/pt/Content/images/boitmal/produit/zoom/9D484954D4D236D651A8F338A7717B74.jpg,,,,2024-09-11T23:59:59.999999999+01:00,PROSPECTUS,9,3
26062,5601082041742,220.0,Delta,Café moagem universal timor,Embalagem de 220g,2.75,12.5,0,kg,€/Kg,,,https://driveimg1.intermarche.com/pt/Content/images/boitmal/produit/zoom/ADF6DAB3E877271F201912BF13D8C4E0.jpg,,,,2024-09-11T23:59:59.999999999+01:00,PROSPECTUS,9,3
35301,8001090766885,,Evax,Pensos diários salvaslip flexi & fresh normal,28 unidades,1.49,1.49,0,,€/Unidade,,,https://driveimg1.intermarche.com/pt/Content/images/boitmal/produit/zoom/1F56EC23F2B2B0CE3A138E681A8B3E99.jpg,,,,2024-09-11T23:59:59.999999999+01:00,PROSPECTUS,9,3
41582,5601050036626,440.0,Danone,"Iogurte grego café,  4 x 110 g",,1.99,4.52,0,kg,€/Kg,,,https://driveimg1.intermarche.com/pt/Content/images/boitmal/produit/zoom/AA81C6F13D10195F1596F127A0BC3ACE.jpg,,,,2024-09-11T23:59:59.999999999+01:00,PROSPECTUS,9,3
49505,8006540618578,,Dodot,Fraldas Bebé Seco Extra T3+ 7-11kg,Embalagem c/ 66 un.,13.49,13.49,0,,€/Unidade,,,https://driveimg1.intermarche.com/pt/Content/images/boitmal/produit/zoom/BEEC46C8A19C711256F037B8E4254626.jpg,,,,2024-09-11T23:59:59.999999999+01:00,PROSPECTUS,9,3
51516,5000204242676,750.0,WC Pato,"Líquido Sanitário Biodegradável, 750 ml",,1.69,2.25,750,L,€/L,,,https://driveimg1.intermarche.com/pt/Content/images/boitmal/produit/zoom/A52D20BC4663DAC31D8BC9280D80BD62.jpg,,,,2024-09-11T23:59:59.999999999+01:00,PROSPECTUS,9,3
8415,8410500007836,600.0,Actimel Danone,"Actimel tutti-frutti,  6 x 100g",,2.89,4.82,0,kg,€/Kg,,,https://driveimg1.intermarche.com/pt/Content/images/boitmal/produit/zoom/DB1D3FA2CAFD2F870E694DAF87E93AD5.jpg,,,,2024-09-11T23:59:59.999999999+01:00,PROSPECTUS,9,3
2409,5608543000157,10.0,Tetley,Infusão de camomila,Embalagem de 10g,0.89,89.0,0,kg,€/Kg,,,https://driveimg1.intermarche.com/pt/Content/images/boitmal/produit/zoom/C995769A7E3ACBF1E8869F2AEDA95DF9.jpg,,,,2024-09-11T23:59:59.999999999+01:00,PROSPECTUS,9,3
36183,5604736300097,100.0,Maria Batata,Batata doce frita,embalagem de 100 g,1.74,17.4,0,kg,€/Kg,,,https://driveimg1.intermarche.com/pt/Content/images/boitmal/produit/zoom/71A1C6E59EDA9EE5A4876F3C1F68F50F.jpg,,,,2024-09-11T23:59:59.999999999+01:00,PROSPECTUS,9,3
4254,3600521848449,50.0,L'oreal Men Expert,Desodorizante roll-on fresh extra,Embalagem de 50 ml,2.69,53.8,50,L,€/L,,,https://driveimg1.intermarche.com/pt/Content/images/boitmal/produit/zoom/E57536F1DBA38F68B80006805ED4ECFF.jpg,,,,2024-09-11T23:59:59.999999999+01:00,PROSPECTUS,9,3
51751,8720181338502,435.0,Cif,"Spray remove bolores, 435 ml",,2.49,5.72,435,L,€/L,,,https://driveimg1.intermarche.com/pt/Content/images/boitmal/produit/zoom/380C503403FDBF9BBCD37132FDE8F56E.jpg,,,,2024-09-11T23:59:59.999999999+01:00,PROSPECTUS,9,3
12468,8435250439584,256.0,Nestlé,"Iogurte mix-in smarties morango,  2 x 128 g",,1.99,7.77,0,kg,€/Kg,,,https://driveimg1.intermarche.com/pt/Content/images/boitmal/produit/zoom/A56FAF9000F1827F93D14D3DAF96AF68.jpg,,,,2024-09-11T23:59:59.999999999+01:00,PROSPECTUS,9,3
14235,5604260274352,280.0,PorSi,Chourico vinho das beiras,Embalagem de 280g,3.99,14.25,0,kg,€/Kg,,,https://driveimg1.intermarche.com/pt/Content/images/boitmal/produit/zoom/133E60D7C55199AE3A2A7571F92625D7.jpg,,,,2024-09-11T23:59:59.999999999+01:00,PROSPECTUS,9,3
22391,5601151975770,1980.0,Pepsi,Refrigerante c/ gás zero açúcar,pack 6 x 0.33 l,3.39,1.71,1980,L,€/L,,,https://driveimg1.intermarche.com/pt/Content/images/boitmal/produit/zoom/295E8D4AC4A975DC393951F909F93B6E.jpg,,,,2024-09-11T23:59:59.999999999+01:00,PROSPECTUS,9,3
2407,5608543000133,18.0,Tetley,Chá verde,Embalagem de 20g,0.95,52.78,0,kg,€/Kg,,,https://driveimg1.intermarche.com/pt/Content/images/boitmal/produit/zoom/8E02DD9BA1324B098CBEC62350029218.jpg,,,,2024-09-11T23:59:59.999999999+01:00,PROSPECTUS,9,3
25375,5601050033441,620.0,Danone,"Iogurte activia líquido manga e papaia,  4 x 155 g",,1.99,3.21,0,kg,€/Kg,,,https://driveimg1.intermarche.com/pt/Content/images/boitmal/produit/zoom/A96AE19E74579E9FA5D5277C47DE6D86.jpg,,,,2024-09-11T23:59:59.999999999+01:00,PROSPECTUS,9,3
47653,8414100306559,330.0,Schweppes,Ginger Ale,lata 33 cl,0.71,2.15,330,L,€/L,,,https://driveimg1.intermarche.com/pt/Content/images/boitmal/produit/zoom/7266BD34E9D43F1FF4AC9272334226E1.jpg,,,,2024-09-11T23:59:59.999999999+01:00,PROSPECTUS,9,3
10900,3228021920191,250.0,Président,Manteiga fácil de barrar,Embalagem de 250g,3.49,13.96,0,kg,€/Kg,,,https://driveimg1.intermarche.com/pt/Content/images/boitmal/produit/zoom/4D96FDED3FC03AA427EBA14DEAEC2804.jpg,,,,2024-09-11T23:59:59.999999999+01:00,PROSPECTUS,9,3
1307,5601151962152,1000.0,Compal,Polpa de tomate em garrafa,Embalagem de 1 kg,2.09,2.09,0,kg,€/Kg,,,https://driveimg1.intermarche.com/pt/Content/images/boitmal/produit/zoom/188D8B739A75F9183E13BB6E462F65B0.jpg,,,,2024-09-11T23:59:59.999999999+01:00,PROSPECTUS,9,3
15277,5604260276059,290.0,PorSi,"Chourico picante beiras, 290g",,4.29,14.79,0,kg,€/Kg,,,https://driveimg1.intermarche.com/pt/Content/images/boitmal/produit/zoom/9A95415657D9441FAE7B230F98460ADE.jpg,https://driveimg1.intermarche.com/pt/Content/images/boitmal/produit/zoom/5698277AE9A688F04F9034735ED3C21A.jpg,https://driveimg1.intermarche.com/pt/Content/images/boitmal/produit/zoom/5698277AE9A688F04F9034735ED3C21A.jpg,https://driveimg1.intermarche.com/pt/Content/images/boitmal/produit/zoom/5698277AE9A688F04F9034735ED3C21A.jpg,2024-09-11T23:59:59.999999999+01:00,PROSPECTUS,9,3
1711,5604055118410,6000.0,Fastio,"Água mineral sem gás, pack 4 x 1,5L",,2.19,0.37,6000,L,€/L,,,https://driveimg1.intermarche.com/pt/Content/images/boitmal/produit/zoom/D02DF978D621E943487B52391D308C37.jpg,,,,2024-09-11T23:59:59.999999999+01:00,PROSPECTUS,9,3
2009,5604260127313,300.0,PorSi,20 mini rissóis de camarão,Embalagem de 300 g,1.99,6.63,0,kg,€/Kg,,Tipo de stockagem,https://driveimg1.intermarche.com/pt/Content/images/boitmal/produit/zoom/ACD7B768273B4663A89068C8841BA8DE.jpg,,,,2024-09-11T23:59:59.999999999+01:00,PROSPECTUS,9,3
25153,5000146400042,750.0,Harpic,Líquido wc duraguard pinho da montanha,Garrafa de 750 ml,1.99,2.65,750,L,€/L,,,https://driveimg1.intermarche.com/pt/Content/images/boitmal/produit/zoom/4436EFCC1EEADD9FE9996407752961F9.jpg,,,,2024-09-11T23:59:59.999999999+01:00,PROSPECTUS,9,3
26061,5601082041735,220.0,Delta,Café moagem universal angola,Embalagem de 220g,2.79,12.68,0,kg,€/Kg,,,https://driveimg1.intermarche.com/pt/Content/images/boitmal/produit/zoom/1C642C260D3CFB58C5169AA62CAB8A78.jpg,,,,2024-09-11T23:59:59.999999999+01:00,PROSPECTUS,9,3
26414,5000116110919,1042.0,Capitão Iglo,50 nuggets de frango,Embalagem de 1042g,12.99,12.47,0,kg,€/Kg,,Tipo de stockagem,https://driveimg1.intermarche.com/pt/Content/images/boitmal/produit/zoom/EFDC76A0E2DA568466B2DD97096F0B41.jpg,,,,2024-09-11T23:59:59.999999999+01:00,PROSPECTUS,9,3
52887,5603722523137,200.0,Mimosa,"Natas para Massas, 200 ml",,0.99,4.95,200,L,€/L,,,https://driveimg1.intermarche.com/pt/Content/images/boitmal/produit/zoom/F3EDAE46E372CBB78EE7DEA3A9DB3BD9.jpg,,,,2024-09-11T23:59:59.999999999+01:00,PROSPECTUS,9,3
10901,3228022000298,250.0,Président,Manteiga magra baixo teor sal,Embalagem de 250g,2.49,9.96,0,kg,€/Kg,,,https://driveimg1.intermarche.com/pt/Content/images/boitmal/produit/zoom/39754817E202726209A4761F94FED7A7.jpg,,,,2024-09-11T23:59:59.999999999+01:00,PROSPECTUS,9,3
11642,5601180002003,1000.0,Vigor,Leite pasteurizado magro,Garrafa de 1 l,0.98,0.98,1000,L,€/L,,,https://driveimg1.intermarche.com/pt/Content/images/boitmal/produit/zoom/4712850F57AD5A8BB3282BD0DF37AD78.jpg,,,,2024-09-11T23:59:59.999999999+01:00,PROSPECTUS,9,3
13522,2893514000000,200.0,Peixaria,Choco Pequeno Congelado,1 un= 200 gr (aprox.),1.8,8.99,0,,€/Kg,,Avantages !,https://driveimg1.intermarche.com/pt/Content/images/boitmal/produit/zoom/37754AAC1A8B81BA5D21C470572981B5.jpg,,,,2024-09-11T23:59:59.999999999+01:00,PROSPECTUS,9,3
15373,5604260274345,300.0,PorSi,Chouriço cebola beiras,Embalagem de 300g,2.99,9.97,0,kg,€/Kg,,,https://driveimg1.intermarche.com/pt/Content/images/boitmal/produit/zoom/8489B6FBB52DE58FA16643247B8CF493.jpg,,,,2024-09-11T23:59:59.999999999+01:00,PROSPECTUS,9,3
26063,5601082041711,220.0,Delta,Café moagem universal brasil,Embalagem de 220g,2.79,12.68,0,kg,€/Kg,,,https://driveimg1.intermarche.com/pt/Content/images/boitmal/produit/zoom/A0317A79C7D706D279E5085A69D392C6.jpg,,,,2024-09-11T23:59:59.999999999+01:00,PROSPECTUS,9,3
33127,8001010033721,135.0,Ponti,Molho pesto ponti 135 grs,Embalagem de 140g,2.25,16.67,0,kg,€/Kg,,,https://driveimg1.intermarche.com/pt/Content/images/boitmal/produit/zoom/F4B4042E9E40B9E398D32759CA139CC2.jpg,,,,2024-09-11T23:59:59.999999999+01:00,PROSPECTUS,9,3
33221,3228021000145,125.0,Président,Queijo creme de camembert,embalagem de 125 g,2.24,17.92,0,kg,€/Kg,,,https://driveimg1.intermarche.com/pt/Content/images/boitmal/produit/zoom/191B0F5F4C277BC0952AE88BBE7A9713.jpg,,,,2024-09-11T23:59:59.999999999+01:00,PROSPECTUS,9,3
33222,3228024070282,130.0,Président,"Queijo creme de brie, 125 g",,2.24,17.23,0,kg,€/Kg,,,https://driveimg1.intermarche.com/pt/Content/images/boitmal/produit/zoom/FD07504DC881394E6116D36E0F2C3BCC.jpg,,,,2024-09-11T23:59:59.999999999+01:00,PROSPECTUS,9,3
40951,8711327324831,360.0,Olá,Feast (4x90ml),Garrafa de 360 ml,2.99,8.31,360,L,€/L,,Tipo de stockagem,https://driveimg1.intermarche.com/pt/Content/images/boitmal/produit/zoom/303ECAF7407F2E60886EB9D432E4E449.jpg,,,,2024-09-11T23:59:59.999999999+01:00,PROSPECTUS,9,3
41226,5601050036572,440.0,Danone,"Oikos morango, 4 x 110g",,1.99,4.52,0,kg,€/Kg,,,https://driveimg1.intermarche.com/pt/Content/images/boitmal/produit/zoom/8E4736FC7A27F857CF545D0499041B59.jpg,,,,2024-09-11T23:59:59.999999999+01:00,PROSPECTUS,9,3
41979,5601050036244,160.0,Danone,"Yopro manteiga amendoim banana,  160g",,0.98,6.13,0,kg,€/Kg,,,https://driveimg1.intermarche.com/pt/Content/images/boitmal/produit/zoom/76F611345D72D89BD286B28BEC6CF628.jpg,,,,2024-09-11T23:59:59.999999999+01:00,PROSPECTUS,9,3
4322,3600540623911,50.0,Narta,"Desodorizante Roll'On Invisivel, 50 ml",,3.99,79.8,50,L,€/L,,,https://driveimg1.intermarche.com/pt/Content/images/boitmal/produit/zoom/2548E7F9189B3705E4D8DD9171C395C3.jpg,,,,2024-09-11T23:59:59.999999999+01:00,PROSPECTUS,9,3
44832,7613287235497,7.0,Cerelac,Nutripuffs de banana 8 meses s/ açúcar,Embalagem de 7g,0.66,94.29,0,kg,€/Kg,,,https://driveimg1.intermarche.com/pt/Content/images/boitmal/produit/zoom/F7F288CA0CC82A4884ED2DCB1285182C.jpg,,,,2024-09-11T23:59:59.999999999+01:00,PROSPECTUS,9,3
48834,8718951477896,75.0,Colgate,"Pasta dentífrica herbal, 75 ml",,1.99,26.53,75,L,€/L,,,https://driveimg1.intermarche.com/pt/Content/images/boitmal/produit/zoom/D389141CCEA44A755E95B9A33236FE9A.jpg,,,,2024-09-11T23:59:59.999999999+01:00,PROSPECTUS,9,3
6460,8410436216777,53.0,Sonasol,Bloco Sanitário Poder Activo Floral,Embalagem de 50 g,1.98,37.36,0,kg,€/Kg,,,https://driveimg1.intermarche.com/pt/Content/images/boitmal/produit/zoom/9C3612E8D8E2847E794B4AC7CFA48EBA.jpg,,,,2024-09-11T23:59:59.999999999+01:00,PROSPECTUS,9,3
7231,3059941005008,750.0,Harpic,Gel wc tripla ação c/ lixívia,Garrafa de 750 ml,1.99,2.65,750,L,€/L,,,https://driveimg1.intermarche.com/pt/Content/images/boitmal/produit/zoom/4F4DC0D04FEFE2E1C1396B2DF4E1E13C.jpg,,,,2024-09-11T23:59:59.999999999+01:00,PROSPECTUS,9,3
8435,5601050033953,620.0,Danone,"Iogurte activia líquido 0% de pêssego/maracujá,  4 x 155 g",,1.99,3.21,0,kg,€/Kg,,,https://driveimg1.intermarche.com/pt/Content/images/boitmal/produit/zoom/748ECF51AF6234B1BD1ECDB41529BE95.jpg,,,,2024-09-11T23:59:59.999999999+01:00,PROSPECTUS,9,3
10639,8712566395514,60.0,Knorr,"Sopa gourmet, cogumelos",Embalagem de 60g,1.99,33.17,0,kg,€/Kg,,,https://driveimg1.intermarche.com/pt/Content/images/boitmal/produit/zoom/B0DE93CCE9C882CDFCAF84912313B4E5.jpg,,,,2024-09-11T23:59:59.999999999+01:00,PROSPECTUS,9,3
14339,3387390325911,630.0,Nestlé,Cereais fitness,Embalagem de 630g,3.99,6.33,0,kg,€/Kg,,,https://driveimg1.intermarche.com/pt/Content/images/boitmal/produit/zoom/B3B7D0C0554F9B07E610EDBBFFBD0CD0.jpg,,,,2024-09-11T23:59:59.999999999+01:00,PROSPECTUS,9,3
14340,3387390326291,140.0,Nestlé,Barras fitness com morango,Embalagem de 140g,2.09,14.93,0,kg,€/Kg,,,https://driveimg1.intermarche.com/pt/Content/images/boitmal/produit/zoom/ABF74D21E3C804C027E678D6B2AB2D7B.jpg,,,,2024-09-11T23:59:59.999999999+01:00,PROSPECTUS,9,3
1542,5601489300152,150.0,Du Bois de la Roche,Palmiers,Embalagem de 150g,1.39,9.27,0,kg,€/Kg,,,https://driveimg1.intermarche.com/pt/Content/images/boitmal/produit/zoom/B99A0A3D0733F211C9C1ECC63259BCA8.jpg,,,,2024-09-11T23:59:59.999999999+01:00,PROSPECTUS,9,3
15889,5000116112180,208.0,Capitão Iglo,10 nuggets de frango com cereais integrais,Embalagem de 208 g,2.99,14.38,0,kg,€/Kg,,Tipo de stockagem,https://driveimg1.intermarche.com/pt/Content/images/boitmal/produit/zoom/33E37BD94FEA9CE794B6269CFF0B46F4.jpg,,,,2024-09-11T23:59:59.999999999+01:00,PROSPECTUS,9,3
16040,5608516251029,280.0,Quinta de Jugais,Doce de abóbora c/ noz,Embalagem de 280g,2.39,8.54,0,kg,€/Kg,,,https://driveimg1.intermarche.com/pt/Content/images/boitmal/produit/zoom/C72E1A6620F24FDD8D0C1D1C351B8129.jpg,,,,2024-09-11T23:59:59.999999999+01:00,PROSPECTUS,9,3
16505,8001010085454,280.0,Ponti,Tomate seco,Embalagem de 280g,2.44,8.71,0,kg,€/Kg,,,https://driveimg1.intermarche.com/pt/Content/images/boitmal/produit/zoom/BA9034A1B5945315F55BBE105BB75174.jpg,,,,2024-09-11T23:59:59.999999999+01:00,PROSPECTUS,9,3
16567,5000116110070,750.0,Iglo,Esparregado de espinafres,Embalagem de 750g,3.49,4.65,0,kg,€/Kg,,Tipo de stockagem,https://driveimg1.intermarche.com/pt/Content/images/boitmal/produit/zoom/86D3F3D2313F56668D62EB7FF71C326B.jpg,,,,2024-09-11T23:59:59.999999999+01:00,PROSPECTUS,9,3
26274,5601027002609,175.0,Bollycao,5 manhãzitos,Embalagem com 175 g,2.24,12.8,0,kg,€/Kg,,,https://driveimg1.intermarche.com/pt/Content/images/boitmal/produit/zoom/72802AF60F8CD24B8A8E082AF13E9F74.jpg,,,,2024-09-11T23:59:59.999999999+01:00,PROSPECTUS,9,3
30639,5607233511591,435.0,Panrico,Pão Forma Cerealia 5 Sementes 0% Açúcares Vegan s/ Lactose,Embalagem de 440g,1.99,4.57,0,kg,€/Kg,,,https://driveimg1.intermarche.com/pt/Content/images/boitmal/produit/zoom/8AFCDEC726F0683BDFA4A9DB676476EA.jpg,,,,2024-09-11T23:59:59.999999999+01:00,PROSPECTUS,9,3
31551,8414100333241,250.0,Schweppes,Schweppes tónica zero,Garrafa de 250 ml,0.71,2.84,250,L,€/L,,,https://driveimg1.intermarche.com/pt/Content/images/boitmal/produit/zoom/7D3CDC1738B0F685E19A0F0C867F8751.jpg,,,,2024-09-11T23:59:59.999999999+01:00,PROSPECTUS,9,3
35462,8410500023652,300.0,Yopro,"Iogurte liquido proteína yopro morango/framboesa, 300 g",,1.99,6.63,0,kg,€/Kg,,,https://driveimg1.intermarche.com/pt/Content/images/boitmal/produit/zoom/9EC735F7DD0AFCA7D894FC734C5CF29F.jpg,,,,2024-09-11T23:59:59.999999999+01:00,PROSPECTUS,9,3
391,8712566173648,70.0,Knorr,"Sopa de cozido, 70g",,1.59,22.71,0,kg,€/Kg,,,https://driveimg1.intermarche.com/pt/Content/images/boitmal/produit/zoom/C0EE5A12F75937ABFCDAF9A5E610D848.jpg,,,,2024-09-11T23:59:59.999999999+01:00,PROSPECTUS,9,3
393,8712566173945,70.0,Knorr,Creme marisco,Embalagem de 70g,1.59,22.71,0,kg,€/Kg,,,https://driveimg1.intermarche.com/pt/Content/images/boitmal/produit/zoom/5AC7DB72DD40FCC73A38BA936E17E369.jpg,,,,2024-09-11T23:59:59.999999999+01:00,PROSPECTUS,9,3
41583,5601050036633,440.0,Danone,"Iogurte grego caramelo,  4 x 110 g",,1.99,4.52,0,kg,€/Kg,,,https://driveimg1.intermarche.com/pt/Content/images/boitmal/produit/zoom/E15B23C5D54AA2C4C2E2125712DAFF29.jpg,,,,2024-09-11T23:59:59.999999999+01:00,PROSPECTUS,9,3
45396,5053827176057,600.0,Kellogg's,Cereais kellogg's krave trésor avelã,Embalagem de 600g,3.89,6.48,0,kg,€/Kg,,,https://driveimg1.intermarche.com/pt/Content/images/boitmal/produit/zoom/714008761225C6EAA5F64B77EF1F1818.jpg,,,,2024-09-11T23:59:59.999999999+01:00,PROSPECTUS,9,3
47754,8006540429631,,Evax,Pensos Higiénicos Cottonlike Super Plus com Abas,20 unidades,4.24,4.24,0,,€/Unidade,,,https://driveimg1.intermarche.com/pt/Content/images/boitmal/produit/zoom/EF0984685A0DF2E876D664DED1782062.jpg,,,,2024-09-11T23:59:59.999999999+01:00,PROSPECTUS,9,3
48712,5000159386821,200.0,M&M's,"M&m's drageias de amendoim e chocolate de leite,",Embalagem de 200g,3.59,17.95,0,kg,€/Kg,,,https://driveimg1.intermarche.com/pt/Content/images/boitmal/produit/zoom/4CCF8D7717DBC8A64F31A447DC45B064.jpg,,,,2024-09-11T23:59:59.999999999+01:00,PROSPECTUS,9,3
51177,8410436440455,,Persil,Detergente máquina roupa sabão azul e branco,76 doses,9.99,9.99,0,,€/Unidade,,,https://driveimg1.intermarche.com/pt/Content/images/boitmal/produit/zoom/405B529427643132DC974A0DC45DDCCF.jpg,,,,2024-09-11T23:59:59.999999999+01:00,PROSPECTUS,9,3
52883,8719200267824,1000.0,Planta,"Creme Vegetal para Barrar Original, 1 kg",,4.79,4.79,0,kg,€/Kg,,,https://driveimg1.intermarche.com/pt/Content/images/boitmal/produit/zoom/CBB4812E883E0A943660F7C5BD667E18.jpg,,,,2024-09-11T23:59:59.999999999+01:00,PROSPECTUS,9,3
6477,8410437531008,750.0,Cif,Desinfetante em gel p/ wc,Garrafa de 750 ml,1.49,1.99,750,L,€/L,,,https://driveimg1.intermarche.com/pt/Content/images/boitmal/produit/zoom/F80AEED5DC0E17CB3B3BE1F09E46AB95.jpg,,,,2024-09-11T23:59:59.999999999+01:00,PROSPECTUS,9,3
865,5014328028740,16.0,Tetley,Infusão de frutos vermelhos,Embalagem de 20g,1.19,74.38,0,kg,€/Kg,,,https://driveimg1.intermarche.com/pt/Content/images/boitmal/produit/zoom/781EBB6A7EF96D7BE9937F977C0554CF.jpg,,,,2024-09-11T23:59:59.999999999+01:00,PROSPECTUS,9,3
8801,5601244201960,350.0,Terra Nostra,"Queijo flamengo, bola quartos",Embalagem de 350g,3.29,9.4,0,kg,€/Kg,,,https://driveimg1.intermarche.com/pt/Content/images/boitmal/produit/zoom/EAFF5C0559AD2637C6F580877C4E36CF.jpg,,,,2024-09-11T23:59:59.999999999+01:00,PROSPECTUS,9,3
947,5601001355905,200.0,Nestlé,Mistura solúvel brasa,Embalagem de 200g,2.44,12.2,0,kg,€/Kg,,,https://driveimg1.intermarche.com/pt/Content/images/boitmal/produit/zoom/6981E67BBCF9FFC80CE2C5DE99454533.jpg,,,,2024-09-11T23:59:59.999999999+01:00,PROSPECTUS,9,3
10702,8714789925349,75.0,Colgate,"Pasta dentífrica, máxima proteção, fresca",Embalagem de 75 ml,1.99,26.53,75,L,€/L,,,https://driveimg1.intermarche.com/pt/Content/images/boitmal/produit/zoom/8BC5003CC8054B66A215A1F402FAA854.jpg,,,,2024-09-11T23:59:59.999999999+01:00,PROSPECTUS,9,3
11614,5601164874206,1980.0,Super Bock,"Cerveja sem álcool, tara perdida",Pack 6 X 0.33 L,4.49,2.27,1980,L,€/L,,,https://driveimg1.intermarche.com/pt/Content/images/boitmal/produit/zoom/82CDFA291D56D541FEE3D9F75B502D50.jpg,,,,2024-09-11T23:59:59.999999999+01:00,PROSPECTUS,9,3
11662,5601213184867,750.0,Casal Mendes,Vinho rosé,Garrafa de 750 ml,2.99,3.99,750,L,€/L,,,https://driveimg1.intermarche.com/pt/Content/images/boitmal/produit/zoom/C37416CE2F596240F137715C3855AA29.jpg,,,,2024-09-11T23:59:59.999999999+01:00,PROSPECTUS,9,3
1300,5601151653456,1000.0,Compal,Néctar vital equilibrio laranja/maracujá,Embalagem de 1 l,1.49,1.49,1000,L,€/L,,,https://driveimg1.intermarche.com/pt/Content/images/boitmal/produit/zoom/B72DA0E00E4401E56F758040EA223821.jpg,,,,2024-09-11T23:59:59.999999999+01:00,PROSPECTUS,9,3
15129,2895064000000,250.0,Fonte Mourisca,Queijo Curado Amanteigado,1 un = 250 gr  (aprox.),2.5,9.99,0,,€/Kg,,,https://driveimg1.intermarche.com/pt/Content/images/boitmal/produit/zoom/9650B9EFC51ACF7C156FD8A564763877.jpg,,,,2024-09-11T23:59:59.999999999+01:00,PROSPECTUS,9,3
16728,7613034903204,400.0,Cerelac,Leite e cereais pijama +6 meses,Garrafa de 400 ml,2.24,5.6,400,L,€/L,,,https://driveimg1.intermarche.com/pt/Content/images/boitmal/produit/zoom/239F9048DEABC81D470EA8ABD492AED8.jpg,,,,2024-09-11T23:59:59.999999999+01:00,PROSPECTUS,9,3
16973,5601027000216,228.0,Bollycao,Bolo recheio chocolate,Embalagem de 4x57g,2.19,9.61,0,kg,€/Kg,,,https://driveimg1.intermarche.com/pt/Content/images/boitmal/produit/zoom/CBD021435C1D8BADDEB8ADF59C1A5B12.jpg,,,,2024-09-11T23:59:59.999999999+01:00,PROSPECTUS,9,3
18618,5601027004870,210.0,Manhãzitos,Manhãzitos -50% açúcares,Embalagem 6x2 unidades,2.29,10.9,0,kg,€/Kg,,,https://driveimg1.intermarche.com/pt/Content/images/boitmal/produit/zoom/C536B78EEF5079E4091AFA5999C1DFFB.jpg,,,,2024-09-11T23:59:59.999999999+01:00,PROSPECTUS,9,3
2524,7613033865435,400.0,Cerelac,Leite e cereais bolacha maria +6 meses,Garrafa de 400 ml,2.24,5.6,400,L,€/L,,,https://driveimg1.intermarche.com/pt/Content/images/boitmal/produit/zoom/A1CDEF26262E9F0F53B9CDB400E24B7E.jpg,,,,2024-09-11T23:59:59.999999999+01:00,PROSPECTUS,9,3
2525,7613033865848,400.0,Cerelac,Leite e cereais 8 cereais e mel +6 meses,Garrafa de 400 ml,2.24,5.6,400,L,€/L,,,https://driveimg1.intermarche.com/pt/Content/images/boitmal/produit/zoom/C36608AAE7AECA75942A9DED1741C1CD.jpg,,,,2024-09-11T23:59:59.999999999+01:00,PROSPECTUS,9,3
26645,8434165483965,570.0,Cuétara,Bolachas tosta rica,Embalagem de 570g,2.99,5.25,0,kg,€/Kg,,,https://driveimg1.intermarche.com/pt/Content/images/boitmal/produit/zoom/280E50EBC29DD4AE6A9CCE7FB9666CBB.jpg,,,,2024-09-11T23:59:59.999999999+01:00,PROSPECTUS,9,3
372,8711200532391,260.0,Calvé,Molho Big Burguer,Embalagem de 260g,1.94,7.46,0,kg,€/Kg,,,https://driveimg1.intermarche.com/pt/Content/images/boitmal/produit/zoom/A750CF91D157F1A24339167BD14309C2.jpg,https://driveimg1.intermarche.com/pt/Content/images/boitmal/produit/zoom/122719564EBC4BB4D52F039A6C0EDAF1.jpg,,,2024-09-11T23:59:59.999999999+01:00,PROSPECTUS,9,3
41299,5601050036565,440.0,Danone,"Iogurte oikos maracujá,  4 x 110g",,1.99,4.52,0,kg,€/Kg,,,https://driveimg1.intermarche.com/pt/Content/images/boitmal/produit/zoom/FCB02F5884DDCB459FDF089F080D1348.jpg,,,,2024-09-11T23:59:59.999999999+01:00,PROSPECTUS,9,3
41901,7613037677591,250.0,Cerelac,Farinha láctea menos 40% açúcar,Embalagem de 250g,2.49,9.96,0,kg,€/Kg,,,https://driveimg1.intermarche.com/pt/Content/images/boitmal/produit/zoom/687BCC1B8BE836CF748B8DD683218C66.jpg,,,,2024-09-11T23:59:59.999999999+01:00,PROSPECTUS,9,3
432,8722700084952,63.0,Knorr,Sopa de legumes,Embalagem de 60g,1.59,25.24,0,kg,€/Kg,,,https://driveimg1.intermarche.com/pt/Content/images/boitmal/produit/zoom/CDD0F7AF267061F5F2B16720B17C4635.jpg,,,,2024-09-11T23:59:59.999999999+01:00,PROSPECTUS,9,3
43211,5601164114579,1980.0,Super Bock,Cerveja branca com álcool,Pack  x 33 cl,4.49,2.27,1980,L,€/L,,,https://driveimg1.intermarche.com/pt/Content/images/boitmal/produit/zoom/653A4DBF2AA55D402069E98E5101E1F9.jpg,,,,2024-09-11T23:59:59.999999999+01:00,PROSPECTUS,9,3
4323,3600540623959,50.0,Narta,Desodorizante Roll'On Bio Eficácia,Embalagem de 50 ml,3.99,79.8,50,L,€/L,,Produtos Bio,https://driveimg1.intermarche.com/pt/Content/images/boitmal/produit/zoom/5C7BE4375FE25C3F9AC22EE96FB194C9.jpg,,,,2024-09-11T23:59:59.999999999+01:00,PROSPECTUS,9,3
45551,8001841993904,300.0,H&S,Champô anti-caspa limpeza profunda e alívio da comichão,300 ml,4.94,16.47,300,L,€/L,,,https://driveimg1.intermarche.com/pt/Content/images/boitmal/produit/zoom/9D4695ABF3865F4D38210A47A84CB551.jpg,,,,2024-09-11T23:59:59.999999999+01:00,PROSPECTUS,9,3
46632,4005900868619,625.0,Nivea,Loção Corporal Body Milk,Embalagem de 625 ml,7.49,11.98,625,L,€/L,,,https://driveimg1.intermarche.com/pt/Content/images/boitmal/produit/zoom/94C388532E0FB9D1AC93FF442D670E62.jpg,,,,2024-09-11T23:59:59.999999999+01:00,PROSPECTUS,9,3
5135,5601077111023,750.0,Velhotes,Vinho do Porto Tawny," garrafa de 0,75 l",5.49,7.32,750,L,€/L,,,https://driveimg1.intermarche.com/pt/Content/images/boitmal/produit/zoom/448B6FA4CAEF254F2AA659E7E93DABCB.jpg,,,,2024-09-11T23:59:59.999999999+01:00,PROSPECTUS,9,3
5136,5601077122012,750.0,Velhotes,Vinho do Porto Branco,"Garrafa de 0,75 l",5.49,7.32,750,L,€/L,,,https://driveimg1.intermarche.com/pt/Content/images/boitmal/produit/zoom/23DA3BAF150EE6D429DA3F988DF859EC.jpg,,,,2024-09-11T23:59:59.999999999+01:00,PROSPECTUS,9,3
51916,5601050037777,160.0,Yopro,"Yopro caramelo machiato,  160g",,0.98,6.13,0,kg,€/Kg,,,https://driveimg1.intermarche.com/pt/Content/images/boitmal/produit/zoom/1270C0A6586804B87FB971BF20F15493.jpg,,,,2024-09-11T23:59:59.999999999+01:00,PROSPECTUS,9,3
8250,5600358330047,400.0,Sopas Graciete,"Creme de Feijão com Espinafres, garrafa de 400 ml",,1.35,3.38,400,L,€/L,,,https://driveimg1.intermarche.com/pt/Content/images/boitmal/produit/zoom/01468B2316182DF19F71F0AD8C90E657.jpg,,,,2024-09-11T23:59:59.999999999+01:00,PROSPECTUS,9,3
8438,5601050033816,620.0,Danone,"Iogurte activia líquido frutos silvestres,  4 x 155 g",,1.99,3.21,0,kg,€/Kg,,,https://driveimg1.intermarche.com/pt/Content/images/boitmal/produit/zoom/47CDBF026E044A06DA4E05DE9D7A01E4.jpg,,,,2024-09-11T23:59:59.999999999+01:00,PROSPECTUS,9,3
9247,5603089000661,500.0,Parmalat,Molho bechamel,Embalagem de 500 ml,1.85,3.7,500,L,€/L,,,https://driveimg1.intermarche.com/pt/Content/images/boitmal/produit/zoom/D25E86383C37049DAB440553127AE074.jpg,,,,2024-09-11T23:59:59.999999999+01:00,PROSPECTUS,9,3
1131,5601078005024,750.0,Grão Vasco,Vinho doc dão branco,Garrafa de 750 ml,3.35,4.47,750,L,€/L,,,https://driveimg1.intermarche.com/pt/Content/images/boitmal/produit/zoom/7BCAFBC6A1AB7A25F3DDC1C864A8B95C.jpg,,,,2024-09-11T23:59:59.999999999+01:00,PROSPECTUS,9,4
11505,5601050033793,620.0,Danone,"Iogurte activia líquido kiwi,  4 x 155 g",,1.99,3.21,0,kg,€/Kg,,,https://driveimg1.intermarche.com/pt/Content/images/boitmal/produit/zoom/757255A002BED1AF00FC2ECE09877B17.jpg,,,,2024-09-11T23:59:59.999999999+01:00,PROSPECTUS,9,4
11611,5601164594203,1980.0,Super Bock,Cerveja com álcool abadia,pack 6 x 0.33 l,4.49,2.27,1980,L,€/L,,,https://driveimg1.intermarche.com/pt/Content/images/boitmal/produit/zoom/DDE9AC6098BAC06CAE37FE52F8C52BAA.jpg,,,,2024-09-11T23:59:59.999999999+01:00,PROSPECTUS,9,4
11753,5601489781357,135.0,Du Bois de la Roche,Feuilletine,Embalagem de 135 g,1.64,12.15,0,kg,€/Kg,,,https://driveimg1.intermarche.com/pt/Content/images/boitmal/produit/zoom/7507F307565E10DF3DF6322B65368856.jpg,,,,2024-09-11T23:59:59.999999999+01:00,PROSPECTUS,9,4
13158,2893143000000,100.0,Peixaria,Lula Descongelada,1 un= 100 gr (aprox.),1.0,9.99,0,,€/Kg,,,https://driveimg1.intermarche.com/pt/Content/images/boitmal/produit/zoom/ED50EDDD473B6F16081950AF9B5B4382.jpg,,,,2024-09-11T23:59:59.999999999+01:00,PROSPECTUS,9,4
13511,2893503000000,350.0,Nossa Seleção,Camarão Tigre Congelado 20/30,,3.5,9.99,0,,€/Kg,,Avantages !,https://driveimg1.intermarche.com/pt/Content/images/boitmal/produit/zoom/32AD623A665DFFC0F40D8371091C399B.jpg,,,,2024-09-11T23:59:59.999999999+01:00,PROSPECTUS,9,4
1539,5601489135150,500.0,Du Bois de la Roche,Bolachas crackers c/ sal,Embalagem de 500g,2.99,5.98,0,kg,€/Kg,,,https://driveimg1.intermarche.com/pt/Content/images/boitmal/produit/zoom/EA5CED0C201EB6AEEFBF2C0179F0BB3D.jpg,,,,2024-09-11T23:59:59.999999999+01:00,PROSPECTUS,9,4
20620,7613031497126,375.0,Nestlé,Cereais fitness chocolate preto,Embalagem de 375g,2.99,7.97,0,kg,€/Kg,,,https://driveimg1.intermarche.com/pt/Content/images/boitmal/produit/zoom/EBA05FA2FC34205FD1882D33229190CD.jpg,,,,2024-09-11T23:59:59.999999999+01:00,PROSPECTUS,9,4
2405,5608543000096,15.0,Tetley,Chá preto,Embalagem de 20g,0.74,49.33,0,kg,€/Kg,,,https://driveimg1.intermarche.com/pt/Content/images/boitmal/produit/zoom/B40D664132094CEE9391DB8865EC11A2.jpg,,,,2024-09-11T23:59:59.999999999+01:00,PROSPECTUS,9,4
27816,5601050034172,500.0,Danone,"Sobremesa danette chocolate,  4 x 125 g",,2.29,4.58,0,kg,€/Kg,,,https://driveimg1.intermarche.com/pt/Content/images/boitmal/produit/zoom/7D9550DA1786024357E288D08E9A866B.jpg,,,,2024-09-11T23:59:59.999999999+01:00,PROSPECTUS,9,4
32399,5000204018059,36.0,WC Pato,"Gel Activo Lavanda WC Discos, 2 x 36 ml",,3.49,96.94,36,L,€/L,,,https://driveimg1.intermarche.com/pt/Content/images/boitmal/produit/zoom/9FDD2B1AEAB1C40FDA4488498539CEC8.jpg,,,,2024-09-11T23:59:59.999999999+01:00,PROSPECTUS,9,4
33884,2893837000000,1500.0,Peixaria,Peixe espada preto inteiro,Vendido ao peso,13.49,8.99,0,,€/Kg,,,https://driveimg1.intermarche.com/pt/Content/images/boitmal/produit/zoom/BB671A8B4DE8C7901B64CBAB01F1F6E6.jpg,,,,2024-09-11T23:59:59.999999999+01:00,PROSPECTUS,9,4
34328,5603344291018,120.0,General,Bacalhau com grão,Embalagem de 120g,1.85,15.42,0,kg,€/Kg,,,https://driveimg1.intermarche.com/pt/Content/images/boitmal/produit/zoom/390AF677836560F223449E31B359C9F1.jpg,,,,2024-09-11T23:59:59.999999999+01:00,PROSPECTUS,9,4
35849,5601050035353,440.0,Danone,"Iogurte oikos cheesecake de mirtilo,  4 X 110 g",,1.99,4.52,0,kg,€/Kg,,,https://driveimg1.intermarche.com/pt/Content/images/boitmal/produit/zoom/51E31E764A49C9C1D230FA323681BF3A.jpg,,,,2024-09-11T23:59:59.999999999+01:00,PROSPECTUS,9,4
37444,7613036955799,250.0,Nestum,Nestum zero mel,Embalagem de 250 g,2.14,8.56,0,kg,€/Kg,,,https://driveimg1.intermarche.com/pt/Content/images/boitmal/produit/zoom/D832760CBFCD12A05671CAF2199EB4C4.jpg,,,,2024-09-11T23:59:59.999999999+01:00,PROSPECTUS,9,4
386,8712100479298,260.0,Calvé,Molho Mad Chips,Embalagem de 260g,1.94,7.46,0,kg,€/Kg,,,https://driveimg1.intermarche.com/pt/Content/images/boitmal/produit/zoom/2AC7B1BC6056929199259BC3C52D7157.jpg,https://driveimg1.intermarche.com/pt/Content/images/boitmal/produit/zoom/5EE595CA865FFD7654A8E18623535097.jpg,https://driveimg1.intermarche.com/pt/Content/images/boitmal/produit/zoom/5EE595CA865FFD7654A8E18623535097.jpg,,2024-09-11T23:59:59.999999999+01:00,PROSPECTUS,9,4
41162,5029053573977,,Scottex,Rolo de cozinha ultra forte,2 rolos,2.49,2.49,0,,€/Unidade,,,https://driveimg1.intermarche.com/pt/Content/images/boitmal/produit/zoom/53D77CA0276D765B18E1AEBF7713A968.jpg,,,,2024-09-11T23:59:59.999999999+01:00,PROSPECTUS,9,4
41300,5601050036596,440.0,Danone,"Iogurte oikos manga papaya,  4 x 110g",,1.99,4.52,0,kg,€/Kg,,,https://driveimg1.intermarche.com/pt/Content/images/boitmal/produit/zoom/4F24CAC986AAB23C01B60B98974724E0.jpg,,,,2024-09-11T23:59:59.999999999+01:00,PROSPECTUS,9,4
4335,3600540829160,50.0,Narta men,"Desodorizante roll-on, invisimax",Embalagem de 50 ml,3.99,79.8,50,L,€/L,,,https://driveimg1.intermarche.com/pt/Content/images/boitmal/produit/zoom/A48BB816DCCE142F5DC4F8D9E2CEC850.jpg,,,,2024-09-11T23:59:59.999999999+01:00,PROSPECTUS,9,4
44665,8711327488069,1000.0,Lipton,Ice Tea pêssego zero açúcar,Garrafa de 1 l,1.39,1.39,1000,L,€/L,,,https://driveimg1.intermarche.com/pt/Content/images/boitmal/produit/zoom/9806A6502CAAC050A812F609EBBE29E2.jpg,,,,2024-09-11T23:59:59.999999999+01:00,PROSPECTUS,9,4
44833,7613287235756,7.0,Cerelac,Nutripuffs de framboesa 8 meses s/ açúcar,Embalagem de 7g,0.66,94.29,0,kg,€/Kg,,,https://driveimg1.intermarche.com/pt/Content/images/boitmal/produit/zoom/C78F89CF9F64CB00B842E410EAB17BCC.jpg,,,,2024-09-11T23:59:59.999999999+01:00,PROSPECTUS,9,4
47048,4011100005860,400.0,M&M's,"M&m's drageias de chocolate de leite,",Embalagem de 400g,5.99,14.98,0,kg,€/Kg,,,https://driveimg1.intermarche.com/pt/Content/images/boitmal/produit/zoom/268962D7CABB546D659E0A4E243D59D2.jpg,,,,2024-09-11T23:59:59.999999999+01:00,PROSPECTUS,9,4
4715,5000204593198,72.0,WC Pato,Discos Sanitários Activos Recarga Marinho,Embalagem de 2x36 ml,3.49,48.47,72,L,€/L,,,https://driveimg1.intermarche.com/pt/Content/images/boitmal/produit/zoom/F7441989F6C7A270983579F368947C08.jpg,,,,2024-09-11T23:59:59.999999999+01:00,PROSPECTUS,9,4
48714,5900951141638,200.0,M&M's,"M&m's drageias de chocolate de leite,",Embalagem de 200g,3.59,17.95,0,kg,€/Kg,,,https://driveimg1.intermarche.com/pt/Content/images/boitmal/produit/zoom/66CEBA59E32A178730BC7075240F1601.jpg,,,,2024-09-11T23:59:59.999999999+01:00,PROSPECTUS,9,4
49200,8006540618691,,Dodot,Fralda Cueca Extra T5 | 12 a 17 kg,Embalagem c/ 56 un.,13.49,13.49,0,,€/Unidade,,,https://driveimg1.intermarche.com/pt/Content/images/boitmal/produit/zoom/CD8D7F49647F92E3CC1457459ED8DEC7.jpg,,,,2024-09-11T23:59:59.999999999+01:00,PROSPECTUS,9,4
51183,8006540421499,440.0,Fairy,Detergente Manual Loiça Maxi Poder Original,440 ml,2.99,6.8,440,L,€/L,,,https://driveimg1.intermarche.com/pt/Content/images/boitmal/produit/zoom/E73DD151774203585D69C5C47F32F6FA.jpg,,,,2024-09-11T23:59:59.999999999+01:00,PROSPECTUS,9,4
51311,8410500028435,250.0,Yopro,"Yopro danone beber chocolate,  250 ml",,1.09,4.36,250,L,€/L,,,https://driveimg1.intermarche.com/pt/Content/images/boitmal/produit/zoom/49B55508D1BA9E357A7842002A535DF6.jpg,,,,2024-09-11T23:59:59.999999999+01:00,PROSPECTUS,9,4
5173,5601123425104,75.0,Dentagard,"Pasta dentífrica plantas, 75 ml",,1.84,24.53,75,L,€/L,,,https://driveimg1.intermarche.com/pt/Content/images/boitmal/produit/zoom/AB016ACB3EEEF3E8860DB28B3E5CFB2E.jpg,,,,2024-09-11T23:59:59.999999999+01:00,PROSPECTUS,9,4
51947,8719200253087,200.0,Planta,"Planteiga com Sal Vegan, 200g",,1.49,7.45,0,kg,€/Kg,,,https://driveimg1.intermarche.com/pt/Content/images/boitmal/produit/zoom/1C8192B5C8DA466AD648BB6546E3F415.jpg,,,,2024-09-11T23:59:59.999999999+01:00,PROSPECTUS,9,4
53067,5601050037821,620.0,Danone,"Bifidus Líquido Activia Ananás 000%, 4 x 155g",,1.99,3.21,0,kg,€/Kg,,,https://driveimg1.intermarche.com/pt/Content/images/boitmal/produit/zoom/227608E522C57EFFD851E1F0A8F434F8.jpg,,,,2024-09-11T23:59:59.999999999+01:00,PROSPECTUS,9,4
53234,5603722522963,215.0,Matinal,"Queijo Fresco Proteína, 215g",,1.99,9.26,0,kg,€/Kg,,,https://driveimg1.intermarche.com/pt/Content/images/boitmal/produit/zoom/9912C016802A3BBD03C8EA17AE2A4CDF.jpg,,,,2024-09-11T23:59:59.999999999+01:00,PROSPECTUS,9,4
53727,8006540213872,340.0,Fairy,Detergente Manual Loiça Jasmim Rosa,Embalagem de 340ml,1.99,5.85,340,L,€/L,,,https://driveimg1.intermarche.com/pt/Content/images/boitmal/produit/zoom/5CCCE87F658551BD9363E76DA9F89670.jpg,,,,2024-09-11T23:59:59.999999999+01:00,PROSPECTUS,9,4
5745,5603722513718,1000.0,Vigor,Leite pasteurizado m/g sem lactose,Garrafa de 1 l,1.15,1.15,1000,L,€/L,,,https://driveimg1.intermarche.com/pt/Content/images/boitmal/produit/zoom/2B0BBD13280229875622C8E875C24761.jpg,,,,2024-09-11T23:59:59.999999999+01:00,PROSPECTUS,9,4
6377,8410108125857,,Evax,Penso Diário Salva Slip,50 Unidades,2.24,2.24,0,,€/Unidade,,,https://driveimg1.intermarche.com/pt/Content/images/boitmal/produit/zoom/F92DC2B01BD95F92650A87F4CB6FD10B.jpg,,,,2024-09-11T23:59:59.999999999+01:00,PROSPECTUS,9,4
650,3250390258957,2000.0,Paquito,Nectar multivitaminas,Embalagem de 2 l,1.99,1.0,2000,L,€/L,,,https://driveimg1.intermarche.com/pt/Content/images/boitmal/produit/zoom/A2228AD58FA57101C5955DF25939C07E.jpg,,,,2024-09-11T23:59:59.999999999+01:00,PROSPECTUS,9,4
795,4026700402667,8.0,Uhu,Stick cola,Embalagem de 8 g,1.59,198.75,0,kg,€/Kg,,,https://driveimg1.intermarche.com/pt/Content/images/boitmal/produit/zoom/FB97E75BFC018031561733A3BB896975.jpg,,,,2024-09-18T23:59:59.999999999+01:00,PROSPECTUS,9,4
8640,5601151981283,1000.0,Compal,Néctar vital equilibrio manga/maracujá,Embalagem de 1 l,1.49,1.49,1000,L,€/L,,,https://driveimg1.intermarche.com/pt/Content/images/boitmal/produit/zoom/40A36C9D1FDA899D2407999AC8FED2EF.jpg,,,,2024-09-11T23:59:59.999999999+01:00,PROSPECTUS,9,4
871,5014328080892,30.0,Tetley,Infusão de cidreira,"Embalagem de 20 unidades, 30 g",1.45,48.33,0,kg,€/Kg,,,https://driveimg1.intermarche.com/pt/Content/images/boitmal/produit/zoom/6A10216F1C303558132F04FBD5C4B7ED.jpg,,,,2024-09-11T23:59:59.999999999+01:00,PROSPECTUS,9,4
10899,3228021000084,250.0,Président,Manteiga la motte sal do mar,Embalagem de 250 g,3.67,14.68,0,kg,€/Kg,,,https://driveimg1.intermarche.com/pt/Content/images/boitmal/produit/zoom/153C6DDCD2E6CEC05A8A1B3D2D6E4471.jpg,,,,2024-09-11T23:59:59.999999999+01:00,PROSPECTUS,9,4
14341,3387390335217,380.0,Nestlé,Cereais fitness,Embalagem de 380g,2.99,7.87,0,kg,€/Kg,,,https://driveimg1.intermarche.com/pt/Content/images/boitmal/produit/zoom/06B150B3AA3EA0CA8C7A18242AD69C48.jpg,,,,2024-09-11T23:59:59.999999999+01:00,PROSPECTUS,9,4
20645,8414100333142,250.0,Schweppes,Água tónica,Garrafa de 250 ml,0.71,2.84,250,L,€/L,,,https://driveimg1.intermarche.com/pt/Content/images/boitmal/produit/zoom/B5135EC368396A1E27E631F286A71A1E.jpg,,,,2024-09-11T23:59:59.999999999+01:00,PROSPECTUS,9,4
2473,7613032404154,250.0,Cerelac,1ª papa láctea multifrutos sem glúten +4 meses,Embalagem de 250g,3.74,14.96,0,kg,€/Kg,,,https://driveimg1.intermarche.com/pt/Content/images/boitmal/produit/zoom/9B0DF6D0DF8530E0C0365F57CC1B87FF.jpg,,,,2024-09-11T23:59:59.999999999+01:00,PROSPECTUS,9,4
25121,7613035749016,180.0,Cerelac,Bolachinhas,Embalagem de 180g,2.84,15.78,0,kg,€/Kg,,,https://driveimg1.intermarche.com/pt/Content/images/boitmal/produit/zoom/5BBEF4F801DAFADB1911E5F821051B1F.jpg,,,,2024-09-11T23:59:59.999999999+01:00,PROSPECTUS,9,4
35703,3021768203608,360.0,GoGo Squeez,Conjunto de Saquetas de Fruta Maçã,Embalagem de 4 x 90g,2.88,8.0,0,kg,€/Kg,,,https://driveimg1.intermarche.com/pt/Content/images/boitmal/produit/zoom/EFAD3B28A2AEC54F4385AF821FCB6551.jpg,,,,2024-09-11T23:59:59.999999999+01:00,PROSPECTUS,9,4
36974,5601164204232,1980.0,Super Bock,Cerveja 0.0%,Pack de 6 x 0.33 l,4.49,2.27,1980,L,€/L,,,https://driveimg1.intermarche.com/pt/Content/images/boitmal/produit/zoom/3F5F6B7C884E8CF9684381A610A8163D.jpg,,,,2024-09-11T23:59:59.999999999+01:00,PROSPECTUS,9,4
388,8712566156115,70.0,Knorr,"Sopa de rabo de boi, 70g",,1.59,22.71,0,kg,€/Kg,,,https://driveimg1.intermarche.com/pt/Content/images/boitmal/produit/zoom/3119D8C67F6BF71B6E1A9D2753C65A49.jpg,,,,2024-09-11T23:59:59.999999999+01:00,PROSPECTUS,9,4
40833,8718951333482,1250.0,Ajax,"Detergente líquido lava tudo festa das flores, 1.25 litros",,2.24,1.79,1250,L,€/L,,,https://driveimg1.intermarche.com/pt/Content/images/boitmal/produit/zoom/4CD3F618711847C08973FB8F753BB8D1.jpg,,,,2024-09-11T23:59:59.999999999+01:00,PROSPECTUS,9,4
42084,5601082045160,55.0,Delta Q,Café Qharacter XXL,Embalagem com 60 cápsulas,20.99,381.64,0,kg,€/Kg,,,https://driveimg1.intermarche.com/pt/Content/images/boitmal/produit/zoom/853D58184E9753F7F325FC07D8B7016C.jpg,,,,2024-09-11T23:59:59.999999999+01:00,PROSPECTUS,9,4
44664,8711327488052,1000.0,Lipton,Ice Tea limão zero açúcar,Garrafa de 1 l,1.39,1.39,1000,L,€/L,,,https://driveimg1.intermarche.com/pt/Content/images/boitmal/produit/zoom/52579188A3342679BB6CE44E5B5F381A.jpg,,,,2024-09-11T23:59:59.999999999+01:00,PROSPECTUS,9,4
47752,8006540429662,,Evax,Pensos Higiénicos com Abas Noite,18 unidades,4.19,4.19,0,,€/Unidade,,,https://driveimg1.intermarche.com/pt/Content/images/boitmal/produit/zoom/F5447101676B2E51A2E81D2D48B413B6.jpg,,,,2024-09-11T23:59:59.999999999+01:00,PROSPECTUS,9,4
47945,3600551049113,50.0,Narta men,Desodorizante roll-on invisível 0%,Embalagem de 50 ml,3.99,79.8,50,L,€/L,,,https://driveimg1.intermarche.com/pt/Content/images/boitmal/produit/zoom/60792FCCE191B74596B96E1AE0CBE1BF.jpg,,,,2024-09-11T23:59:59.999999999+01:00,PROSPECTUS,9,4
49079,8006540597309,,Evax,Pensos Higiénicos Cottonlike Noite Extra Abas,16 unidades,4.24,4.24,0,,€/Unidade,,,https://driveimg1.intermarche.com/pt/Content/images/boitmal/produit/zoom/B0938F1797D3C4D811394A39CB085832.jpg,,,,2024-09-11T23:59:59.999999999+01:00,PROSPECTUS,9,4
49342,5601164905580,330.0,Super Bock,"Cerveja sem Álcool 0,0%",lata 33 cl,0.74,2.24,330,L,€/L,,,https://driveimg1.intermarche.com/pt/Content/images/boitmal/produit/zoom/C6C62EA5ABDC89C1AA064881B4891845.jpg,,,,2024-09-11T23:59:59.999999999+01:00,PROSPECTUS,9,4
49956,5601557059456,1000.0,Salutem,"Flocos de aveia finos, 1 kg",,1.39,1.39,0,kg,€/Kg,,,https://driveimg1.intermarche.com/pt/Content/images/boitmal/produit/zoom/AE1AF9AF6083491DFC346475018ED9A7.jpg,,,,2024-09-11T23:59:59.999999999+01:00,PROSPECTUS,9,4
50277,8410436429443,,Persil,Detergente máquina roupa 4 em 1,40 cápsulas,9.99,9.99,0,,€/Unidade,,,https://driveimg1.intermarche.com/pt/Content/images/boitmal/produit/zoom/5E047E9BAF43F15ECC8BBAF280F71764.jpg,,,,2024-09-11T23:59:59.999999999+01:00,PROSPECTUS,9,4
51039,8006540445761,300.0,H&S,Champô Derma X Pro Calmante,300 ml,4.59,15.3,300,L,€/L,,,https://driveimg1.intermarche.com/pt/Content/images/boitmal/produit/zoom/488ACFAD97317BB129F100987F53B9B5.jpg,,,,2024-09-11T23:59:59.999999999+01:00,PROSPECTUS,9,4
5134,5601077101048,750.0,Velhotes,vinho do Porto Ruby," garrafa de 0,75 l",5.49,7.32,750,L,€/L,,,https://driveimg1.intermarche.com/pt/Content/images/boitmal/produit/zoom/3489DFB48D7AB1C8D2C104875A79BE65.jpg,,,,2024-09-11T23:59:59.999999999+01:00,PROSPECTUS,9,4
52804,5603722523014,200.0,Mimosa,"Creme Vegetal Leite Coco, 200 ml",,1.29,6.45,200,L,€/L,,Produtos Bio,https://driveimg1.intermarche.com/pt/Content/images/boitmal/produit/zoom/015C744C98820B7831E32EFBFFA827A7.jpg,,,,2024-09-11T23:59:59.999999999+01:00,PROSPECTUS,9,4
52882,8719200267923,1000.0,Planta,"Creme Vegetal de Barrar com Sabor a Manteiga, 1 kg",,4.99,4.99,0,kg,€/Kg,,,https://driveimg1.intermarche.com/pt/Content/images/boitmal/produit/zoom/CA359583CDC4B85860A9620A14431005.jpg,,,,2024-09-11T23:59:59.999999999+01:00,PROSPECTUS,9,4
6054,5608516251050,280.0,Quinta de Jugais,Doce de morango,Embalagem de 280g,2.39,8.54,0,kg,€/Kg,,,https://driveimg1.intermarche.com/pt/Content/images/boitmal/produit/zoom/D590447713E09F1E066B2DF07C403940.jpg,,,,2024-09-11T23:59:59.999999999+01:00,PROSPECTUS,9,4
7228,3059940006433,1000.0,Destop,"Desentupidor gel turbo com lixívia, de 1L",,5.84,5.84,1000,L,€/L,,,https://driveimg1.intermarche.com/pt/Content/images/boitmal/produit/zoom/8C14AE453887D1E807DA8F84ACE754F1.jpg,,,,2024-09-11T23:59:59.999999999+01:00,PROSPECTUS,9,4
7827,8006540876039,385.0,Pantene,Champô Classic,Embalagem de 385 ml,3.89,10.1,385,L,€/L,,,https://driveimg1.intermarche.com/pt/Content/images/boitmal/produit/zoom/098EB270BD10DFDDE6327DD100D78985.jpg,,,,2024-09-11T23:59:59.999999999+01:00,PROSPECTUS,9,4
8252,5600358330269,400.0,Sopas Graciete,"Creme de Feijão Verde, garrafa de 400 ml",,1.35,3.38,400,L,€/L,,,https://driveimg1.intermarche.com/pt/Content/images/boitmal/produit/zoom/0B3888C32D6B5EF29D22BD2E416AB0F9.jpg,,,,2024-09-11T23:59:59.999999999+01:00,PROSPECTUS,9,4
990,5601029004038,385.0,Bom Petisco,Atum Posta em Óleo,Embalagem de 385 g,3.79,9.84,0,kg,€/Kg,,,https://driveimg1.intermarche.com/pt/Content/images/boitmal/produit/zoom/3453E0D4022E27F5D3F982CBA9865FEB.jpg,https://driveimg1.intermarche.com/pt/Content/images/boitmal/produit/zoom/F6B3199A9D749CA8EE4A4423B14856F3.jpg,,,2024-09-11T23:59:59.999999999+01:00,PROSPECTUS,9,4
10902,3228023070078,125.0,Président,"Queijo creme flamengo, 125 g",,1.79,14.32,0,kg,€/Kg,,,https://driveimg1.intermarche.com/pt/Content/images/boitmal/produit/zoom/BF0603E6A0D20A2949D051FD868416FD.jpg,,,,2024-09-11T23:59:59.999999999+01:00,PROSPECTUS,9,4
11612,5601164824478,1980.0,Super Bock,"Cerveja sem álcool, preta",pack 6 x 0.33 l,4.49,2.27,1980,L,€/L,,,https://driveimg1.intermarche.com/pt/Content/images/boitmal/produit/zoom/0CFEF6C5B88735DDFF42E02E1A9B9592.jpg,,,,2024-09-11T23:59:59.999999999+01:00,PROSPECTUS,9,4
1536,5601489018200,200.0,Du Bois de la Roche,Boudoirs,Embalagem de 200 g,2.24,11.2,0,kg,€/Kg,,,https://driveimg1.intermarche.com/pt/Content/images/boitmal/produit/zoom/8E2E621B6E985564F540A84113C2AEB3.jpg,,,,2024-09-11T23:59:59.999999999+01:00,PROSPECTUS,9,4
