identifier,produitEan13,capacite,marque,libelle,conditionnement,prix,unitPrice,volume,typeProduit_uniteByCode,unit_value,images_0,images_1,images_2,images_3,pictogrammes_libelleCategorie,avantages_dateFin,avantages_categorie,nro_paginas,page,pictogrammes_0,images_4,images_5
12972,2892040000000,1000.0,Fruta,Banana,1 un = 200 gr (aprox.),1.09,1.09,0,,€/Kg,https://driveimg1.intermarche.com/pt/Content/images/boitmal/produit/zoom/C368220872795E9863F1F37C2230CCEA.jpg,,,,,2024-09-25T23:59:59.999999999+01:00,PROSPECTUS,13,1,,,
12978,2892462000000,400.0,Legumes,Alface Frisada,1 un= 400 g (aprox.),0.4,0.99,0,,€/Kg,https://driveimg1.intermarche.com/pt/Content/images/boitmal/produit/zoom/14C8DBD7827DB992F77D5C5056950123.jpg,,,,,2024-09-25T23:59:59.999999999+01:00,PROSPECTUS,13,1,,,
13866,2891048000000,1000.0,Porco,Bifanas,Vendido ao peso a partir de 1 kg,3.99,3.99,0,,€/Kg,https://driveimg1.intermarche.com/pt/Content/images/boitmal/produit/zoom/C9E276B082B119EFEDC2A2B0E1BC737E.jpg,,,,,2024-09-25T23:59:59.999999999+01:00,PROSPECTUS,13,1,,,
15161,5604260274246,1000.0,PorSi,Cenouras Programa Origens,Embalagem de 1 kg,1.09,1.09,0,kg,€/Kg,https://driveimg1.intermarche.com/pt/Content/images/boitmal/produit/zoom/2C5D90EF430B0C18141C519CD5070475.jpg,,,,,2024-09-25T23:59:59.999999999+01:00,PROSPECTUS,13,1,,,
9727,5604260273058,200.0,PorSi,Queijo mozzarella ralado,Embalagem de 200 g,1.57,7.85,0,kg,€/Kg,https://driveimg1.intermarche.com/pt/Content/images/boitmal/produit/zoom/06A41E6C952C21A7856951F2F972349C.jpg,,,,1000 Artigos,2024-10-04T23:59:59.999999999+01:00,PROSPECTUS,13,1,,,
13813,2892489000000,250.0,Legumes,Batata Doce,1 un = 250 gr  (aprox.),0.4,1.59,0,,€/Kg,https://driveimg1.intermarche.com/pt/Content/images/boitmal/produit/zoom/B0785A3D8A1A6773EB1FB43B119AC4D9.jpg,,,,,2024-09-25T23:59:59.999999999+01:00,PROSPECTUS,13,1,,,
13865,2891042000000,1000.0,Porco,Costeletas do Cachaço,Vendido ao peso a partir de 1 kg,4.98,4.98,0,,€/Kg,https://driveimg1.intermarche.com/pt/Content/images/boitmal/produit/zoom/9CC30521C194F3CF0E71F32C6E004880.jpg,,,,,2024-09-25T23:59:59.999999999+01:00,PROSPECTUS,13,1,,,
14223,5604260292721,100.0,PorSi,Tablete chocolate de leite,embalagem de 100 g,1.29,12.9,0,kg,€/Kg,https://driveimg1.intermarche.com/pt/Content/images/boitmal/produit/zoom/E23ABA87C72BA66273585754CBCFF134.jpg,,,,1000 Artigos,2024-10-04T23:59:59.999999999+01:00,PROSPECTUS,13,1,,,
40464,5604260300815,120.0,PorSi,Atum posta em óleo vegetal,Embalagem de 120g,0.93,7.75,0,kg,€/Kg,https://driveimg1.intermarche.com/pt/Content/images/boitmal/produit/zoom/173B9FE9B4C2B9F9F15A0D5B1DBEDB60.jpg,,,,1000 Artigos,2024-10-04T23:59:59.999999999+01:00,PROSPECTUS,13,1,,,
43360,5604260310357,1000.0,PorSi Viva Bem,"Iogurte grego natural magro,  1 kg",,2.29,2.29,0,kg,€/Kg,https://driveimg1.intermarche.com/pt/Content/images/boitmal/produit/zoom/8F8A599D4D4FEABD382ECD297241C642.jpg,,,,1000 Artigos,2024-10-04T23:59:59.999999999+01:00,PROSPECTUS,13,1,,,
7126,2895005000000,100.0,PorSi,Queijo flamengo barra,"Vendido ao peso, fatiado a partir de 100 gr",0.7,6.99,0,,€/Kg,https://driveimg1.intermarche.com/pt/Content/images/boitmal/produit/zoom/16C1EB46F4F37242994168D0C6EEE2EA.jpg,https://driveimg1.intermarche.com/pt/Content/images/boitmal/produit/zoom/429C8DD5EB6268845AF5C452EB2A1C3C.jpg,,,1000 Artigos,2024-10-04T23:59:59.999999999+01:00,PROSPECTUS,13,1,,,
2309,5604260271801,2000.0,PorSi,Refrigerante de cola zero,Garrafa de 2 l,0.79,0.4,2000,L,€/L,https://driveimg1.intermarche.com/pt/Content/images/boitmal/produit/zoom/F81DE832EC9948EA24FFE06A8CDD7EE9.jpg,,,,1000 Artigos,2024-10-04T23:59:59.999999999+01:00,PROSPECTUS,13,1,,,
41129,5604260303762,200.0,PorSi,8 salsichas aves,Embalagem de 200 g,1.09,5.45,0,kg,€/Kg,https://driveimg1.intermarche.com/pt/Content/images/boitmal/produit/zoom/B0DF7D5316DF865B4DCE8F58163C3E81.jpg,,,,1000 Artigos,2024-10-04T23:59:59.999999999+01:00,PROSPECTUS,13,1,,,
1120,5601066301718,500.0,Nacional,Massa de espirais,Embalagem de 500g,0.89,1.78,0,kg,€/Kg,https://driveimg1.intermarche.com/pt/Content/images/boitmal/produit/zoom/53CA28E35AF8AD40FCE8516799A2B51B.jpg,,,,,2024-09-25T23:59:59.999999999+01:00,PROSPECTUS,13,1,,,
1293,5601151398104,630.0,Compal,Pack de 3 embalagens de polpa de tomate,Embalagem de 630g,1.49,2.37,0,kg,€/Kg,https://driveimg1.intermarche.com/pt/Content/images/boitmal/produit/zoom/2F7BD591A6A78BA4615EC03A19AC4973.jpg,,,,,2024-09-25T23:59:59.999999999+01:00,PROSPECTUS,13,1,,,
13893,2891043000000,1000.0,Porco,Entrecosto,Vendido ao peso a partir de 1 kg,5.99,5.99,0,,€/Kg,https://driveimg1.intermarche.com/pt/Content/images/boitmal/produit/zoom/AA05EE99D302D59771FCC108473E0700.jpg,,,,,2024-09-25T23:59:59.999999999+01:00,PROSPECTUS,13,1,,,
13894,2891044000000,1000.0,Porco,Entremeada sem Entrecosto,Vendido ao peso a partir de 1 kg,4.88,4.88,0,,€/Kg,https://driveimg1.intermarche.com/pt/Content/images/boitmal/produit/zoom/C03EF63C56AFB4E4EA78E134436BF30C.jpg,,,,,2024-09-25T23:59:59.999999999+01:00,PROSPECTUS,13,1,,,
3526,2894034000000,150.0,Nobre,Fiambre da Perna Extra,1 un = 150 gr (aprox.),2.25,14.99,0,,€/Kg,https://driveimg1.intermarche.com/pt/Content/images/boitmal/produit/zoom/557B46964D51EA0529BF496E616F76D8.jpg,,,,1000 Artigos,2024-09-25T23:59:59.999999999+01:00,PROSPECTUS,13,1,,,
36728,5604260294343,1000.0,PorSi,Arroz carolino,Embalagem de 1 kg,1.25,1.25,0,kg,€/Kg,https://driveimg1.intermarche.com/pt/Content/images/boitmal/produit/zoom/10350363E0DE37B1698299EA7835EFEE.jpg,,,,1000 Artigos,2024-10-04T23:59:59.999999999+01:00,PROSPECTUS,13,1,,,
40769,5604260301942,300.0,PorSi,Comida húmida para cão,Embalagem de 300 g,0.75,2.5,0,kg,€/Kg,https://driveimg1.intermarche.com/pt/Content/images/boitmal/produit/zoom/D90B7AD78A8FE4F93D83927A0C609BE3.jpg,,,,1000 Artigos,2024-10-04T23:59:59.999999999+01:00,PROSPECTUS,13,1,,,
41621,5604260303625,5000.0,PorSi,Areia para gatos 100% natural,Embalagem de 5 kg,1.29,0.26,0,kg,€/Kg,https://driveimg1.intermarche.com/pt/Content/images/boitmal/produit/zoom/D31760E94B21E9196509712F2DC20BF5.jpg,,,,1000 Artigos,2024-10-04T23:59:59.999999999+01:00,PROSPECTUS,13,1,,,
9691,5604260270613,500.0,PorSi,Queijo Flamengo Fatias,Embalagem 500G,3.99,7.98,0,kg,€/Kg,https://driveimg1.intermarche.com/pt/Content/images/boitmal/produit/zoom/FFFF236BFADF54D62A4E0EFB7AF0E7B7.jpg,,,,1000 Artigos,2024-10-04T23:59:59.999999999+01:00,PROSPECTUS,13,1,,,
1323,5601163020512,9000.0,Luso,Água s/ gás,Pack 6 x 1.5 l,3.48,0.39,9000,L,€/L,https://driveimg1.intermarche.com/pt/Content/images/boitmal/produit/zoom/571D03B7CBBBB17BF53B16AF9AF5385C.jpg,,,,,2024-09-25T23:59:59.999999999+01:00,PROSPECTUS,13,1,,,
13242,2893227000000,200.0,Peixaria,Robalo de Viveiro,de 200 a 600 g (aprox.),1.16,5.79,0,,€/Kg,https://driveimg1.intermarche.com/pt/Content/images/boitmal/produit/zoom/48561D1FC8B0542874DDBC21F2E9ADCA.jpg,,,,,2024-09-25T23:59:59.999999999+01:00,PROSPECTUS,13,1,,,
17402,8412600027233,700.0,Bimbo,Pão forma familiar normal,embalagem de 700 g,1.99,2.84,0,kg,€/Kg,https://driveimg1.intermarche.com/pt/Content/images/boitmal/produit/zoom/DE8CCFFBC376CC9F4596A72F8ABC4CE5.jpg,,,,,2024-09-25T23:59:59.999999999+01:00,PROSPECTUS,13,1,,,
26047,8412600070994,650.0,Bimbo,Pão de forma s/ côdea,Embalagem de 650 g,2.09,3.22,0,kg,€/Kg,https://driveimg1.intermarche.com/pt/Content/images/boitmal/produit/zoom/998967574B383CCF8D49F03316F06108.jpg,,,,,2024-09-25T23:59:59.999999999+01:00,PROSPECTUS,13,1,,,
32326,8002205352009,2000.0,Friskies,Ração para gato adulto com salmão e legumes,Embalagem de 2 kg,6.74,3.37,0,kg,€/Kg,https://driveimg1.intermarche.com/pt/Content/images/boitmal/produit/zoom/5A66DCF50E18EB50FA1AC8028C8508C6.jpg,,,,1000 Artigos,2024-10-04T23:59:59.999999999+01:00,PROSPECTUS,13,1,,,
419,8718114882536,50.0,Knorr,Sopa de cebola,Embalagem de 50g,1.6,32.0,0,kg,€/Kg,https://driveimg1.intermarche.com/pt/Content/images/boitmal/produit/zoom/ED2CDBB9018393062912BF3E0AF214D1.jpg,,,,,2024-09-25T23:59:59.999999999+01:00,PROSPECTUS,13,1,,,
42625,5604260309832,1000.0,PorSi,Farinha de trigo sem fermento t55,Embalagem de 1 kg,0.69,0.69,0,kg,€/Kg,https://driveimg1.intermarche.com/pt/Content/images/boitmal/produit/zoom/EF956CFC77024866F5D3B9C6A4D0EA3B.jpg,,,,1000 Artigos,2024-10-04T23:59:59.999999999+01:00,PROSPECTUS,13,1,,,
46715,5604260318759,,PorSi,Papel higiénico branco folha quadrupla,12 rolos,5.03,5.03,0,,€/Unidade,https://driveimg1.intermarche.com/pt/Content/images/boitmal/produit/zoom/078F78E1A23E8150050FA2F61B744BD8.jpg,,,,1000 Artigos,2024-10-04T23:59:59.999999999+01:00,PROSPECTUS,13,1,,,
5273,5601164902343,7920.0,Super Bock,Cerveja c/ álcool,pack 24 x 0.33 l,16.99,2.15,7920,L,€/L,https://driveimg1.intermarche.com/pt/Content/images/boitmal/produit/zoom/9036A4A1A895E7D1EC16B298057D65EB.jpg,,,,1000 Artigos,2024-10-04T23:59:59.999999999+01:00,PROSPECTUS,13,1,,,
5522,5601692071429,1000.0,Bom sucesso,Arroz carolino,Embalagem de 1 kg,1.49,1.49,0,kg,€/Kg,https://driveimg1.intermarche.com/pt/Content/images/boitmal/produit/zoom/DB1736313D8501082E1A679F43901D59.jpg,,,,,2024-09-25T23:59:59.999999999+01:00,PROSPECTUS,13,1,,,
6267,8016825926687,75.0,Aquafresh,Pasta dentífrica menta fresca,Embalagem de 75 ml,1.85,24.67,75,L,€/L,https://driveimg1.intermarche.com/pt/Content/images/boitmal/produit/zoom/B3DC987DC2831B4B3E07291CAE434D07.jpg,,,,,2024-09-25T23:59:59.999999999+01:00,PROSPECTUS,13,1,,,
10094,8435257040776,640.0,Nestlé,"Iogurte líquido yoggi banana,  4 x 160 g",,1.99,3.11,0,kg,€/Kg,https://driveimg1.intermarche.com/pt/Content/images/boitmal/produit/zoom/7A1039A34E2D3851553F65DFE7093FB2.jpg,,,,,2024-09-25T23:59:59.999999999+01:00,PROSPECTUS,13,1,,,
1104,5601066200301,1000.0,Nacional,Farinha p/ bolos fina,Embalagem de 1Kg,1.19,1.19,0,kg,€/Kg,https://driveimg1.intermarche.com/pt/Content/images/boitmal/produit/zoom/965F30777B80FEC78D369BAAC5FF5AF1.jpg,,,,,2024-09-25T23:59:59.999999999+01:00,PROSPECTUS,13,1,,,
1114,5601066300780,500.0,Nacional,Massa de macarrão riscado,Embalagem de 500g,0.89,1.78,0,kg,€/Kg,https://driveimg1.intermarche.com/pt/Content/images/boitmal/produit/zoom/4E586B0F43C13026DBE291FFB6AC87A9.jpg,,,,,2024-09-25T23:59:59.999999999+01:00,PROSPECTUS,13,1,,,
1117,5601066301404,500.0,Nacional,Linguini,Embalagem de 500g,0.94,1.88,0,kg,€/Kg,https://driveimg1.intermarche.com/pt/Content/images/boitmal/produit/zoom/5543DBB1F6781E2C307E0B4DE4206633.jpg,,,,,2024-09-25T23:59:59.999999999+01:00,PROSPECTUS,13,1,,,
11496,5601049213991,200.0,Mimosa,Nata uht,embalagem de 200 ml,0.84,4.2,200,L,€/L,https://driveimg1.intermarche.com/pt/Content/images/boitmal/produit/zoom/887C5343F4688DBB2FEDBF4E6D25399A.jpg,,,,1000 Artigos,2024-09-25T23:59:59.999999999+01:00,PROSPECTUS,13,1,,,
13892,2891041000000,1000.0,Porco,Costeletas do Lombo,Vendido ao peso a partir de 1 kg,3.99,3.99,0,,€/Kg,https://driveimg1.intermarche.com/pt/Content/images/boitmal/produit/zoom/0CEDBCB04142A68CDED3690FB39820D0.jpg,,,,,2024-09-25T23:59:59.999999999+01:00,PROSPECTUS,13,1,,,
1414,5601252106639,750.0,Gallo,Azeite virgem delicado,Garrafa de 750 ml,7.49,9.99,750,L,€/L,https://driveimg1.intermarche.com/pt/Content/images/boitmal/produit/zoom/14892E13E5F7C3707D2EB967992642D1.jpg,,,,,2024-09-25T23:59:59.999999999+01:00,PROSPECTUS,13,1,,,
14921,2892534000000,400.0,Legumes,Couve Bróculo,Vendido ao peso,1.2,2.99,0,,€/Kg,https://driveimg1.intermarche.com/pt/Content/images/boitmal/produit/zoom/4F48873F332B6ECE759CD88793270811.jpg,,,,,2024-09-25T23:59:59.999999999+01:00,PROSPECTUS,13,1,,,
18350,8410320148245,80.0,Campofrio,Chouriço fatiado,Embalagem de 80g,1.59,19.88,0,kg,€/Kg,https://driveimg1.intermarche.com/pt/Content/images/boitmal/produit/zoom/C935719A57D5E81DA0BFC4CFFF1CE04A.jpg,,,,,2024-09-25T23:59:59.999999999+01:00,PROSPECTUS,13,1,,,
2204,5604260265060,800.0,PorSi,Posta pescada-do-cabo nº 5 para cozer,Embalagem de 800 g,4.95,6.19,0,kg,€/Kg,https://driveimg1.intermarche.com/pt/Content/images/boitmal/produit/zoom/24CFB4479201683DCC7B4491B84AA98D.jpg,,,,Tipo de stockagem,2024-09-25T23:59:59.999999999+01:00,PROSPECTUS,13,1,,,
2292,5604260270323,500.0,PorSi,Paloco desfiado,Embalagem de 500 g,3.89,7.78,0,kg,€/Kg,https://driveimg1.intermarche.com/pt/Content/images/boitmal/produit/zoom/7B2EC034E43AFCAD1946C70C06A0AD5F.jpg,,,,1000 Artigos,2024-10-04T23:59:59.999999999+01:00,PROSPECTUS,13,1,,,
32342,5603722517334,200.0,Milhafre,Queijo açoriano fatias de textura cremosa,Embalagem de 200g,2.09,10.45,0,kg,€/Kg,https://driveimg1.intermarche.com/pt/Content/images/boitmal/produit/zoom/ED1DA3BFDC83B30FF20CB1A8441640A4.jpg,,,,,2024-09-25T23:59:59.999999999+01:00,PROSPECTUS,13,1,,,
38148,5603722519123,1000.0,Milhafre,Leite de Pastagem Biológico Meio Gordo,1 litro,1.14,1.14,1000,L,€/L,https://driveimg1.intermarche.com/pt/Content/images/boitmal/produit/zoom/2257B1DDB3999CD244A662F9C30070FE.jpg,,,,Produtos Bio,2024-09-25T23:59:59.999999999+01:00,PROSPECTUS,13,1,,,
41716,5604260303809,90.0,PorSi,Saqueta de puré de fruta | maçã + pêssego + banana + pera,90 g,0.74,8.22,0,kg,€/Kg,https://driveimg1.intermarche.com/pt/Content/images/boitmal/produit/zoom/BA821088BC22D810D2198777A3EC5FCD.jpg,,,,1000 Artigos,2024-10-04T23:59:59.999999999+01:00,PROSPECTUS,13,1,,,
4683,5000116102112,280.0,Iglo green,10 douradinhos vegetais,Embalagem de 280g,1.99,7.11,0,kg,€/Kg,https://driveimg1.intermarche.com/pt/Content/images/boitmal/produit/zoom/CF300CAA0C70616DE6934C4966C13EB3.jpg,,,,Tipo de stockagem,2024-09-25T23:59:59.999999999+01:00,PROSPECTUS,13,1,,,
5818,5604260063765,1000.0,PorSi,Macedonia de legumes,Embalagem de 1 kg,1.89,1.89,0,kg,€/Kg,https://driveimg1.intermarche.com/pt/Content/images/boitmal/produit/zoom/FB7C912619E696B4A0C61F64E6787D35.jpg,,,,1000 Artigos,2024-10-04T23:59:59.999999999+01:00,PROSPECTUS,13,1,,,
9184,5602348062754,70.0,Damatta,Presunto sabor português fatiado,Embalagem de 70 g,2.29,32.71,0,kg,€/Kg,https://driveimg1.intermarche.com/pt/Content/images/boitmal/produit/zoom/0A14ED361A0023E1AFBFC3FC3C5833B1.jpg,,,,,2024-10-02T23:59:59.999999999+01:00,PROSPECTUS,13,1,,,
973,5601024105020,1000.0,Fula,Óleo alimentar,Embalagem 1L,1.99,1.99,1000,L,€/L,https://driveimg1.intermarche.com/pt/Content/images/boitmal/produit/zoom/82D3E88293E42CC5B178C569AA9B57E6.jpg,,,,1000 Artigos,2024-10-04T23:59:59.999999999+01:00,PROSPECTUS,13,1,,,
980,5601024134488,750.0,Oliveira da Serra,Azeite virgem extra clássico,Embalagem de 750 ml,8.19,10.92,750,L,€/L,https://driveimg1.intermarche.com/pt/Content/images/boitmal/produit/zoom/01EF39EFE8396CC9ACA95DC25E9D3412.jpg,,,,1000 Artigos,2024-10-04T23:59:59.999999999+01:00,PROSPECTUS,13,1,,,
10509,8435250297955,256.0,Nestlé,"Iogurte mix-in smarties baunilha,  2 x 128 g",,1.99,7.77,0,kg,€/Kg,https://driveimg1.intermarche.com/pt/Content/images/boitmal/produit/zoom/4FC6F733C531A7A948940F213F0E604D.jpg,,,,1000 Artigos,2024-09-25T23:59:59.999999999+01:00,PROSPECTUS,13,1,,,
12471,8435257040868,640.0,Nestlé,"Iogurte líquido yoggi morango/banana,  4 x 160 g",,1.99,3.11,0,kg,€/Kg,https://driveimg1.intermarche.com/pt/Content/images/boitmal/produit/zoom/93A52C02113750956F92B7DD59810765.jpg,,,,1000 Artigos,2024-09-25T23:59:59.999999999+01:00,PROSPECTUS,13,1,,,
1270,5601151023150,500.0,Compal,Polpa de tomate com cebola e alho,Embalagem de 500g,1.39,2.78,0,kg,€/Kg,https://driveimg1.intermarche.com/pt/Content/images/boitmal/produit/zoom/D455823659AE027A7D3A2F64537EA4D9.jpg,,,,,2024-09-25T23:59:59.999999999+01:00,PROSPECTUS,13,1,,,
1274,5601151070758,410.0,Compal,Feijão manteiga,Lata de 410 ml,1.09,2.66,410,L,€/L,https://driveimg1.intermarche.com/pt/Content/images/boitmal/produit/zoom/F0994D6790474BD2BB5E91E2063CEE44.jpg,,,,,2024-09-25T23:59:59.999999999+01:00,PROSPECTUS,13,1,,,
1305,5601151862155,500.0,Compal,Polpa de tomate em garrafa,Embalagem de 500g,1.24,2.48,0,kg,€/Kg,https://driveimg1.intermarche.com/pt/Content/images/boitmal/produit/zoom/AAB3292CC676B25102611CA57B6FA818.jpg,,,,,2024-09-25T23:59:59.999999999+01:00,PROSPECTUS,13,1,,,
13529,2893521000000,1000.0,Peixaria,Pescada do Chile Congelada Nº3,1 un= 1 kg (aprox.),8.99,8.99,0,,€/Kg,https://driveimg1.intermarche.com/pt/Content/images/boitmal/produit/zoom/40D57D35BBDBDF72027C959F41A6E90C.jpg,,,,Avantages !,2024-09-25T23:59:59.999999999+01:00,PROSPECTUS,13,1,,,
13585,2893580000000,250.0,Marisco,Gambão Congelado 20/30,Vendido a partir de 250 (aprox.),2.25,8.99,0,,€/Kg,https://driveimg1.intermarche.com/pt/Content/images/boitmal/produit/zoom/4D0BD52A2A6DCE6EE965D391A979212D.jpg,,,,Avantages !,2024-09-25T23:59:59.999999999+01:00,PROSPECTUS,13,1,,,
1413,5601252106615,750.0,Gallo,Azeite Subtil,Garrafa de 750 ml,6.99,9.32,750,L,€/L,https://driveimg1.intermarche.com/pt/Content/images/boitmal/produit/zoom/AE7B71F484D168C6B66987F1FFF6801B.jpg,,,,,2024-09-25T23:59:59.999999999+01:00,PROSPECTUS,13,1,,,
14344,3387390406719,150.0,Nestlé,Barras de cereais nesquik,Embalagem de 150g,2.39,15.93,0,kg,€/Kg,https://driveimg1.intermarche.com/pt/Content/images/boitmal/produit/zoom/FED1CF4DC13639BE5B5979CCC8C9BC28.jpg,,,,,2024-09-25T23:59:59.999999999+01:00,PROSPECTUS,13,1,,,
14408,5601012004427,750.0,Trinca Bolotas,Vinho doc alentejo tinto,Garrafa de 0.75 l,4.99,6.65,750,L,€/L,https://driveimg1.intermarche.com/pt/Content/images/boitmal/produit/zoom/CE8D5D13DE743123565142F1E6733CF4.jpg,,,,,2024-10-02T23:59:59.999999999+01:00,PROSPECTUS,13,1,,,
1472,5601286256782,500.0,Milaneza,Massa de ondas,Embalagem de 500g,1.57,3.14,0,kg,€/Kg,https://driveimg1.intermarche.com/pt/Content/images/boitmal/produit/zoom/EBEC60CF3C8D752CF3C2E06EF4538599.jpg,,,,,2024-09-25T23:59:59.999999999+01:00,PROSPECTUS,13,1,,,
14722,8410063045917,800.0,Pescanova,Camarão vannamei 24/40,Embalagem de 800g,9.99,12.49,0,kg,€/Kg,https://driveimg1.intermarche.com/pt/Content/images/boitmal/produit/zoom/815643BC9E764D97D66191EFE1146B1B.jpg,,,,1000 Artigos,2024-10-04T23:59:59.999999999+01:00,PROSPECTUS,13,1,,,
14726,8711100080060,400.0,Maizena,Farinha,Embalagem de 400g,1.64,4.1,0,kg,€/Kg,https://driveimg1.intermarche.com/pt/Content/images/boitmal/produit/zoom/B08373790D6917B03E052473E2AB175C.jpg,,,,,2024-09-25T23:59:59.999999999+01:00,PROSPECTUS,13,1,,,
14865,2696212000000,,Pastelaria,Folhado Misto 90 g,,0.69,0.69,0,,€/Unidade,https://driveimg1.intermarche.com/pt/Content/images/boitmal/produit/zoom/9A6753DB758F20AE554301F0A4A50040.jpg,,,,,2024-09-25T23:59:59.999999999+01:00,PROSPECTUS,13,1,,,
16042,8410022000025,200.0,Donuts,Donuts classic,Embalagem de 200g,2.19,10.95,0,kg,€/Kg,https://driveimg1.intermarche.com/pt/Content/images/boitmal/produit/zoom/9DE87D45842580C95F36B655B1BA5FC5.jpg,,,,,2024-09-25T23:59:59.999999999+01:00,PROSPECTUS,13,1,,,
16642,5000116109982,700.0,Iglo,Favas,Embalagem de 700g,2.99,4.27,0,kg,€/Kg,https://driveimg1.intermarche.com/pt/Content/images/boitmal/produit/zoom/76340C40D2F5FD6D0A355D8C739DF8C8.jpg,,,,Tipo de stockagem,2024-09-25T23:59:59.999999999+01:00,PROSPECTUS,13,1,,,
1677,5602711001311,1000.0,Rar,Açúcar granulado embalado em papel,Embalagem de 1 kg,1.59,1.59,0,kg,€/Kg,https://driveimg1.intermarche.com/pt/Content/images/boitmal/produit/zoom/F8294E745C95C50AD875621A802EA691.jpg,,,,1000 Artigos,2024-10-04T23:59:59.999999999+01:00,PROSPECTUS,13,1,,,
18628,5601028002707,,Renova,Rolo de Cozinha Multi,4 Rolos,1.49,1.49,0,,€/Unidade,https://driveimg1.intermarche.com/pt/Content/images/boitmal/produit/zoom/EC28E7C70040AEF56E88826756B8374D.jpg,,,,1000 Artigos,2024-10-04T23:59:59.999999999+01:00,PROSPECTUS,13,1,,,
21051,8435257034300,640.0,Nestlé,"Iogurte líquido yoggi, sem lactose, morango,  4 x 160 g",,2.19,3.42,0,kg,€/Kg,https://driveimg1.intermarche.com/pt/Content/images/boitmal/produit/zoom/EDE6B117FB886E95B7257B2282F005D2.jpg,,,,,2024-09-25T23:59:59.999999999+01:00,PROSPECTUS,13,1,,,
25735,5000116112173,208.0,Capitão Iglo,10 nuggets peito de frango e queijo,Embalagem de 210g,2.99,14.38,0,kg,€/Kg,https://driveimg1.intermarche.com/pt/Content/images/boitmal/produit/zoom/E9A162F74796CC7150848F5AAF7336C9.jpg,,,,Tipo de stockagem,2024-09-25T23:59:59.999999999+01:00,PROSPECTUS,13,1,,,
25808,8426617002510,100.0,Haribo,Gomas ositos de oro,Embalagem de 100g,1.04,10.4,0,kg,€/Kg,https://driveimg1.intermarche.com/pt/Content/images/boitmal/produit/zoom/D25D6900B46F8C2565F09DD42E0CDF4D.jpg,,,,,2024-09-25T23:59:59.999999999+01:00,PROSPECTUS,13,1,,,
26471,5603722510946,200.0,Gresso,Leite com Chocolate,Pack 4X200ml,1.65,8.25,200,L,€/L,https://driveimg1.intermarche.com/pt/Content/images/boitmal/produit/zoom/0108FCBB6D228E5EC4619AC8345D099C.jpg,,,,,2024-09-25T23:59:59.999999999+01:00,PROSPECTUS,13,1,,,
2779,8410180108038,185.0,Artiach,Bolachas infantil dinossauros,Embalagem de 190g,1.69,9.14,0,kg,€/Kg,https://driveimg1.intermarche.com/pt/Content/images/boitmal/produit/zoom/6D63D115534CE580F1302DD713E987C3.jpg,,,,,2024-09-25T23:59:59.999999999+01:00,PROSPECTUS,13,1,,,
35749,5603722509667,800.0,Mimosa,Leite Bem Essencial Chocolate,Embalagem de 4 x 200 ml,1.69,2.11,800,L,€/L,https://driveimg1.intermarche.com/pt/Content/images/boitmal/produit/zoom/7497180C7B501430F6BD78AEC0C140AA.jpg,,,,,2024-09-25T23:59:59.999999999+01:00,PROSPECTUS,13,1,,,
36732,5604260286454,2000.0,PorSi,Ração seca de carne para gato adulto,Embalagem de 2 kg,3.99,2.0,0,kg,€/Kg,https://driveimg1.intermarche.com/pt/Content/images/boitmal/produit/zoom/9EDD98958C9E50520083DF31D4824073.jpg,,,,1000 Artigos,2024-10-04T23:59:59.999999999+01:00,PROSPECTUS,13,1,,,
38560,5601027006447,280.0,Bimbo,Pão de leite 8 un.,Embalagem de 280g,1.99,7.11,0,kg,€/Kg,https://driveimg1.intermarche.com/pt/Content/images/boitmal/produit/zoom/61E1C93727499A77EF100DF4D069FE8B.jpg,https://driveimg1.intermarche.com/pt/Content/images/boitmal/produit/zoom/03428EFF3EBBF0386E77776667460845.jpg,,,,2024-09-25T23:59:59.999999999+01:00,PROSPECTUS,13,1,,,
41299,5601050036565,440.0,Danone,"Iogurte oikos maracujá,  4 x 110g",,1.99,4.52,0,kg,€/Kg,https://driveimg1.intermarche.com/pt/Content/images/boitmal/produit/zoom/FCB02F5884DDCB459FDF089F080D1348.jpg,,,,1000 Artigos,2024-10-04T23:59:59.999999999+01:00,PROSPECTUS,13,1,,,
41717,5604260303816,90.0,PorSi,Saqueta de puré de fruta | maçã + pera,90 g,0.74,8.22,0,kg,€/Kg,https://driveimg1.intermarche.com/pt/Content/images/boitmal/produit/zoom/BDC9DCB2575995ED71759BEA2C9A3172.jpg,,,,1000 Artigos,2024-10-04T23:59:59.999999999+01:00,PROSPECTUS,13,1,,,
41719,5604260303793,90.0,PorSi,Saqueta de puré de fruta | maçã + banana,90 g,0.74,8.22,0,kg,€/Kg,https://driveimg1.intermarche.com/pt/Content/images/boitmal/produit/zoom/917C5C6898063E49F7861F32B2346FD5.jpg,,,,1000 Artigos,2024-10-04T23:59:59.999999999+01:00,PROSPECTUS,13,1,,,
43016,5601164862401,1200.0,Somersby,Sidra de maçã,pack 6 x 0.2 l,4.49,3.74,1200,L,€/L,https://driveimg1.intermarche.com/pt/Content/images/boitmal/produit/zoom/91F03EF4C01D719425FE57CCF7BA256B.jpg,,,,1000 Artigos,2024-09-25T23:59:59.999999999+01:00,PROSPECTUS,13,1,,,
43215,5603722519802,300.0,Castelões,"Queijo curado fatias sem lactose, 2x150g",,3.49,11.63,0,kg,€/Kg,https://driveimg1.intermarche.com/pt/Content/images/boitmal/produit/zoom/A38E906AD622F9771DCC5D3D281D8943.jpg,,,,,2024-10-02T23:59:59.999999999+01:00,PROSPECTUS,13,1,,,
44702,5053990155354,175.0,Pringles,Pringles sour cream & onion,Embalagem de 175g,2.39,13.66,0,kg,€/Kg,https://driveimg1.intermarche.com/pt/Content/images/boitmal/produit/zoom/CAC75B605C8B7B46C574BB916C039D54.jpg,https://driveimg1.intermarche.com/pt/Content/images/boitmal/produit/zoom/3743B152C095FACA5BB155343DC8A7EE.jpg,https://driveimg1.intermarche.com/pt/Content/images/boitmal/produit/zoom/3743B152C095FACA5BB155343DC8A7EE.jpg,https://driveimg1.intermarche.com/pt/Content/images/boitmal/produit/zoom/3743B152C095FACA5BB155343DC8A7EE.jpg,,2024-09-25T23:59:59.999999999+01:00,PROSPECTUS,13,1,,,
448,8722700752943,2000.0,Lipton,Ice tea de manga,Garrafa de 2 l,3.19,1.6,2000,L,€/L,https://driveimg1.intermarche.com/pt/Content/images/boitmal/produit/zoom/D8A7BBA271F5B46B5DC4031B0621A8E9.jpg,,,,,2024-09-25T23:59:59.999999999+01:00,PROSPECTUS,13,1,,,
45212,5604260313440,,PorSi,Toalhitas Bebé Basic,Embalagem de 72 unidades,0.9,0.9,0,,€/Unidade,https://driveimg1.intermarche.com/pt/Content/images/boitmal/produit/zoom/856ACD070E028237EAE2C96F31396D77.jpg,,,,1000 Artigos,2024-10-04T23:59:59.999999999+01:00,PROSPECTUS,13,1,,,
46730,5054563049063,75.0,Parodontax,Dentífrico cuidado extra fresco,Embalagem de 75 ml,4.79,63.87,75,L,€/L,https://driveimg1.intermarche.com/pt/Content/images/boitmal/produit/zoom/C56C41AD87E833591F33AC729652E2B6.jpg,,,,,2024-09-25T23:59:59.999999999+01:00,PROSPECTUS,13,1,,,
477,3010470159051,2000.0,Friskies,"Ração para gato adulto com coelho, frango e legumes",Embalagem de 2kg,6.74,3.37,0,kg,€/Kg,https://driveimg1.intermarche.com/pt/Content/images/boitmal/produit/zoom/2B3FF876EA273999E91E87B3A45EA82A.jpg,,,,1000 Artigos,2024-10-04T23:59:59.999999999+01:00,PROSPECTUS,13,1,,,
49463,8445290250322,600.0,Nestum,Flocos Cereais Mel,Embalagem de 600g,3.79,6.32,0,kg,€/Kg,https://driveimg1.intermarche.com/pt/Content/images/boitmal/produit/zoom/9F028579C623CFF4FC3FA9CCEB955938.jpg,,,,1000 Artigos,2024-10-04T23:59:59.999999999+01:00,PROSPECTUS,13,1,,,
50405,8445290489173,900.0,Cerelac,Papa Infantil + 6 meses,Embalagem de 900g,6.29,6.99,0,kg,€/Kg,https://driveimg1.intermarche.com/pt/Content/images/boitmal/produit/zoom/AC49BEE482A5844CB7C28462BEA4C70C.jpg,,,,1000 Artigos,2024-10-04T23:59:59.999999999+01:00,PROSPECTUS,13,1,,,
51370,5000116127085,1080.0,Capitão Iglo,50 Nuggets de Frango Queijo,Embalagem de 1.08 kg,12.99,12.03,0,kg,€/Kg,https://driveimg1.intermarche.com/pt/Content/images/boitmal/produit/zoom/67354933CE6BC52C4EBC009954CDE957.jpg,,,,Tipo de stockagem,2024-09-25T23:59:59.999999999+01:00,PROSPECTUS,13,1,,,
5143,5601096201309,750.0,Casal Garcia,Vinho verde branco,Garrafa de 0.75 l,3.29,4.39,750,L,€/L,https://driveimg1.intermarche.com/pt/Content/images/boitmal/produit/zoom/056BD080A2D98C87EBA807C039694917.jpg,,,,,2024-10-02T23:59:59.999999999+01:00,PROSPECTUS,13,1,,,
51947,8719200253087,200.0,Planta,"Planteiga com Sal Vegan, 200g",,1.49,7.45,0,kg,€/Kg,https://driveimg1.intermarche.com/pt/Content/images/boitmal/produit/zoom/1C8192B5C8DA466AD648BB6546E3F415.jpg,,,,1000 Artigos,2024-10-04T23:59:59.999999999+01:00,PROSPECTUS,13,1,,,
52882,8719200267923,1000.0,Planta,"Creme Vegetal de Barrar com Sabor a Manteiga, 1 kg",,4.99,4.99,0,kg,€/Kg,https://driveimg1.intermarche.com/pt/Content/images/boitmal/produit/zoom/CA359583CDC4B85860A9620A14431005.jpg,,,,,2024-09-25T23:59:59.999999999+01:00,PROSPECTUS,13,1,,,
52897,8720181392917,1332.0,Comfort,"Amaciador Concentrado Essência Pure, 74 Doses",,3.49,2.62,1332,L,€/L,https://driveimg1.intermarche.com/pt/Content/images/boitmal/produit/zoom/6C81AB307354BD851AD24288672BBAB9.jpg,,,,1000 Artigos,2024-10-04T23:59:59.999999999+01:00,PROSPECTUS,13,1,,,
54321,8718951477957,100.0,Colgate,"Pasta De Dentes Tripla Ação, 100ml",,1.95,19.5,100,L,€/L,https://driveimg1.intermarche.com/pt/Content/images/boitmal/produit/zoom/6A66738B64F04C4649C8E34FD10D1AE8.jpg,https://driveimg1.intermarche.com/pt/Content/images/boitmal/produit/zoom/9ADDEB220D16C8DAE54C517CBC09DC55.jpg,https://driveimg1.intermarche.com/pt/Content/images/boitmal/produit/zoom/9ADDEB220D16C8DAE54C517CBC09DC55.jpg,,1000 Artigos,2024-10-04T23:59:59.999999999+01:00,PROSPECTUS,13,1,,,
8434,5601050033731,620.0,Danone,"Iogurte activia líquido 0% lima/limão,  4 x 155 g",,1.99,3.21,0,kg,€/Kg,https://driveimg1.intermarche.com/pt/Content/images/boitmal/produit/zoom/E8DD28A0F1244F3320993F3917832E4F.jpg,,,,1000 Artigos,2024-09-25T23:59:59.999999999+01:00,PROSPECTUS,13,1,,,
8658,5601163101716,3000.0,Luso,Água sem gás,pack 6 x 0.5 l,2.59,0.86,3000,L,€/L,https://driveimg1.intermarche.com/pt/Content/images/boitmal/produit/zoom/7DE0FF5737733513F14135E2CA47ED18.jpg,,,,,2024-09-25T23:59:59.999999999+01:00,PROSPECTUS,13,1,,,
9238,5603016000443,750.0,Adega de Pegões,Vinho rosé península de setúbal,Garrafa de 750 ml,1.59,2.12,750,L,€/L,https://driveimg1.intermarche.com/pt/Content/images/boitmal/produit/zoom/67EA33F6043EE7B3EC5A6D721A58D1E2.jpg,,,,,2024-10-02T23:59:59.999999999+01:00,PROSPECTUS,13,1,,,
927,5601001180903,380.0,Nestlé,Cereais chocapic,Embalagem de 375 g,2.29,6.03,0,kg,€/Kg,https://driveimg1.intermarche.com/pt/Content/images/boitmal/produit/zoom/6DE0110672BED70DCD1FFE94A66DEB48.jpg,,,,1000 Artigos,2024-10-04T23:59:59.999999999+01:00,PROSPECTUS,13,1,,,
9946,7622300654177,170.0,Triunfo,Bolachas digestive go aveia,Embalagem de 170g,1.49,8.76,0,kg,€/Kg,https://driveimg1.intermarche.com/pt/Content/images/boitmal/produit/zoom/A892B3FDA3E33C2B1F68488502542539.jpg,,,,,2024-09-25T23:59:59.999999999+01:00,PROSPECTUS,13,2,,,
10056,8410036800468,750.0,Freixenet,"Espumante cava bruto, reserva",Garrafa de 750 ml,7.99,10.65,750,L,€/L,https://driveimg1.intermarche.com/pt/Content/images/boitmal/produit/zoom/71005F461E53AA0E268F973931CDE2DB.jpg,,,,,2024-10-02T23:59:59.999999999+01:00,PROSPECTUS,13,2,,,
10280,8410469002781,,Colhogar,Papel Higiénico Compacto Ultra Suave XXL,12 rolos,5.74,5.74,0,,€/Unidade,https://driveimg1.intermarche.com/pt/Content/images/boitmal/produit/zoom/30179BA84D6B6F4E974659F949EB4EB0.jpg,,,,,2024-09-25T23:59:59.999999999+01:00,PROSPECTUS,13,2,,,
10823,2895063000000,250.0,Castelões,Queijo Curado kg,1 un = 250 gr  (aprox.),2.5,9.99,0,,€/Kg,https://driveimg1.intermarche.com/pt/Content/images/boitmal/produit/zoom/75B6363D9B6BD363EA11623977BF1CB2.jpg,,,,,2024-10-02T23:59:59.999999999+01:00,PROSPECTUS,13,2,,,
10827,2895084000000,250.0,Alavão,Queijo Curado Trad.Pimentão,Vendido ao peso a partir de 250 gr,2.25,8.99,0,,€/Kg,https://driveimg1.intermarche.com/pt/Content/images/boitmal/produit/zoom/4E6BAB74AB5F3DC05744A385414FF98D.jpg,,,,,2024-09-25T23:59:59.999999999+01:00,PROSPECTUS,13,2,,,
11392,5410076960651,75.0,Oral B,Dentífrico Complete Elixir e Branqueador,Embalagem de 75 ml,2.24,29.87,75,L,€/L,https://driveimg1.intermarche.com/pt/Content/images/boitmal/produit/zoom/E0FA37D23E4C3314DFC0B99006F5FE34.jpg,,,,,2024-09-25T23:59:59.999999999+01:00,PROSPECTUS,13,2,,,
11578,5601151216101,330.0,Compal,Sumo essencial manga,pack 3 x 0.11 l,1.69,5.12,330,L,€/L,https://driveimg1.intermarche.com/pt/Content/images/boitmal/produit/zoom/5CFC6FCFAA37A97D0995C628F731E02F.jpg,,,,,2024-09-25T23:59:59.999999999+01:00,PROSPECTUS,13,2,,,
1187,5601119007963,120.0,Nobre,6 Salsichas de porco,Lata de 120g,1.09,9.08,0,kg,€/Kg,https://driveimg1.intermarche.com/pt/Content/images/boitmal/produit/zoom/120DC1535B1AFA150D13CE3A5CE70137.jpg,,,,,2024-09-25T23:59:59.999999999+01:00,PROSPECTUS,13,2,,,
11959,5603722504945,200.0,Mimosa,Nata para culinária ligeira,Embalagem de 200 ml,0.84,4.2,200,L,€/L,https://driveimg1.intermarche.com/pt/Content/images/boitmal/produit/zoom/A0377F70E8B13E785737B9E790570BDE.jpg,,,,1000 Artigos,2024-09-25T23:59:59.999999999+01:00,PROSPECTUS,13,2,,,
11974,5603722508752,200.0,Castelões,Queijo em fatias original,Embalagem de 200g,2.09,10.45,0,kg,€/Kg,https://driveimg1.intermarche.com/pt/Content/images/boitmal/produit/zoom/9FEB09D8F116F09205434B0A49717030.jpg,,,,,2024-10-02T23:59:59.999999999+01:00,PROSPECTUS,13,2,,,
11982,5603802400020,750.0,Fiuza,Vinho branco tejo sauvignon,Garrafa de 750 ml,4.99,6.65,750,L,€/L,https://driveimg1.intermarche.com/pt/Content/images/boitmal/produit/zoom/797D96AF75B4BD4EF0B0B0A63B1AB06E.jpg,,,,,2024-10-02T23:59:59.999999999+01:00,PROSPECTUS,13,2,,,
12168,5604575110024,750.0,Cabriz,Vinho tinto doc dão,Garrafa de 0.75 l,3.89,5.19,750,L,€/L,https://driveimg1.intermarche.com/pt/Content/images/boitmal/produit/zoom/A3374E31A2BF8230054ADB4C2C4F8376.jpg,https://driveimg1.intermarche.com/pt/Content/images/boitmal/produit/zoom/B79B99AC1459B8F6165E16A7A5B65E9E.jpg,https://driveimg1.intermarche.com/pt/Content/images/boitmal/produit/zoom/B79B99AC1459B8F6165E16A7A5B65E9E.jpg,,1000 Artigos,2024-10-02T23:59:59.999999999+01:00,PROSPECTUS,13,2,,,
12888,2892090000000,500.0,Fruta,Manga Avião,1 un=500 gr (aprox.),2.0,3.99,0,,€/Kg,https://driveimg1.intermarche.com/pt/Content/images/boitmal/produit/zoom/2F9334665091AF30C298FAAAC9CB308C.jpg,https://driveimg1.intermarche.com/pt/Content/images/boitmal/produit/zoom/842EA0C904154D230A3A6F63A245D264.jpg,,,,2024-09-25T23:59:59.999999999+01:00,PROSPECTUS,13,2,,,
1301,5601151660751,410.0,Compal,Feijão encarnado,Lata de 410ml,1.09,2.66,410,L,€/L,https://driveimg1.intermarche.com/pt/Content/images/boitmal/produit/zoom/DCE7303C6541213F906341A870E69C47.jpg,,,,,2024-09-25T23:59:59.999999999+01:00,PROSPECTUS,13,2,,,
13522,2893514000000,200.0,Peixaria,Choco Pequeno Congelado,1 un= 200 gr (aprox.),1.9,9.49,0,,€/Kg,https://driveimg1.intermarche.com/pt/Content/images/boitmal/produit/zoom/37754AAC1A8B81BA5D21C470572981B5.jpg,,,,Avantages !,2024-09-25T23:59:59.999999999+01:00,PROSPECTUS,13,2,,,
13523,2893515000000,250.0,Peixaria,Lula Congelada,1 un= 250 gr (aprox.),1.25,4.99,0,,€/Kg,https://driveimg1.intermarche.com/pt/Content/images/boitmal/produit/zoom/B2B7BBDC4CDC3C912C9CD2FEC6D3B682.jpg,,,,Avantages !,2024-09-25T23:59:59.999999999+01:00,PROSPECTUS,13,2,,,
13595,2893590000000,300.0,Peixaria,Pescada Pequena da Argentina Congelada,1 un= 1kg (aprox.),1.11,3.69,0,,€/Kg,https://driveimg1.intermarche.com/pt/Content/images/boitmal/produit/zoom/55D0840C54B4509E0B02B8F93D8A0E14.jpg,,,,Avantages !,2024-09-25T23:59:59.999999999+01:00,PROSPECTUS,13,2,,,
13599,2893594000000,550.0,Peixaria,Red Fish Grande Congelado,1 un = 500 gr (aprox.),3.29,5.99,0,,€/Kg,https://driveimg1.intermarche.com/pt/Content/images/boitmal/produit/zoom/A3E98972B338DCF46BAA412A17BB9B0C.jpg,,,,Avantages !,2024-09-25T23:59:59.999999999+01:00,PROSPECTUS,13,2,,,
13821,2892597000000,200.0,Legumes,Tomate Cacho,1 un = 200 gr (aprox.),0.3,1.49,0,,€/Kg,https://driveimg1.intermarche.com/pt/Content/images/boitmal/produit/zoom/3B66EF6541266EDFA27BC4541501843F.jpg,,,,,2024-09-25T23:59:59.999999999+01:00,PROSPECTUS,13,2,,,
13977,2696106000000,,Pastelaria,Folhado de Maçã,1 unidade= 100 g,0.89,0.89,0,,€/Unidade,https://driveimg1.intermarche.com/pt/Content/images/boitmal/produit/zoom/E2A4FBB809D0E7BB4A2D714065081A4C.jpg,,,,,2024-09-25T23:59:59.999999999+01:00,PROSPECTUS,13,2,,,
14301,5000116105199,1130.0,Iglo,Ervilhas,"Embalagem de 1,125 kg",4.49,3.97,0,kg,€/Kg,https://driveimg1.intermarche.com/pt/Content/images/boitmal/produit/zoom/221C07C2BE6462BC315B0F95648ACC3A.jpg,,,,Tipo de stockagem,2024-09-25T23:59:59.999999999+01:00,PROSPECTUS,13,2,,,
1458,5601286220783,500.0,Milaneza,Massa de cotovelos grossos,Embalagem de 500g,1.57,3.14,0,kg,€/Kg,https://driveimg1.intermarche.com/pt/Content/images/boitmal/produit/zoom/3227F59B4850D93351548A67BD46CA40.jpg,,,,,2024-09-25T23:59:59.999999999+01:00,PROSPECTUS,13,2,,,
1469,5601286251787,500.0,Milaneza,Massa de macarrão,Embalagem de 500g,1.57,3.14,0,kg,€/Kg,https://driveimg1.intermarche.com/pt/Content/images/boitmal/produit/zoom/23F94F5EC15597A4AB9A1FC4C5526842.jpg,,,,,2024-09-25T23:59:59.999999999+01:00,PROSPECTUS,13,2,,,
14711,5601286402332,180.0,Nacional,Bolacha alfa,Embalagem de 180g,1.07,5.94,0,kg,€/Kg,https://driveimg1.intermarche.com/pt/Content/images/boitmal/produit/zoom/5276D08644D4F57D25BB338DF64F883B.jpg,,,,,2024-09-25T23:59:59.999999999+01:00,PROSPECTUS,13,2,,,
15561,5601146703418,4950.0,Sagres,Cerveja c/ álcool,pack 15 x 0.33 l,11.95,2.41,4950,L,€/L,https://driveimg1.intermarche.com/pt/Content/images/boitmal/produit/zoom/20D6EA913780BD86D64E5DE3BCD42749.jpg,,,,1000 Artigos,2024-10-04T23:59:59.999999999+01:00,PROSPECTUS,13,2,,,
15687,5000116109234,700.0,Iglo,Ervilhas,Embalagem de 700g,2.98,4.26,0,kg,€/Kg,https://driveimg1.intermarche.com/pt/Content/images/boitmal/produit/zoom/71AD6BFBFF464D2A1A4DF7364A6C0B7A.jpg,,,,Tipo de stockagem,2024-09-25T23:59:59.999999999+01:00,PROSPECTUS,13,2,,,
15808,5000116110001,300.0,Iglo,Lasanha bolonhesa,Embalagem de 300g,2.99,9.97,0,kg,€/Kg,https://driveimg1.intermarche.com/pt/Content/images/boitmal/produit/zoom/306F2CBAEED8270D4F8C890515324AE7.jpg,,,,1000 Artigos,2024-10-04T23:59:59.999999999+01:00,PROSPECTUS,13,2,,,
15879,5601164902282,3000.0,Super Bock,Cerveja Mini,Pack 15 x 0.20 L,6.99,2.33,3000,L,€/L,https://driveimg1.intermarche.com/pt/Content/images/boitmal/produit/zoom/B6A4FA8F12716114DD47B614825CAA6B.jpg,,,,1000 Artigos,2024-10-04T23:59:59.999999999+01:00,PROSPECTUS,13,2,,,
15962,5601252107056,250.0,Gallo,Azeite virgem extra clássico,Garrafa de 250 ml,3.19,12.76,250,L,€/L,https://driveimg1.intermarche.com/pt/Content/images/boitmal/produit/zoom/CAFA94A66BB654B7BFA9F27383C3910F.jpg,,,,,2024-09-25T23:59:59.999999999+01:00,PROSPECTUS,13,2,,,
16531,5607679016056,5000.0,Alto de Pias,Vinho maduro tinto,Garrafa de 5 l,6.49,1.3,5000,L,€/L,https://driveimg1.intermarche.com/pt/Content/images/boitmal/produit/zoom/C999EB1FBA9E09141BC7B8A2B7D4F8DD.jpg,,,,,2024-09-25T23:59:59.999999999+01:00,PROSPECTUS,13,2,,,
16567,5000116110070,750.0,Iglo,Esparregado de espinafres,Embalagem de 750g,3.49,4.65,0,kg,€/Kg,https://driveimg1.intermarche.com/pt/Content/images/boitmal/produit/zoom/86D3F3D2313F56668D62EB7FF71C326B.jpg,,,,Tipo de stockagem,2024-09-25T23:59:59.999999999+01:00,PROSPECTUS,13,2,,,
16607,8712561521529,700.0,Cif,Creme abrasivo original,Garrafa de 700 ml,2.69,3.84,700,L,€/L,https://driveimg1.intermarche.com/pt/Content/images/boitmal/produit/zoom/30CCCA0B503F489882A8FCB31275E9C6.jpg,,,,,2024-09-25T23:59:59.999999999+01:00,PROSPECTUS,13,2,,,
16706,5601260592608,67.0,Cigala,Noodles de Carne Banzai,Embalagem de 70g,1.09,16.27,0,kg,€/Kg,https://driveimg1.intermarche.com/pt/Content/images/boitmal/produit/zoom/48D264BBA6C231F829A9294EFE385289.jpg,,,,,2024-09-25T23:59:59.999999999+01:00,PROSPECTUS,13,2,,,
1697,5603697270043,570.0,Koala,"Polpa de maracujá, em lata",Embalagem de 570g,3.19,5.6,0,kg,€/Kg,https://driveimg1.intermarche.com/pt/Content/images/boitmal/produit/zoom/B71F71E2D5DDFC8C734708C6248AEC60.jpg,,,,,2024-09-25T23:59:59.999999999+01:00,PROSPECTUS,13,2,,,
16983,8712100735455,540.0,Olá,Gelado cornetto morango,Embalagem de 6 x 90 ml,3.56,6.59,540,L,€/L,https://driveimg1.intermarche.com/pt/Content/images/boitmal/produit/zoom/B4DE454FD5CA5C67863F06FFF45366E8.jpg,https://driveimg1.intermarche.com/pt/Content/images/boitmal/produit/zoom/FF03523E6B925BE3441B0A34A996CA2B.jpg,https://driveimg1.intermarche.com/pt/Content/images/boitmal/produit/zoom/FF03523E6B925BE3441B0A34A996CA2B.jpg,,1000 Artigos,2024-09-25T23:59:59.999999999+01:00,PROSPECTUS,13,2,,,
17149,8436048440393,120.0,Artiach,Bolacha infantil dinossaurus mini dino cereais,Embalagem de 120g,1.39,11.58,0,kg,€/Kg,https://driveimg1.intermarche.com/pt/Content/images/boitmal/produit/zoom/49D75D0158B292C84E9F3C8C3B699590.jpg,,,,,2024-09-25T23:59:59.999999999+01:00,PROSPECTUS,13,2,,,
17150,8436048440416,120.0,Artiach,Bolacha infantil dinossaurus mini dino chocolate,Embalagem de 120g,1.39,11.58,0,kg,€/Kg,https://driveimg1.intermarche.com/pt/Content/images/boitmal/produit/zoom/7804F014CF31FFDFCA93C4985FA51ED7.jpg,,,,,2024-09-25T23:59:59.999999999+01:00,PROSPECTUS,13,2,,,
17665,8712100745591,753.0,Calvé,Maionese XXL,Embalagem de 753 g,3.69,4.9,0,kg,€/Kg,https://driveimg1.intermarche.com/pt/Content/images/boitmal/produit/zoom/69DD5C01FA6303DE3BD821864A539AC3.jpg,,,,,2024-09-25T23:59:59.999999999+01:00,PROSPECTUS,13,2,,,
17897,8001480021440,700.0,Neoblanc,"Lixívia Spray Mousse, 700ml",,2.59,3.7,700,L,€/L,https://driveimg1.intermarche.com/pt/Content/images/boitmal/produit/zoom/D240E13A9CD399AA6872F4367C1BA10C.jpg,,,,,2024-09-25T23:59:59.999999999+01:00,PROSPECTUS,13,2,,,
17899,8001480021464,700.0,Neoblanc,Lixívia WC Gel Higienizante,Embalagem de 700ml,1.39,1.99,700,L,€/L,https://driveimg1.intermarche.com/pt/Content/images/boitmal/produit/zoom/8B4ACFB619D22D718EFA361071C65937.jpg,,,,,2024-09-25T23:59:59.999999999+01:00,PROSPECTUS,13,2,,,
17900,8001480023277,700.0,Neoblanc,"Lixívia Spray Mousse Flor, 700ml",,2.59,3.7,700,L,€/L,https://driveimg1.intermarche.com/pt/Content/images/boitmal/produit/zoom/FA98D871A88B2DCD779EA51368257E43.jpg,,,,,2024-09-25T23:59:59.999999999+01:00,PROSPECTUS,13,2,,,
17969,8410104156695,,Air Wick,Recarga ambientador elétrico delícias de verão,Embalagem de 1 unidades,3.59,3.59,1,,€/Unidade,https://driveimg1.intermarche.com/pt/Content/images/boitmal/produit/zoom/89EB6F6E8C7C8305CF7EAE80C39CA640.jpg,,,,,2024-09-25T23:59:59.999999999+01:00,PROSPECTUS,13,2,,,
17972,8410104017231,,Air Wick,Recarga ambientador elétrico rosa bouquet,Embalagem de 1 unidades,3.59,3.59,1,,€/Unidade,https://driveimg1.intermarche.com/pt/Content/images/boitmal/produit/zoom/D8B202FFB9AFF7E2813DF45204F83EEC.jpg,,,,,2024-09-25T23:59:59.999999999+01:00,PROSPECTUS,13,2,,,
18161,5601164884465,1320.0,Somersby,Sidra frutos vermelhos,pack 4 x 0.33 l,3.95,2.99,1320,L,€/L,https://driveimg1.intermarche.com/pt/Content/images/boitmal/produit/zoom/BAB502492C411014B4CF03144D1A8CCB.jpg,,,,1000 Artigos,2024-09-25T23:59:59.999999999+01:00,PROSPECTUS,13,2,,,
18426,3600541887817,400.0,Garnier,Champô Delicias de Aveia,Embalagem de 400 ml,3.79,9.48,400,L,€/L,https://driveimg1.intermarche.com/pt/Content/images/boitmal/produit/zoom/6E178A060EBA624F1168DFA6C596E4DF.jpg,,,,,2024-09-25T23:59:59.999999999+01:00,PROSPECTUS,13,2,,,
18427,3600541743922,400.0,Garnier,Amaciador Tesouros de Mel,Embalagem de 400 ml,3.79,9.48,400,L,€/L,https://driveimg1.intermarche.com/pt/Content/images/boitmal/produit/zoom/B4091EC57C459EFD1BDBC735001CDFEF.jpg,,,,,2024-09-25T23:59:59.999999999+01:00,PROSPECTUS,13,2,,,
19009,8001900628051,750.0,Cavicchiol,Lambrusco branco,Garrafa de 750 ml,3.49,4.65,750,L,€/L,https://driveimg1.intermarche.com/pt/Content/images/boitmal/produit/zoom/8C39CCB09DDB664C487EBA826981DD79.jpg,,,,,2024-10-02T23:59:59.999999999+01:00,PROSPECTUS,13,2,,,
19558,5601252113583,500.0,Gallo,Vinagre balsâmico modena,Garrafa de 500 ml,3.19,6.38,500,L,€/L,https://driveimg1.intermarche.com/pt/Content/images/boitmal/produit/zoom/0D177D349712420705E74C1ECF332232.jpg,,,,,2024-09-25T23:59:59.999999999+01:00,PROSPECTUS,13,2,,,
19585,8435257033822,720.0,Longa vida,"Iogurte magro natural,  6 x 120 g",,2.29,3.18,0,kg,€/Kg,https://driveimg1.intermarche.com/pt/Content/images/boitmal/produit/zoom/44759CCD8BB0D317506B87D89332AAE3.jpg,,,,1000 Artigos,2024-10-04T23:59:59.999999999+01:00,PROSPECTUS,13,2,,,
20031,5602947000058,750.0,Quinta da Pacheca,Vinho branco doc douro,Garrafa de 750 ml,5.49,7.32,750,L,€/L,https://driveimg1.intermarche.com/pt/Content/images/boitmal/produit/zoom/BF4562BC60F0B3B22AC72FF5E3B14F02.jpg,,,,,2024-10-02T23:59:59.999999999+01:00,PROSPECTUS,13,2,,,
20101,5601010131231,120.0,Ramirez,Atum em azeite,Embalagem de 120g,1.54,12.83,0,kg,€/Kg,https://driveimg1.intermarche.com/pt/Content/images/boitmal/produit/zoom/2C3AFEA545E0483E06B1434C41105979.jpg,,,,,2024-09-25T23:59:59.999999999+01:00,PROSPECTUS,13,2,,,
20203,5604098001038,750.0,Tapada do Barão,Vinho branco regional alentejano,Garrafa de 0.75 l,2.99,3.99,750,L,€/L,https://driveimg1.intermarche.com/pt/Content/images/boitmal/produit/zoom/3CDC4E39AC7D1EB7003758BB27EAF83A.jpg,,,,,2024-10-02T23:59:59.999999999+01:00,PROSPECTUS,13,2,,,
20477,8714789876801,650.0,Palmolive,Gel Banho Coco,Embalagem de 650 ml,3.29,5.06,650,L,€/L,https://driveimg1.intermarche.com/pt/Content/images/boitmal/produit/zoom/C841EAB15BFBC711E7703D2FB84F7757.jpg,,,,1000 Artigos,2024-10-04T23:59:59.999999999+01:00,PROSPECTUS,13,2,,,
20512,5601070000539,500.0,Cristal,"Vinagre de sidra, garrafa de 500 ml",,0.89,1.78,500,L,€/L,https://driveimg1.intermarche.com/pt/Content/images/boitmal/produit/zoom/9D9C0ABCCB2F9B4978C4235B9D5FED76.jpg,,,,,2024-09-25T23:59:59.999999999+01:00,PROSPECTUS,13,2,,,
20870,5600390418055,750.0,Castelo dos Mouros,Vinho regional alentejano branco,Garrafa de 750 ml,2.59,3.45,750,L,€/L,https://driveimg1.intermarche.com/pt/Content/images/boitmal/produit/zoom/E07B9EF91A831E1DEF613EDFD3BC8E82.jpg,,,,,2024-10-02T23:59:59.999999999+01:00,PROSPECTUS,13,2,,,
20912,5601096227309,750.0,Aveleda,Vinho verde branco loureiro/alvarinho,Garrafa de 0.75 l,3.89,5.19,750,L,€/L,https://driveimg1.intermarche.com/pt/Content/images/boitmal/produit/zoom/707ED1BFA4B2D0E5997500FE1B1FF531.jpg,,,,,2024-10-02T23:59:59.999999999+01:00,PROSPECTUS,13,2,,,
21052,8435257034270,640.0,Nestlé,"Iogurte líquido yoggi, sem lactose, morango/banana,  4 x 160 g",,2.19,3.42,0,kg,€/Kg,https://driveimg1.intermarche.com/pt/Content/images/boitmal/produit/zoom/93C63CDCCE271351E42C385AFD3AE69F.jpg,,,,,2024-09-25T23:59:59.999999999+01:00,PROSPECTUS,13,2,,,
21582,5604846103380,750.0,Quinta de la Rosa,"Vinho doc douro, tinto",Garrafa de 750 ml,10.49,13.99,750,L,€/L,https://driveimg1.intermarche.com/pt/Content/images/boitmal/produit/zoom/D45754243CA0614E6D8012904E0A78BA.jpg,,,,,2024-10-02T23:59:59.999999999+01:00,PROSPECTUS,13,2,,,
22338,8715700422084,400.0,Heinz,Maionese top down,Garrafa de 400 ml,2.46,6.15,400,L,€/L,https://driveimg1.intermarche.com/pt/Content/images/boitmal/produit/zoom/C7D9780039707961F74CCE9BB4A3738B.jpg,,,,,2024-09-25T23:59:59.999999999+01:00,PROSPECTUS,13,2,,,
2247,5604260267446,320.0,PorSi,"Hamburguers de vaca, 4x80g",Embalagem de 320 g,2.49,7.78,0,kg,€/Kg,https://driveimg1.intermarche.com/pt/Content/images/boitmal/produit/zoom/3FA12F56FCCB02BD822538B5A4E99D58.jpg,,,,1000 Artigos,2024-10-04T23:59:59.999999999+01:00,PROSPECTUS,13,2,,,
2308,5604260271795,2000.0,PorSi,Refrigerante com gás cola,Garrafa de 2 l,1.35,0.68,2000,L,€/L,https://driveimg1.intermarche.com/pt/Content/images/boitmal/produit/zoom/FAE084877CD5F49373EA9981F15AE891.jpg,,,,1000 Artigos,2024-10-04T23:59:59.999999999+01:00,PROSPECTUS,13,2,,,
24411,8410436297752,1300.0,Sonasol,"Lava tudo rosas e jasmim, 1,3l",,2.09,1.61,1300,L,€/L,https://driveimg1.intermarche.com/pt/Content/images/boitmal/produit/zoom/46E3798C4C5509E4EFB8DA2E52D80035.jpg,,,,1000 Artigos,2024-10-04T23:59:59.999999999+01:00,PROSPECTUS,13,2,,,
24413,8410436297783,1300.0,Sonasol,"Lava tudo PH neutro, embalagem de 1,3l",,2.09,1.61,1300,L,€/L,https://driveimg1.intermarche.com/pt/Content/images/boitmal/produit/zoom/F7DD11C0EABB6452E24AA720E593B0B5.jpg,,,,1000 Artigos,2024-10-04T23:59:59.999999999+01:00,PROSPECTUS,13,2,,,
24415,8410436299961,1300.0,Sonasol,"Lava tudo lavanda, 1,3l",,2.09,1.61,1300,L,€/L,https://driveimg1.intermarche.com/pt/Content/images/boitmal/produit/zoom/4C901B46EE167F7ABAA5D085E91578A1.jpg,,,,1000 Artigos,2024-10-04T23:59:59.999999999+01:00,PROSPECTUS,13,2,,,
24509,4005900342980,400.0,Nivea,Água micelar 3 em 1 peles sensíveis,Embalagem com 400 ml,4.45,11.13,400,L,€/L,https://driveimg1.intermarche.com/pt/Content/images/boitmal/produit/zoom/DF8878D7BAC36CD7CA9EC83DBC76078A.jpg,,,,,2024-09-25T23:59:59.999999999+01:00,PROSPECTUS,13,2,,,
24838,5601164903722,7500.0,Super Bock,Cerveja Mini,Pack 30 X 0.25 L,13.85,1.85,7500,L,€/L,https://driveimg1.intermarche.com/pt/Content/images/boitmal/produit/zoom/21F823289804B326F67E5D90563F901B.jpg,,,,1000 Artigos,2024-10-04T23:59:59.999999999+01:00,PROSPECTUS,13,2,,,
2518,7613033814693,400.0,Nestlé,Fruta para bebé 7 frutos +6 meses,Embalagem de 4 x 100 g,2.44,6.1,0,kg,€/Kg,https://driveimg1.intermarche.com/pt/Content/images/boitmal/produit/zoom/5C71B6B9B51E8496D30C8FC7F83397E6.jpg,,,,,2024-09-25T23:59:59.999999999+01:00,PROSPECTUS,13,2,,,
25187,8001090371980,,Evax,Pensos higiénicos liberty noite abas,Embalagem com 9 un.,2.79,2.79,0,,€/Unidade,https://driveimg1.intermarche.com/pt/Content/images/boitmal/produit/zoom/A6B2826A52D2ACC1159A56736009880F.jpg,,,,1000 Artigos,2024-10-04T23:59:59.999999999+01:00,PROSPECTUS,13,2,,,
2593,7622300366827,170.0,Triunfo,Bolachas digestivas go maçã,Embalagem de 170g,1.49,8.76,0,kg,€/Kg,https://driveimg1.intermarche.com/pt/Content/images/boitmal/produit/zoom/A6479AEBC41D0948A36A3DCA609B5140.jpg,,,,,2024-09-25T23:59:59.999999999+01:00,PROSPECTUS,13,2,,,
25931,4005808222490,200.0,Nivea Men,Espuma de Barbear Protectora,Embalagem de 200 ml,3.74,18.7,200,L,€/L,https://driveimg1.intermarche.com/pt/Content/images/boitmal/produit/zoom/DB189B8914EC01026E2510F9A670AC4F.jpg,,,,,2024-09-25T23:59:59.999999999+01:00,PROSPECTUS,13,2,,,
26341,5601012011920,750.0,Papa Figos,Vinho doc douro branco,Garrafa de 750 ml,5.89,7.85,750,L,€/L,https://driveimg1.intermarche.com/pt/Content/images/boitmal/produit/zoom/15253D5F0786CA5B0855DC3637BE99F1.jpg,,,,,2024-10-02T23:59:59.999999999+01:00,PROSPECTUS,13,2,,,
2749,8410063046532,350.0,Pescanova,Miolo de camarão 80/100,Embalagem de 350g,6.99,19.97,0,kg,€/Kg,https://driveimg1.intermarche.com/pt/Content/images/boitmal/produit/zoom/B1D2AEF816246B4D1E4F3A2363606A04.jpg,,,,1000 Artigos,2024-09-25T23:59:59.999999999+01:00,PROSPECTUS,13,2,,,
27919,3600542140058,400.0,Garnier,Condicionador Riqueza D'Argão,Embalagem de 400 ml,3.79,9.48,400,L,€/L,https://driveimg1.intermarche.com/pt/Content/images/boitmal/produit/zoom/6EEEB43D831B31372269D9B3F1BDF816.jpg,,,,,2024-09-25T23:59:59.999999999+01:00,PROSPECTUS,13,2,,,
28507,8006540618752,,Dodot,Fralda Cueca Extra T6 | +14 kg,Embalagem c/ 48 un.,13.49,13.49,0,,€/Unidade,https://driveimg1.intermarche.com/pt/Content/images/boitmal/produit/zoom/0E81716B09BE4333C336DFF322751365.jpg,,,,1000 Artigos,2024-10-04T23:59:59.999999999+01:00,PROSPECTUS,13,2,,,
28640,5054563030948,75.0,Aquafresh,Dentífrico Tripla Proteção,Embalagem de 75 ml,1.79,23.87,75,L,€/L,https://driveimg1.intermarche.com/pt/Content/images/boitmal/produit/zoom/2F0758EC50E92354A2691A9D74801B48.jpg,,,,,2024-09-25T23:59:59.999999999+01:00,PROSPECTUS,13,2,,,
29231,5010867203969,750.0,Altano,Vinho tinto doc douro,Garrafa de 0.75 l,3.99,5.32,750,L,€/L,https://driveimg1.intermarche.com/pt/Content/images/boitmal/produit/zoom/F5BDC16A3EDC0683378C0974A9413A1F.jpg,,,,,2024-10-02T23:59:59.999999999+01:00,PROSPECTUS,13,2,,,
29967,8410104888169,,Air Wick,Recarga Ambientador Automático Essential Mist Lavanda,1 un.,4.99,4.99,0,,€/Unidade,https://driveimg1.intermarche.com/pt/Content/images/boitmal/produit/zoom/C458B3BC0204195F7DC4EF7AA5C153A8.jpg,,,,,2024-09-25T23:59:59.999999999+01:00,PROSPECTUS,13,2,,,
31436,5607233508829,750.0,Panrico,Pão de forma especial torradas,Embalagem de 750g,1.79,2.39,0,kg,€/Kg,https://driveimg1.intermarche.com/pt/Content/images/boitmal/produit/zoom/163D5190B5E1BEF6E7B186160FF8F47E.jpg,,,,,2024-09-25T23:59:59.999999999+01:00,PROSPECTUS,13,2,,,
31516,8435257039107,1440.0,Nestlé,"Yoggi liquido morango,  8x160g",,3.89,2.7,0,kg,€/Kg,https://driveimg1.intermarche.com/pt/Content/images/boitmal/produit/zoom/C1FDD60617CEBA746EBEE60AECF62B13.jpg,,,,,2024-09-25T23:59:59.999999999+01:00,PROSPECTUS,13,2,,,
32158,4015400917328,480.0,Fairy,"Detergente Liquido da Loiça Limão, 480 ml",,2.54,5.29,480,L,€/L,https://driveimg1.intermarche.com/pt/Content/images/boitmal/produit/zoom/06821894A698BA7624B6C2AA9B108A8D.jpg,,,,1000 Artigos,2024-09-25T23:59:59.999999999+01:00,PROSPECTUS,13,2,,,
33563,5609060007070,200.0,Delta,Cevada solúvel,Embalagem de 200 g,2.29,11.45,0,kg,€/Kg,https://driveimg1.intermarche.com/pt/Content/images/boitmal/produit/zoom/FCB4ACE0A99B76EEACA4812C330BEF0D.jpg,,,,,2024-09-25T23:59:59.999999999+01:00,PROSPECTUS,13,2,,,
34201,5601066401029,150.0,Nacional,Bolachas com pepitas de chocolate my cookie!,Embalagem de 150 g,1.24,8.27,0,kg,€/Kg,https://driveimg1.intermarche.com/pt/Content/images/boitmal/produit/zoom/8733C55DE677087A69DC68FE9C7FC1FB.jpg,,,,,2024-09-25T23:59:59.999999999+01:00,PROSPECTUS,13,2,,,
34469,5604260282937,750.0,Selecção de Enófilos,Vinho rosé regional península de Setúbal,Garrafa de 0.75 l,1.69,2.25,750,L,€/L,https://driveimg1.intermarche.com/pt/Content/images/boitmal/produit/zoom/47CFB05F3D3C532C54D3189B0B4B0BDA.jpg,,,,,2024-10-02T23:59:59.999999999+01:00,PROSPECTUS,13,2,,,
36186,8715700017006,570.0,Heinz,Ketchup top down,570 g,3.24,5.68,0,kg,€/Kg,https://driveimg1.intermarche.com/pt/Content/images/boitmal/produit/zoom/2F0051DF72DD89785E2C6DCA29709EEB.jpg,,,,,2024-09-25T23:59:59.999999999+01:00,PROSPECTUS,13,2,,,
36374,5602154681477,750.0,Castelo de Borba,Vinho branco DOC Região do Alentejo,Garrafa de 0.75 l,2.39,3.19,750,L,€/L,https://driveimg1.intermarche.com/pt/Content/images/boitmal/produit/zoom/E5AE5DA772516EAE6CFF76A3C42BEE95.jpg,,,,,2024-10-02T23:59:59.999999999+01:00,PROSPECTUS,13,2,,,
36654,8410436343497,500.0,Sonasol,"Spray limpa vidros brilhante, 500 ml",,1.99,3.98,500,L,€/L,https://driveimg1.intermarche.com/pt/Content/images/boitmal/produit/zoom/6BD482198179BD4338A991D3B750B511.jpg,,,,1000 Artigos,2024-10-04T23:59:59.999999999+01:00,PROSPECTUS,13,2,,,
36657,5601217132673,500.0,Cillitbang,"Spray lixívia e higiene, de 500 ml",,2.49,4.98,500,L,€/L,https://driveimg1.intermarche.com/pt/Content/images/boitmal/produit/zoom/B883369E3F8FD2106485DC8F041B61F8.jpg,,,,1000 Artigos,2024-10-04T23:59:59.999999999+01:00,PROSPECTUS,13,2,,,
37046,5601217132666,500.0,Cillitbang,"Spray calcário e sujidade, garrafa de 500 ml",,2.49,4.98,500,L,€/L,https://driveimg1.intermarche.com/pt/Content/images/boitmal/produit/zoom/986A2CBBC3226B9670AD657A52B7E90F.jpg,,,,1000 Artigos,2024-10-04T23:59:59.999999999+01:00,PROSPECTUS,13,2,,,
37701,5601066401036,300.0,Nacional,Bolacha de aveia e chia,Embalagem de 300 g,1.64,5.47,0,kg,€/Kg,https://driveimg1.intermarche.com/pt/Content/images/boitmal/produit/zoom/F2CB06452A56DA05E0C970686532D62B.jpg,,,,,2024-09-25T23:59:59.999999999+01:00,PROSPECTUS,13,2,,,
405,8712566410910,280.0,Calvé,Ketchup,Embalagem de 280g,1.84,6.57,0,kg,€/Kg,https://driveimg1.intermarche.com/pt/Content/images/boitmal/produit/zoom/D7E099A6ABAECF4C5D06260734A2C975.jpg,https://driveimg1.intermarche.com/pt/Content/images/boitmal/produit/zoom/0D7B165FF00CA45BD8F6AC077E3CA1EC.jpg,https://driveimg1.intermarche.com/pt/Content/images/boitmal/produit/zoom/0D7B165FF00CA45BD8F6AC077E3CA1EC.jpg,,1000 Artigos,2024-09-25T23:59:59.999999999+01:00,PROSPECTUS,13,2,,,
40592,5603722519420,480.0,Mimosa,"Iogurte fruta batida banana, laranja e bolacha, 480g",,1.69,3.52,0,kg,€/Kg,https://driveimg1.intermarche.com/pt/Content/images/boitmal/produit/zoom/1D09572C6AE538ADBF2B5D0B579F400D.jpg,,,,,2024-09-25T23:59:59.999999999+01:00,PROSPECTUS,13,2,,,
40762,2708171000000,500.0,PorSi,Peito peito de peru Programa Origens,Vendido ao peso,4.5,8.99,0,,€/Kg,https://driveimg1.intermarche.com/pt/Content/images/boitmal/produit/zoom/0A62C4A780EB4CF2F225FCE0EFDC4EA0.jpg,,,,,2024-09-25T23:59:59.999999999+01:00,PROSPECTUS,13,2,,,
40764,2702160000000,500.0,PorSi,Bife da perna de peru Programa Origens,Vendido ao peso,3.19,6.38,0,,€/Kg,https://driveimg1.intermarche.com/pt/Content/images/boitmal/produit/zoom/63F23D09B7BF2629EA121A51AF281B40.jpg,,,,,2024-09-25T23:59:59.999999999+01:00,PROSPECTUS,13,2,,,
41080,8718951338333,1250.0,Ajax,"Detergente líquido lava tudo festa das flores montanha, embalagem de 1.25L",,2.24,1.79,1250,L,€/L,https://driveimg1.intermarche.com/pt/Content/images/boitmal/produit/zoom/9994C597530D04195747B334AB219D70.jpg,,,,1000 Artigos,2024-10-04T23:59:59.999999999+01:00,PROSPECTUS,13,2,,,
41226,5601050036572,440.0,Danone,"Oikos morango, 4 x 110g",,1.99,4.52,0,kg,€/Kg,https://driveimg1.intermarche.com/pt/Content/images/boitmal/produit/zoom/8E4736FC7A27F857CF545D0499041B59.jpg,,,,1000 Artigos,2024-10-04T23:59:59.999999999+01:00,PROSPECTUS,13,2,,,
41581,5601050036619,440.0,Danone,"Iogurte grego maçã e canela,  4 x 110 g",,1.99,4.52,0,kg,€/Kg,https://driveimg1.intermarche.com/pt/Content/images/boitmal/produit/zoom/476B8D143F5CFE4C62609050F3DFBF48.jpg,,,,1000 Artigos,2024-10-04T23:59:59.999999999+01:00,PROSPECTUS,13,2,,,
41718,5604260303823,90.0,PorSi,Saqueta de puré de fruta | maçã + manga + pêssego,90 g,0.74,8.22,0,kg,€/Kg,https://driveimg1.intermarche.com/pt/Content/images/boitmal/produit/zoom/002C0AF35BCBB9E50AC34B89735CDC2C.jpg,,,,1000 Artigos,2024-10-04T23:59:59.999999999+01:00,PROSPECTUS,13,2,,,
41720,5604260303786,90.0,PorSi,Saqueta de puré de fruta | maçã + banana + morango,90 g,0.74,8.22,0,kg,€/Kg,https://driveimg1.intermarche.com/pt/Content/images/boitmal/produit/zoom/D8CF0CCEDABFBBF47BBC90A180FDA1C7.jpg,,,,1000 Artigos,2024-10-04T23:59:59.999999999+01:00,PROSPECTUS,13,2,,,
41895,5000116125784,220.0,Capitão Iglo,12 nuggets frango polme americano,Embalagem de 220g,2.99,13.59,0,kg,€/Kg,https://driveimg1.intermarche.com/pt/Content/images/boitmal/produit/zoom/4A36D918CE859C1F06A618542B06F111.jpg,,,,Tipo de stockagem,2024-09-25T23:59:59.999999999+01:00,PROSPECTUS,13,2,,,
41979,5601050036244,160.0,Danone,"Yopro manteiga amendoim banana,  160g",,0.98,6.13,0,kg,€/Kg,https://driveimg1.intermarche.com/pt/Content/images/boitmal/produit/zoom/76F611345D72D89BD286B28BEC6CF628.jpg,,,,1000 Artigos,2024-09-25T23:59:59.999999999+01:00,PROSPECTUS,13,2,,,
42154,5604260304707,340.0,PorSi,Fiambre da perna extra,Pack Poupança de 2 x 170 g,3.31,9.74,0,kg,€/Kg,https://driveimg1.intermarche.com/pt/Content/images/boitmal/produit/zoom/522CF7C8AF248AB65F1CD031BC66A250.jpg,,,,1000 Artigos,2024-10-04T23:59:59.999999999+01:00,PROSPECTUS,13,3,,,
42244,5604260308828,4000.0,PorSi,Ração seca para cão adulto atividade normal,Embalagem de 4 kg,4.99,1.25,0,kg,€/Kg,https://driveimg1.intermarche.com/pt/Content/images/boitmal/produit/zoom/7FCF75062802A5E94BD43D0BD28C29A4.jpg,,,,1000 Artigos,2024-10-04T23:59:59.999999999+01:00,PROSPECTUS,13,3,,,
42519,8001841677231,,Dodot,Fralda cueca T6 | +15 kg,Embalagem com 27 unidades,7.98,7.98,0,,€/Unidade,https://driveimg1.intermarche.com/pt/Content/images/boitmal/produit/zoom/14DC2145C7F0EE74A22026D2FA4B4D06.jpg,,,,1000 Artigos,2024-10-04T23:59:59.999999999+01:00,PROSPECTUS,13,3,,,
43009,5604260307180,300.0,PorSi,Comida húmida para cão de borrego,Embalagem de 300 g,0.75,2.5,0,kg,€/Kg,https://driveimg1.intermarche.com/pt/Content/images/boitmal/produit/zoom/8873D77963E4D34906CA2FC5E881C248.jpg,https://driveimg1.intermarche.com/pt/Content/images/boitmal/produit/zoom/2B27BF4714216FFB4E9E5882412593BE.jpg,https://driveimg1.intermarche.com/pt/Content/images/boitmal/produit/zoom/2B27BF4714216FFB4E9E5882412593BE.jpg,https://driveimg1.intermarche.com/pt/Content/images/boitmal/produit/zoom/2B27BF4714216FFB4E9E5882412593BE.jpg,1000 Artigos,2024-10-04T23:59:59.999999999+01:00,PROSPECTUS,13,3,,https://driveimg1.intermarche.com/pt/Content/images/boitmal/produit/zoom/2B27BF4714216FFB4E9E5882412593BE.jpg,https://driveimg1.intermarche.com/pt/Content/images/boitmal/produit/zoom/2B27BF4714216FFB4E9E5882412593BE.jpg
43011,5604260307210,300.0,PorSi,Comida húmida para cão de peru,Embalagem de 300 g,0.75,2.5,0,kg,€/Kg,https://driveimg1.intermarche.com/pt/Content/images/boitmal/produit/zoom/0A4DC002663775585CA403A7A4E290B2.jpg,https://driveimg1.intermarche.com/pt/Content/images/boitmal/produit/zoom/A5C82BE522F15BBA14EEE2D9C8DA8265.jpg,https://driveimg1.intermarche.com/pt/Content/images/boitmal/produit/zoom/A5C82BE522F15BBA14EEE2D9C8DA8265.jpg,https://driveimg1.intermarche.com/pt/Content/images/boitmal/produit/zoom/A5C82BE522F15BBA14EEE2D9C8DA8265.jpg,1000 Artigos,2024-10-04T23:59:59.999999999+01:00,PROSPECTUS,13,3,,https://driveimg1.intermarche.com/pt/Content/images/boitmal/produit/zoom/A5C82BE522F15BBA14EEE2D9C8DA8265.jpg,https://driveimg1.intermarche.com/pt/Content/images/boitmal/produit/zoom/A5C82BE522F15BBA14EEE2D9C8DA8265.jpg
43012,5604260307197,300.0,PorSi,Comida húmida para cão de frango,Embalagem de 300 g,0.75,2.5,0,kg,€/Kg,https://driveimg1.intermarche.com/pt/Content/images/boitmal/produit/zoom/E18D56D7EBECE5FA4FFC211D3EDBE796.jpg,https://driveimg1.intermarche.com/pt/Content/images/boitmal/produit/zoom/3FD0F0D9955E6135023C13E6B1D173A7.jpg,https://driveimg1.intermarche.com/pt/Content/images/boitmal/produit/zoom/3FD0F0D9955E6135023C13E6B1D173A7.jpg,https://driveimg1.intermarche.com/pt/Content/images/boitmal/produit/zoom/3FD0F0D9955E6135023C13E6B1D173A7.jpg,1000 Artigos,2024-10-04T23:59:59.999999999+01:00,PROSPECTUS,13,3,,https://driveimg1.intermarche.com/pt/Content/images/boitmal/produit/zoom/3FD0F0D9955E6135023C13E6B1D173A7.jpg,https://driveimg1.intermarche.com/pt/Content/images/boitmal/produit/zoom/3FD0F0D9955E6135023C13E6B1D173A7.jpg
4315,3600540542861,400.0,Garnier,Champô de abacate & karité,Embalagem de 400 ml,3.79,9.48,400,L,€/L,https://driveimg1.intermarche.com/pt/Content/images/boitmal/produit/zoom/E826DE4F268362A3E1B1E27463FF1F1A.jpg,,,,1000 Artigos,2024-09-25T23:59:59.999999999+01:00,PROSPECTUS,13,3,,,
43214,5603722519796,400.0,Castelões,Queijo curado fatias,Embalagem de 2 x 200 g,3.89,9.73,0,kg,€/Kg,https://driveimg1.intermarche.com/pt/Content/images/boitmal/produit/zoom/A8A0B279D13E0119B09B287F876CCAA6.jpg,,,,,2024-10-02T23:59:59.999999999+01:00,PROSPECTUS,13,3,,,
43768,7613287121783,187.0,Smarties,"Smarties mini chocolate, 187g",,3.38,18.07,0,kg,€/Kg,https://driveimg1.intermarche.com/pt/Content/images/boitmal/produit/zoom/7A552A060795A355D30AAAB4BC193B70.jpg,https://driveimg1.intermarche.com/pt/Content/images/boitmal/produit/zoom/E8FEE980732B87942B93ED2D1ABFFA78.jpg,https://driveimg1.intermarche.com/pt/Content/images/boitmal/produit/zoom/E8FEE980732B87942B93ED2D1ABFFA78.jpg,,,2024-09-25T23:59:59.999999999+01:00,PROSPECTUS,13,3,,,
438,8722700140139,20.0,Lipton,20 saquetas infusão de cidreira,Embalagem de 20g,1.49,74.5,0,kg,€/Kg,https://driveimg1.intermarche.com/pt/Content/images/boitmal/produit/zoom/5BD4BD05824B7246D1659F44FE1CD00E.jpg,,,,,2024-09-25T23:59:59.999999999+01:00,PROSPECTUS,13,3,,,
44234,8710522854815,257.0,Calvé,Mostarda,Embalagem de 257g,1.68,6.54,0,kg,€/Kg,https://driveimg1.intermarche.com/pt/Content/images/boitmal/produit/zoom/7979D994594677C477DA08ADD5A2E9CB.jpg,,,,,2024-09-25T23:59:59.999999999+01:00,PROSPECTUS,13,3,,,
44295,5601163080714,330.0,Luso,Água sem gás,Garrafa de 330 ml,0.36,1.09,330,L,€/L,https://driveimg1.intermarche.com/pt/Content/images/boitmal/produit/zoom/865D4F4CD716A95207D448BD50494F90.jpg,,,,,2024-09-25T23:59:59.999999999+01:00,PROSPECTUS,13,3,,,
44701,5053990156009,175.0,Pringles,Pringles original,Embalagem de 175g,2.39,13.66,0,kg,€/Kg,https://driveimg1.intermarche.com/pt/Content/images/boitmal/produit/zoom/A4350F1969E3C38471802CC20C7A43A5.jpg,https://driveimg1.intermarche.com/pt/Content/images/boitmal/produit/zoom/843E1395B62C4B40E91467CF90852642.jpg,https://driveimg1.intermarche.com/pt/Content/images/boitmal/produit/zoom/843E1395B62C4B40E91467CF90852642.jpg,https://driveimg1.intermarche.com/pt/Content/images/boitmal/produit/zoom/843E1395B62C4B40E91467CF90852642.jpg,,2024-09-25T23:59:59.999999999+01:00,PROSPECTUS,13,3,,,
44704,5053990155941,175.0,Pringles,Pringles hot & spicy,Embalagem de 175g,2.39,13.66,0,kg,€/Kg,https://driveimg1.intermarche.com/pt/Content/images/boitmal/produit/zoom/4E274A9B899E3F171EF5DBCC6BAFC4CB.jpg,https://driveimg1.intermarche.com/pt/Content/images/boitmal/produit/zoom/6928ADB37A9D879D8A1130CADC9B4CD3.jpg,https://driveimg1.intermarche.com/pt/Content/images/boitmal/produit/zoom/6928ADB37A9D879D8A1130CADC9B4CD3.jpg,,,2024-09-25T23:59:59.999999999+01:00,PROSPECTUS,13,3,,,
44797,5601151971444,1000.0,Pepsi,Pepsi max lima,Garrafa de 1 l,0.99,0.99,1000,L,€/L,https://driveimg1.intermarche.com/pt/Content/images/boitmal/produit/zoom/657B12F1DF1E65D0997328121D02B203.jpg,,,,1000 Artigos,2024-10-04T23:59:59.999999999+01:00,PROSPECTUS,13,3,,,
44903,5601066200325,1000.0,Nacional,"Farinha Preparada Pão Caseiro, 1kg",,1.94,1.94,0,kg,€/Kg,https://driveimg1.intermarche.com/pt/Content/images/boitmal/produit/zoom/08ECB9AB87C55875910F49FD10DE3510.jpg,,,,,2024-09-25T23:59:59.999999999+01:00,PROSPECTUS,13,3,,,
45431,5601050036893,300.0,Danone,"Yopro líquido manga,  300g",,1.99,6.63,0,kg,€/Kg,https://driveimg1.intermarche.com/pt/Content/images/boitmal/produit/zoom/8583A6614D9FCD023E372D07BF1E7B47.jpg,,,,,2024-09-25T23:59:59.999999999+01:00,PROSPECTUS,13,3,,,
45432,5601050036916,300.0,Danone,"Yopro líquido coco,  300g",,1.99,6.63,0,kg,€/Kg,https://driveimg1.intermarche.com/pt/Content/images/boitmal/produit/zoom/174E800B7C6E0E18623E381803A8EDD9.jpg,,,,,2024-09-25T23:59:59.999999999+01:00,PROSPECTUS,13,3,,,
45773,5054563087829,75.0,Aquafresh,"Pasta dentífrica eucalipto, lima e menta",Embalagem de 75ml,1.85,24.67,75,L,€/L,https://driveimg1.intermarche.com/pt/Content/images/boitmal/produit/zoom/9BD714E3A534CEE4C22E5ACF847E84CE.jpg,,,,,2024-09-25T23:59:59.999999999+01:00,PROSPECTUS,13,3,,,
45774,5054563107800,75.0,Aquafresh,"Pasta dentífrica toranja, limão e menta",Embalagem de 75ml,1.85,24.67,75,L,€/L,https://driveimg1.intermarche.com/pt/Content/images/boitmal/produit/zoom/14337ACDA5395CC2FA0C709CC7D82E7C.jpg,,,,,2024-09-25T23:59:59.999999999+01:00,PROSPECTUS,13,3,,,
45883,8718951315365,75.0,Colgate,Dentifrico max white  cristais brancos,Embalagem 75 ml,1.99,26.53,75,L,€/L,https://driveimg1.intermarche.com/pt/Content/images/boitmal/produit/zoom/4E172F27888BCC4326288509CC9468FE.jpg,,,,,2024-09-25T23:59:59.999999999+01:00,PROSPECTUS,13,3,,,
46499,7613287399045,,Nescafé,Café em cápsulas Dolce Gusto Intenso,64 cápsulas,17.49,17.49,0,,€/Unidade,https://driveimg1.intermarche.com/pt/Content/images/boitmal/produit/zoom/29C93A54BC4D58288DD5756662274BB2.jpg,,,,,2024-09-25T23:59:59.999999999+01:00,PROSPECTUS,13,3,,,
46509,8001841811963,75.0,Oral B,Dentífrico Pro-Expert Proteção Profissional,Embalagem de 75 ml,2.99,39.87,75,L,€/L,https://driveimg1.intermarche.com/pt/Content/images/boitmal/produit/zoom/E636154D7C9B191D1E1EEEB8C6AE6960.jpg,,,,1000 Artigos,2024-10-04T23:59:59.999999999+01:00,PROSPECTUS,13,3,,,
46670,5601050037227,620.0,Danone,"Iogurte Líquido Activia Aveia & Linhaça, 4x155g",,1.99,3.21,0,kg,€/Kg,https://driveimg1.intermarche.com/pt/Content/images/boitmal/produit/zoom/7E7C727863D557E926C1A28A0D20E72E.jpg,,,,1000 Artigos,2024-09-25T23:59:59.999999999+01:00,PROSPECTUS,13,3,,,
46768,5601082046068,55.0,Delta Q,Café Qalidus XXL,Embalagem com 60 cápsulas,20.99,381.64,0,kg,€/Kg,https://driveimg1.intermarche.com/pt/Content/images/boitmal/produit/zoom/2FDABFD124B07CB91B7546AA7A8E4A79.jpg,,,,1000 Artigos,2024-10-04T23:59:59.999999999+01:00,PROSPECTUS,13,3,,,
46781,8001841934877,,Swiffer,"Espanador limpa pó, 1 cabo + 5 recargas",,3.59,3.59,0,,€/Unidade,https://driveimg1.intermarche.com/pt/Content/images/boitmal/produit/zoom/06C2A99A58815069DC93220EC051CD5C.jpg,,,,,2024-09-25T23:59:59.999999999+01:00,PROSPECTUS,13,3,,,
4687,5000116105212,375.0,Iglo,Ervilhas,Embalagem de 375 g,1.69,4.51,0,kg,€/Kg,https://driveimg1.intermarche.com/pt/Content/images/boitmal/produit/zoom/AB2CFAA543F3CFC918196092BD0A768E.jpg,,,,Tipo de stockagem,2024-09-25T23:59:59.999999999+01:00,PROSPECTUS,13,3,,,
48678,8000300339413,100.0,Crunch,Chocolate de Leite com Bolacha,Embalagem de 100g,1.99,19.9,0,kg,€/Kg,https://driveimg1.intermarche.com/pt/Content/images/boitmal/produit/zoom/E91214FA36AB3689AEFB2DC3B72715BC.jpg,,,,,2024-09-25T23:59:59.999999999+01:00,PROSPECTUS,13,3,,,
49341,5601164905634,1200.0,Somersby,"Sidra mini pera 0.0%, pack 6 x 20 cl",,4.49,3.74,1200,L,€/L,https://driveimg1.intermarche.com/pt/Content/images/boitmal/produit/zoom/1B2A93792473D1D5FE451D43D51361FE.jpg,,,,,2024-09-25T23:59:59.999999999+01:00,PROSPECTUS,13,3,,,
49359,5601146700066,6000.0,Sagres,Cerveja Mini,pack 24 x 0.25 l,11.49,1.92,6000,L,€/L,https://driveimg1.intermarche.com/pt/Content/images/boitmal/produit/zoom/6C2425FE0470CC14A198CD6F86FC4300.jpg,https://driveimg1.intermarche.com/pt/Content/images/boitmal/produit/zoom/B2E3D57423A20C8E7B4C1173F1457C2E.jpg,,,1000 Artigos,2024-10-04T23:59:59.999999999+01:00,PROSPECTUS,13,3,,,
49475,5601146570027,3750.0,Sagres,Cerveja Mini,pack 15 x 25 cl,7.49,2.0,3750,L,€/L,https://driveimg1.intermarche.com/pt/Content/images/boitmal/produit/zoom/2A9CDD69C05CD0571DDBA8FAB1D27E24.jpg,,,,1000 Artigos,2024-10-04T23:59:59.999999999+01:00,PROSPECTUS,13,3,,,
50389,8445290351401,,Nescafé,Cápsulas Café Sical Extra Creme Int. 7,Embalagem de 30 unidades,8.99,8.99,30,,€/Unidade,https://driveimg1.intermarche.com/pt/Content/images/boitmal/produit/zoom/D965C0B28E0B826E88C1C747AF626B8F.jpg,,,,1000 Artigos,2024-10-04T23:59:59.999999999+01:00,PROSPECTUS,13,3,,,
50456,5603722520877,1000.0,Mimosa,"Leite Uht Magro sem Lactose com Fibra e Coco, 1 l",,1.24,1.24,1000,L,€/L,https://driveimg1.intermarche.com/pt/Content/images/boitmal/produit/zoom/B822078CC1665E881AB9EE8EE0E4B0E6.jpg,,,,1000 Artigos,2024-10-04T23:59:59.999999999+01:00,PROSPECTUS,13,3,,,
51047,8410436430364,,Persil,Detergente máquina roupa 4 em 1 lavanda,40 cápsulas,9.99,9.99,0,,€/Unidade,https://driveimg1.intermarche.com/pt/Content/images/boitmal/produit/zoom/A5FA7D78F48BA80F07906761E5B479A5.jpg,,,,1000 Artigos,2024-10-04T23:59:59.999999999+01:00,PROSPECTUS,13,3,,,
51177,8410436440455,,Persil,Detergente máquina roupa sabão azul e branco,76 doses,9.99,9.99,0,,€/Unidade,https://driveimg1.intermarche.com/pt/Content/images/boitmal/produit/zoom/405B529427643132DC974A0DC45DDCCF.jpg,,,,1000 Artigos,2024-10-04T23:59:59.999999999+01:00,PROSPECTUS,13,3,,,
51240,5604260327140,300.0,PorSi Select,Supremas de Pescada sem Espinhas,300 g,4.99,16.63,0,kg,€/Kg,https://driveimg1.intermarche.com/pt/Content/images/boitmal/produit/zoom/B77309E37CF7DFF1E796365D78EB6DA9.jpg,,,,,2024-09-25T23:59:59.999999999+01:00,PROSPECTUS,13,3,,,
51428,8410436441490,,Vernel,Amaciador Concentrado Fragrância Fascinante,70 doses,3.49,3.49,0,,€/Unidade,https://driveimg1.intermarche.com/pt/Content/images/boitmal/produit/zoom/1E2A99C4C03491111A29104F2EBEAA9A.jpg,,,,1000 Artigos,2024-10-04T23:59:59.999999999+01:00,PROSPECTUS,13,3,,,
51430,8410436442053,,Vernel,Amaciador Concentrado Água Coco e Minerais,70 doses,3.49,3.49,0,,€/Unidade,https://driveimg1.intermarche.com/pt/Content/images/boitmal/produit/zoom/179245E7FC668DE2AC2EE670CF2D99F0.jpg,,,,1000 Artigos,2024-10-04T23:59:59.999999999+01:00,PROSPECTUS,13,3,,,
5145,5601096328303,750.0,Casal Garcia,Vinho verde rosé,Garrafa de 0.75 l,3.29,4.39,750,L,€/L,https://driveimg1.intermarche.com/pt/Content/images/boitmal/produit/zoom/20A894B5576B761A4D61341AC01C602C.jpg,,,,,2024-10-02T23:59:59.999999999+01:00,PROSPECTUS,13,3,,,
5158,5601109211127,750.0,Porca de Murça,Vinho tinto douro,Garrafa de 750 ml,3.69,4.92,750,L,€/L,https://driveimg1.intermarche.com/pt/Content/images/boitmal/produit/zoom/30B67AC8E69DE198F7491E5F5BEA03A8.jpg,,,,,2024-10-02T23:59:59.999999999+01:00,PROSPECTUS,13,3,,,
51849,5600363850424,148.0,Alsa,Alsa mousse chocolate preto,Embalagem de 148g,1.94,13.11,0,kg,€/Kg,https://driveimg1.intermarche.com/pt/Content/images/boitmal/produit/zoom/194616FE6E58EFB2DF0B313F7AF0B05F.jpg,,,,,2024-09-25T23:59:59.999999999+01:00,PROSPECTUS,13,3,,,
51896,8719200253377,400.0,Planta,"Creme Vegetal para Barrar Original, 400g",,2.49,6.23,0,kg,€/Kg,https://driveimg1.intermarche.com/pt/Content/images/boitmal/produit/zoom/7E3E893F11A83F74C9C78D45FF4B6FD0.jpg,,,,1000 Artigos,2024-09-25T23:59:59.999999999+01:00,PROSPECTUS,13,3,,,
51925,8711327587632,2000.0,Lipton,Ice Tea Manga Zero Açúcar,Garrafa de 2 l,3.19,1.6,2000,L,€/L,https://driveimg1.intermarche.com/pt/Content/images/boitmal/produit/zoom/260EAD2F7E1F4D737985C732EC963755.jpg,,,,,2024-09-25T23:59:59.999999999+01:00,PROSPECTUS,13,3,,,
52054,7622201735111,360.0,Royal,"Gelatina Pronta Morango,  360g",,1.49,4.14,0,kg,€/Kg,https://driveimg1.intermarche.com/pt/Content/images/boitmal/produit/zoom/8979195E50E0562805183F99A49CEE3B.jpg,,,,,2024-09-25T23:59:59.999999999+01:00,PROSPECTUS,13,3,,,
52221,8720181370427,,Surf,Detergente Máquina de Roupa Coco,45 cápsulas,8.99,8.99,0,,€/Unidade,https://driveimg1.intermarche.com/pt/Content/images/boitmal/produit/zoom/B89060F66F34B8E1C79FE5068E94C801.jpg,,,,1000 Artigos,2024-10-04T23:59:59.999999999+01:00,PROSPECTUS,13,3,,,
52337,8720181392955,,Comfort,Amaciador Roupa Concentrado Creations Flor de Lótus e Lima,76 Doses,3.99,3.99,0,,€/Unidade,https://driveimg1.intermarche.com/pt/Content/images/boitmal/produit/zoom/18DD584DA1A39A596C301D171EB7721A.jpg,,,,1000 Artigos,2024-10-04T23:59:59.999999999+01:00,PROSPECTUS,13,3,,,
52759,5604260329618,200.0,PorSi Viva Bem,"Iogurte Proteico Ginja Sem Lactose,  200g",,0.98,4.9,0,kg,€/Kg,https://driveimg1.intermarche.com/pt/Content/images/boitmal/produit/zoom/648E07F12835F0B056FE04BD0061A4C2.jpg,,,,1000 Artigos,2024-10-04T23:59:59.999999999+01:00,PROSPECTUS,13,3,,,
52849,4023103241367,,Vileda,Mopa Flip Mop de Microfibras,,15.99,15.99,1,,€/Unidade,https://driveimg1.intermarche.com/pt/Content/images/boitmal/produit/zoom/3DD34D8DAB9E9A02C2A4D6FC25DDBC6E.jpg,,,,,2024-09-25T23:59:59.999999999+01:00,PROSPECTUS,13,3,,,
52893,8720182632258,3780.0,Surf,"Detergente Líquido Máquina de Roupa Tropical, 84 Doses",,9.99,2.64,3780,L,€/L,https://driveimg1.intermarche.com/pt/Content/images/boitmal/produit/zoom/CAA92D4FBECE6F1387F408E79BA0989D.jpg,,,,1000 Artigos,2024-10-04T23:59:59.999999999+01:00,PROSPECTUS,13,3,,,
52938,5601217137746,,Finish,"Detergente Loiça Máquina Power Regular, 60 unidades",,11.99,11.99,60,,€/Unidade,https://driveimg1.intermarche.com/pt/Content/images/boitmal/produit/zoom/E450243CCF850E82EF5ADC69AB281BA1.jpg,,,,1000 Artigos,2024-10-04T23:59:59.999999999+01:00,PROSPECTUS,13,3,,,
53551,8001480721326,,Neoblanc,"Lixívia Gentil, 18 Pastilhas",,3.24,3.24,18,,€/Unidade,https://driveimg1.intermarche.com/pt/Content/images/boitmal/produit/zoom/0BFE05490B3825CE2EB9049B98631E70.jpg,,,,,2024-09-25T23:59:59.999999999+01:00,PROSPECTUS,13,3,,,
53667,5054563109705,75.0,Sensodyne,Pasta de Dentes Multiprotection Branqueadora,Embalagem de 75ml,3.94,52.53,75,L,€/L,https://driveimg1.intermarche.com/pt/Content/images/boitmal/produit/zoom/4ECD05DE4F9A66A4E1002721FFFE0E09.jpg,https://driveimg1.intermarche.com/pt/Content/images/boitmal/produit/zoom/79C3CD129F06F9A8E203F1CDCCF40417.jpg,https://driveimg1.intermarche.com/pt/Content/images/boitmal/produit/zoom/79C3CD129F06F9A8E203F1CDCCF40417.jpg,https://driveimg1.intermarche.com/pt/Content/images/boitmal/produit/zoom/79C3CD129F06F9A8E203F1CDCCF40417.jpg,,2024-09-25T23:59:59.999999999+01:00,PROSPECTUS,13,3,,,
53800,8410436435574,2250.0,Xtra,Detergente Máquina Roupa Líquido Gel Total Color,Embalagem de 50 Doses,7.99,3.55,2250,L,€/L,https://driveimg1.intermarche.com/pt/Content/images/boitmal/produit/zoom/4E596594043A409630F2B3B70BA9B24B.jpg,,,,1000 Artigos,2024-10-04T23:59:59.999999999+01:00,PROSPECTUS,13,3,,,
54346,8435495843733,,Gama,"Detergente Roupa Máquina Líquido Cuidado Diário, 80D",,5.99,5.99,0,,€/Unidade,https://driveimg1.intermarche.com/pt/Content/images/boitmal/produit/zoom/89F3701956C1BC588CE89678ABB30513.jpg,,,,1000 Artigos,2024-10-04T23:59:59.999999999+01:00,PROSPECTUS,13,3,,,
54606,8720181466359,720.0,Dove,"Gel de Banho Hydrate, 720ml",,7.99,11.1,720,L,€/L,https://driveimg1.intermarche.com/pt/Content/images/boitmal/produit/zoom/51582424E5EFBC10A0EF315ACF547FD2.jpg,,,,,2024-09-25T23:59:59.999999999+01:00,PROSPECTUS,13,3,,,
5521,5601692071214,1000.0,Bom sucesso,"Arroz agulha, 1kg",Embalagem de 1 kg,1.29,1.29,0,kg,€/Kg,https://driveimg1.intermarche.com/pt/Content/images/boitmal/produit/zoom/67549B74E1964578541F2476DCA87536.jpg,,,,,2024-09-25T23:59:59.999999999+01:00,PROSPECTUS,13,3,,,
5788,5604260033447,200.0,PorSi,Chouriço corrente,Embalagem de 200 g,1.35,6.75,0,kg,€/Kg,https://driveimg1.intermarche.com/pt/Content/images/boitmal/produit/zoom/6D1F24C972CEA3CB10523A1E14CFE37E.jpg,,,,1000 Artigos,2024-10-04T23:59:59.999999999+01:00,PROSPECTUS,13,3,,,
5844,5604260129010,500.0,PorSi,"Detergente manual de loiça, ultra limão",Embalagem de 500 ml,1.29,2.58,500,L,€/L,https://driveimg1.intermarche.com/pt/Content/images/boitmal/produit/zoom/F5812DB73A356DF41E76F00AC1B3D632.jpg,,,,1000 Artigos,2024-10-04T23:59:59.999999999+01:00,PROSPECTUS,13,3,,,
5880,5604260193929,750.0,Selecção de Enófilos,"Vinho Dão, Reserva, Tinto","Garrafa de 0,75 l",2.49,3.32,750,L,€/L,https://driveimg1.intermarche.com/pt/Content/images/boitmal/produit/zoom/592D24F0CDCACDED36597CCCB747FDAD.jpg,,,,,2024-10-02T23:59:59.999999999+01:00,PROSPECTUS,13,3,,,
5940,5604260264575,1500.0,Selecção de Enófilos,"Vinho DOC Dão, Tinto","Garrafa de 1,5 L",5.39,3.59,1500,L,€/L,https://driveimg1.intermarche.com/pt/Content/images/boitmal/produit/zoom/A3436F9A46CDD6A25239609D1E64F74D.jpg,,,,,2024-10-02T23:59:59.999999999+01:00,PROSPECTUS,13,3,,,
5985,5604422145209,1000.0,Macieira,Brandy,Garrafa de 1 l,15.39,15.39,1000,L,€/L,https://driveimg1.intermarche.com/pt/Content/images/boitmal/produit/zoom/B32E3266FD6067B7F44159A4FC61A7F0.jpg,,,,,2024-09-25T23:59:59.999999999+01:00,PROSPECTUS,13,3,,,
6054,5608516251050,280.0,Quinta de Jugais,Doce de morango,Embalagem de 280g,2.39,8.54,0,kg,€/Kg,https://driveimg1.intermarche.com/pt/Content/images/boitmal/produit/zoom/D590447713E09F1E066B2DF07C403940.jpg,,,,,2024-10-02T23:59:59.999999999+01:00,PROSPECTUS,13,3,,,
6059,5608527000524,750.0,Dom Campos,Vinho branco reg. p.set. 0.75l,Garrafa 0.75L,1.99,2.65,750,L,€/L,https://driveimg1.intermarche.com/pt/Content/images/boitmal/produit/zoom/269BFA4392BD54B081D87E8DA7644186.jpg,,,,,2024-10-02T23:59:59.999999999+01:00,PROSPECTUS,13,3,,,
7293,3141360050001,750.0,Calgon,"Anti-calcário para máquina de roupa, em gel",Garrafa de 750 ml,6.99,9.32,750,L,€/L,https://driveimg1.intermarche.com/pt/Content/images/boitmal/produit/zoom/CBAA20E2D0B47492F063F2C7CE6B7F2D.jpg,,,,1000 Artigos,2024-10-04T23:59:59.999999999+01:00,PROSPECTUS,13,3,,,
8228,5600224301409,750.0,Duorum,Vinho tinto doc douro,Garrafa de 750 ml,3.79,5.05,750,L,€/L,https://driveimg1.intermarche.com/pt/Content/images/boitmal/produit/zoom/E44C74C4389AB08DA4FEFF480F94485E.jpg,,,,,2024-10-02T23:59:59.999999999+01:00,PROSPECTUS,13,3,,,
8287,5601012002706,750.0,Papa Figos,Vinho doc douro tinto,Garrafa de 0.75 l,5.89,7.85,750,L,€/L,https://driveimg1.intermarche.com/pt/Content/images/boitmal/produit/zoom/D0A86CC2A81559BD7DA65966F6D69F4E.jpg,,,,1000 Artigos,2024-10-02T23:59:59.999999999+01:00,PROSPECTUS,13,3,,,
8400,5601050033779,620.0,Danone,"Iogurte activia líquido cereais,  4 x 155 g",,1.99,3.21,0,kg,€/Kg,https://driveimg1.intermarche.com/pt/Content/images/boitmal/produit/zoom/3AC3707CF655B8CC61D2C80E4828D7C8.jpg,,,,1000 Artigos,2024-09-25T23:59:59.999999999+01:00,PROSPECTUS,13,3,,,
8415,8410500007836,600.0,Actimel Danone,"Actimel tutti-frutti,  6 x 100g",,2.89,4.82,0,kg,€/Kg,https://driveimg1.intermarche.com/pt/Content/images/boitmal/produit/zoom/DB1D3FA2CAFD2F870E694DAF87E93AD5.jpg,,,,,2024-09-25T23:59:59.999999999+01:00,PROSPECTUS,13,3,,,
8500,5601109211110,750.0,Porca de Murça,Vinho branco douro,Garrafa de 750 ml,3.69,4.92,750,L,€/L,https://driveimg1.intermarche.com/pt/Content/images/boitmal/produit/zoom/357A202AB590CC4A88C02B2D14AFB3ED.jpg,,,,,2024-10-02T23:59:59.999999999+01:00,PROSPECTUS,13,3,,,
8657,5601163081711,1980.0,Luso,Água s/ gás,pack 6 x 0.33 l,2.35,1.19,1980,L,€/L,https://driveimg1.intermarche.com/pt/Content/images/boitmal/produit/zoom/BDA4A39891F935792B52BE1088E63C0F.jpg,,,,,2024-09-25T23:59:59.999999999+01:00,PROSPECTUS,13,3,,,
8672,5601164902589,5000.0,Super Bock,Cerveja Mini,Pack 20 x 25 cl,9.99,2.0,5000,L,€/L,https://driveimg1.intermarche.com/pt/Content/images/boitmal/produit/zoom/FD142F0CD2C15C33B72ED63E577444D5.jpg,,,,1000 Artigos,2024-10-04T23:59:59.999999999+01:00,PROSPECTUS,13,3,,,
8794,5601237233220,750.0,JP,Vinho regional península de setúbal branco,Garrafa de 0.75 l,2.24,2.99,750,L,€/L,https://driveimg1.intermarche.com/pt/Content/images/boitmal/produit/zoom/056F6DB9A532825718031B0227D04223.jpg,,,,,2024-10-02T23:59:59.999999999+01:00,PROSPECTUS,13,3,,,
8933,5601377339080,750.0,Monsaraz,Vinho Tinto DOC Alentejo,"Garrafa de 0,75 l",2.89,3.85,750,L,€/L,https://driveimg1.intermarche.com/pt/Content/images/boitmal/produit/zoom/91D66AE5F752617A4B7436C49147FA1C.jpg,,,,1000 Artigos,2024-10-02T23:59:59.999999999+01:00,PROSPECTUS,13,3,,,
939,5601001315107,200.0,Nestlé,Mistura solúvel tofina despertar,Embalagem de 200g,2.84,14.2,0,kg,€/Kg,https://driveimg1.intermarche.com/pt/Content/images/boitmal/produit/zoom/5CE6D55625AEDC805A15D1C134965D0D.jpg,,,,1000 Artigos,2024-10-04T23:59:59.999999999+01:00,PROSPECTUS,13,3,,,
951,5601010131217,120.0,Ramirez,Atum posta em óleo,Embalagem de 120g,1.16,9.67,0,kg,€/Kg,https://driveimg1.intermarche.com/pt/Content/images/boitmal/produit/zoom/5BE3B05F210FF0425C989109F8B84C66.jpg,,,,,2024-09-25T23:59:59.999999999+01:00,PROSPECTUS,13,3,,,
9560,5604260246663,750.0,Selecção de Enófilos,Vinho DOC Tejo Reserva Tinto,Garrafa de 0.75 l,3.29,4.39,750,L,€/L,https://driveimg1.intermarche.com/pt/Content/images/boitmal/produit/zoom/71C061874915D997F9C4B520FE5A7166.jpg,,,,,2024-10-02T23:59:59.999999999+01:00,PROSPECTUS,13,3,,,
9811,5608527000548,750.0,Dom Campos,Vinho rosé regional península de setúbal,Garrafa de 750 ml,1.99,2.65,750,L,€/L,https://driveimg1.intermarche.com/pt/Content/images/boitmal/produit/zoom/38B96896540B1C8723714736A9B37EF4.jpg,,,,,2024-10-02T23:59:59.999999999+01:00,PROSPECTUS,13,3,,,
40490,5604260292967,1000.0,PorSi,Sal cristal,embalagem de 1 kg,0.25,0.25,0,kg,€/Kg,https://driveimg1.intermarche.com/pt/Content/images/boitmal/produit/zoom/B0A2D20905846BB6FA89618D465D3E2B.jpg,,,,1000 Artigos,2024-10-04T23:59:59.999999999+01:00,PROSPECTUS,13,3,,,
4940,5449000008435,4000.0,Coca-Cola,Refrigerante c/ gás zero,pack 4 x 1 l,4.29,1.07,4000,L,€/L,https://driveimg1.intermarche.com/pt/Content/images/boitmal/produit/zoom/33F2C9EB56024D40DAD7EC1E9D0325EB.jpg,https://driveimg1.intermarche.com/pt/Content/images/boitmal/produit/zoom/B0582A66476893C4C2DEFB301BE67AA7.jpg,,,1000 Artigos,2024-09-25T23:59:59.999999999+01:00,PROSPECTUS,13,3,,,
1322,5601163011114,5400.0,Luso,Água s/ gás,"Garrafa de 5,4 l",1.77,0.33,5400,L,€/L,https://driveimg1.intermarche.com/pt/Content/images/boitmal/produit/zoom/4B414C742356ECF49B4C0D49D2F721F7.jpg,,,,,2024-09-25T23:59:59.999999999+01:00,PROSPECTUS,13,3,,,
11418,5449000020024,4000.0,Coca-Cola,Refrigerante  c/ gás regular,pack 4 x 1 l,4.94,1.24,4000,L,€/L,https://driveimg1.intermarche.com/pt/Content/images/boitmal/produit/zoom/2D87E5C0C9B50C36B31B6AAE2DD8ADBC.jpg,https://driveimg1.intermarche.com/pt/Content/images/boitmal/produit/zoom/CA0D8B97BB868D45B944027647273BDD.jpg,,,1000 Artigos,2024-09-25T23:59:59.999999999+01:00,PROSPECTUS,13,3,,,
40925,8710522652138,240.0,Calvé,Maionese,Embalagem de 240g,1.59,6.63,0,kg,€/Kg,https://driveimg1.intermarche.com/pt/Content/images/boitmal/produit/zoom/BAE5DB5E204D247526D3D3D4E5D5A52E.jpg,https://driveimg1.intermarche.com/pt/Content/images/boitmal/produit/zoom/8E23B17512BCD2C444A6228885CC4217.jpg,https://driveimg1.intermarche.com/pt/Content/images/boitmal/produit/zoom/8E23B17512BCD2C444A6228885CC4217.jpg,,1000 Artigos,2024-09-25T23:59:59.999999999+01:00,PROSPECTUS,13,3,,,
13048,2893561000000,250.0,Marisco,Ameijoa Branca Vietnamita Congelada,Vendido a partir de 250 gr  (aprox.),0.5,1.99,0,,€/Kg,https://driveimg1.intermarche.com/pt/Content/images/boitmal/produit/zoom/87AAE93BFC6F911123DE0600840801E2.jpg,,,,Avantages !,2024-09-25T23:59:59.999999999+01:00,PROSPECTUS,13,3,,,
14858,2696002000000,250.0,PorSi,Baguete,250 g,0.44,1.76,0,kg,€/Kg,https://driveimg1.intermarche.com/pt/Content/images/boitmal/produit/zoom/8311AC325D7D7C5FB5753C9B337353B0.jpg,,,,,2024-09-25T23:59:59.999999999+01:00,PROSPECTUS,13,3,,,
36263,5601027973060,480.0,Bimbo,Pão de forma integral,Embalagem de 480 g,1.84,3.83,0,kg,€/Kg,https://driveimg1.intermarche.com/pt/Content/images/boitmal/produit/zoom/706CDDCF91F9F779ABC5B2D4D8D2F75F.jpg,,,,,2024-09-25T23:59:59.999999999+01:00,PROSPECTUS,13,3,,,
18301,5604260278503,1280.0,PorSi,"Iogurte líquido morango,  8x160 ml",,2.59,2.02,1280,L,€/L,https://driveimg1.intermarche.com/pt/Content/images/boitmal/produit/zoom/82F4DF29967771E32A0D2A5BD395A808.jpg,,,,1000 Artigos,2024-10-04T23:59:59.999999999+01:00,PROSPECTUS,13,3,,,
2458,7613031423583,625.0,Nestlé,Cereais nesquik,Embalagem de 625g,3.24,5.18,0,kg,€/Kg,https://driveimg1.intermarche.com/pt/Content/images/boitmal/produit/zoom/3F494F3C149F2147A07872C278BEDBC9.jpg,,,,1000 Artigos,2024-10-04T23:59:59.999999999+01:00,PROSPECTUS,13,3,,,
29738,8410436324533,1300.0,Sonasol,"Lava Tudo Flores Montanha, 1.3 l",,2.09,1.61,1300,L,€/L,https://driveimg1.intermarche.com/pt/Content/images/boitmal/produit/zoom/619CC29EDCFB8BA35BEA4FA4EA1CE5DD.jpg,,,,1000 Artigos,2024-10-04T23:59:59.999999999+01:00,PROSPECTUS,13,3,,,
51403,5604260325689,1000.0,PorSi,"Vinagre de limpeza, 1 litrp",,0.95,0.95,1000,L,€/L,https://driveimg1.intermarche.com/pt/Content/images/boitmal/produit/zoom/D97716AE40F4384225AEA397971D7BFD.jpg,,,,1000 Artigos,2024-10-04T23:59:59.999999999+01:00,PROSPECTUS,13,3,,,
48281,8718951465756,75.0,Colgate,Pasta de Dentes Original,Embalagem de 75 ml,2.54,33.87,75,L,€/L,https://driveimg1.intermarche.com/pt/Content/images/boitmal/produit/zoom/49BB359E9C7607165895D2460C62E204.jpg,,,,,2024-09-25T23:59:59.999999999+01:00,PROSPECTUS,13,3,,,
13095,2893071000000,100.0,Peixaria,Carapau Pequeno,1 un = 100 g (aprox.),0.3,2.99,0,,€/Kg,https://driveimg1.intermarche.com/pt/Content/images/boitmal/produit/zoom/A6FA4A5C89011F3F27A60AD959FD9913.jpg,,,,,2024-09-25T23:59:59.999999999+01:00,PROSPECTUS,13,3,,,
1135,5601082022758,250.0,Delta,Café torrado lote chávena máquina,Embalagem de 250g,3.89,15.56,0,kg,€/Kg,https://driveimg1.intermarche.com/pt/Content/images/boitmal/produit/zoom/CD7C2612036EC6C8F8AE6969B5FDE5AD.jpg,,,,,2024-09-25T23:59:59.999999999+01:00,PROSPECTUS,13,3,,,
11613,5601164864467,1320.0,Somersby,Sidra maçã,pack 4 x 0.33 l,3.95,2.99,1320,L,€/L,https://driveimg1.intermarche.com/pt/Content/images/boitmal/produit/zoom/6483890D0FF6343894A37D6DC6393C66.jpg,,,,1000 Artigos,2024-09-25T23:59:59.999999999+01:00,PROSPECTUS,13,3,,,
10095,8435257040899,640.0,Nestlé,"Iogurte líquido yoggi morango,  4 x 160 g",,1.99,3.11,0,kg,€/Kg,https://driveimg1.intermarche.com/pt/Content/images/boitmal/produit/zoom/F1F347BA34EB28F1148C3C442A42CC17.jpg,,,,1000 Artigos,2024-09-25T23:59:59.999999999+01:00,PROSPECTUS,13,3,,,
16022,5601146703609,5000.0,Sagres,Cerveja Mini,20 x 0.25 l,9.99,2.0,5000,L,€/L,https://driveimg1.intermarche.com/pt/Content/images/boitmal/produit/zoom/FF51CCF9441973386AEED91491E4E439.jpg,,,,1000 Artigos,2024-10-04T23:59:59.999999999+01:00,PROSPECTUS,13,3,,,
16939,7622210475411,171.0,Triunfo,Bolacha digestiva go canela,Embalagem de 170g,1.49,8.71,0,kg,€/Kg,https://driveimg1.intermarche.com/pt/Content/images/boitmal/produit/zoom/C83726E993B61EE08F4E417A24AC0F22.jpg,,,,,2024-09-25T23:59:59.999999999+01:00,PROSPECTUS,13,3,,,
40741,5604260302918,3000.0,PorSi,"Óleo de girassol, garrafa de 3 litros",,4.5,1.5,3000,L,€/L,https://driveimg1.intermarche.com/pt/Content/images/boitmal/produit/zoom/F8F2282166953BFE9B7A3B071CD9B3CE.jpg,,,,1000 Artigos,2024-10-04T23:59:59.999999999+01:00,PROSPECTUS,13,3,,,
48551,7613287300393,209.0,Nescafé,Cápsulas Café Buondi Int. 8,Embalagem de 209g,8.99,43.01,0,kg,€/Kg,https://driveimg1.intermarche.com/pt/Content/images/boitmal/produit/zoom/3C2972EF213A813C45BFB5F845259020.jpg,,,,1000 Artigos,2024-10-04T23:59:59.999999999+01:00,PROSPECTUS,13,3,,,
10826,2895082000000,250.0,Ilha Azul,Queijo Curado,Vendido ao peso a partir de 250 gr,2.0,7.99,0,,€/Kg,https://driveimg1.intermarche.com/pt/Content/images/boitmal/produit/zoom/3B62E6B6007870C37C76A52222AF902D.jpg,,,,,2024-10-02T23:59:59.999999999+01:00,PROSPECTUS,13,3,,,
35542,7613036867405,210.0,Nescafé,Café em cápsulas dolce gusto ristreto intenso,Embalagem de 210g,9.99,47.57,0,kg,€/Kg,https://driveimg1.intermarche.com/pt/Content/images/boitmal/produit/zoom/267E125B7795F042AD3E2E89E4989A32.jpg,,,,1000 Artigos,2024-10-04T23:59:59.999999999+01:00,PROSPECTUS,13,3,,,
14879,2696313000000,,Pastelaria,Croissant Brioche 85 g,,0.69,0.69,0,,€/Unidade,https://driveimg1.intermarche.com/pt/Content/images/boitmal/produit/zoom/23DD54250137E29550E3BC89EAA5A69F.jpg,,,,,2024-09-25T23:59:59.999999999+01:00,PROSPECTUS,13,4,,,
15103,2892313000000,250.0,Fruta,Romã,1 un = 250 gr  (aprox.),0.65,2.59,0,,€/Kg,https://driveimg1.intermarche.com/pt/Content/images/boitmal/produit/zoom/6A80EC559844989ABEB231AE7C3574EF.jpg,,,,,2024-09-25T23:59:59.999999999+01:00,PROSPECTUS,13,4,,,
16593,2696081000000,60.0,Padaria,Carcaça Forno de Pedra,1 un = 60 gr (aprox.),0.24,4.0,0,kg,€/Kg,https://driveimg1.intermarche.com/pt/Content/images/boitmal/produit/zoom/B1CD30CEA45F091D5F9093675329BA5E.jpg,,,,,2024-09-25T23:59:59.999999999+01:00,PROSPECTUS,13,4,,,
1310,5601151979969,140.0,Compal,Compal da horta concentrado tomate,Embalagem de 140g,0.99,7.07,0,kg,€/Kg,https://driveimg1.intermarche.com/pt/Content/images/boitmal/produit/zoom/9A5812864404A787E39139B51FC70102.jpg,,,,,2024-09-25T23:59:59.999999999+01:00,PROSPECTUS,13,4,,,
13566,2893560000000,250.0,Congelado de Aquicultura,Camarão Congelado 20/30,1 un = 250 gr  (aprox.),2.25,8.99,0,,€/Kg,https://driveimg1.intermarche.com/pt/Content/images/boitmal/produit/zoom/863DB9F10BE616A55736AB7A17BC6BB5.jpg,,,,Avantages !,2024-09-25T23:59:59.999999999+01:00,PROSPECTUS,13,4,,,
22232,8410320104500,80.0,Campofrio,Salame fat,Embalagem de 80g,1.59,19.88,0,kg,€/Kg,https://driveimg1.intermarche.com/pt/Content/images/boitmal/produit/zoom/55984918C252981E6C8956EFD4419256.jpg,,,,,2024-09-25T23:59:59.999999999+01:00,PROSPECTUS,13,4,,,
51537,8410436441827,,Vernel,Amaciador Concentrado Maldivas,70 doses,3.49,3.49,0,,€/Unidade,https://driveimg1.intermarche.com/pt/Content/images/boitmal/produit/zoom/1E5954FABCBB04BE4B29CED1B30BFE51.jpg,,,,1000 Artigos,2024-10-04T23:59:59.999999999+01:00,PROSPECTUS,13,4,,,
52377,8720181385131,,Skip,Detergente Máquina Roupa Líquido Sabão Natural,100 Doses,11.99,11.99,0,,€/Unidade,https://driveimg1.intermarche.com/pt/Content/images/boitmal/produit/zoom/C8D069DB25783C2FC7889DE8456B0590.jpg,,,,,2024-09-25T23:59:59.999999999+01:00,PROSPECTUS,13,4,,,
30414,4015400917304,480.0,Fairy,Detergente Liquido Loiça Original,480 ml,2.54,5.29,480,L,€/L,https://driveimg1.intermarche.com/pt/Content/images/boitmal/produit/zoom/9E32CE6EDBAF8F26722865569A3DD5EE.jpg,,,,1000 Artigos,2024-09-25T23:59:59.999999999+01:00,PROSPECTUS,13,4,,,
41384,5601050036602,440.0,Danone,"Iogurte grego oikos stracciatella,  4 x 110 g",,1.99,4.52,0,kg,€/Kg,https://driveimg1.intermarche.com/pt/Content/images/boitmal/produit/zoom/A0A6F59B7D5832D67ED1CDB718D78849.jpg,,,,1000 Artigos,2024-10-04T23:59:59.999999999+01:00,PROSPECTUS,13,4,,,
44264,5603722517136,200.0,Mimosa,"Nata cremosa sem lactose, 200 ml",,0.99,4.95,200,L,€/L,https://driveimg1.intermarche.com/pt/Content/images/boitmal/produit/zoom/505AB5A758F0033F2C092C6776B8A3D2.jpg,,,,,2024-09-25T23:59:59.999999999+01:00,PROSPECTUS,13,4,,,
4987,5601012115505,750.0,Planalto,Vinho doc douro branco,Garrafa de 0.75 l,3.99,5.32,750,L,€/L,https://driveimg1.intermarche.com/pt/Content/images/boitmal/produit/zoom/6C726FDABB211E05C4F7D5DBE4A94D76.jpg,,,,1000 Artigos,2024-10-02T23:59:59.999999999+01:00,PROSPECTUS,13,4,,,
5119,5601066200073,1000.0,Nacional,Farinha p/ bolos extra fina,Embalagem de 1 kg,1.09,1.09,0,kg,€/Kg,https://driveimg1.intermarche.com/pt/Content/images/boitmal/produit/zoom/0B9B49E51908C76AC70076ED3709B8D2.jpg,,,,,2024-09-25T23:59:59.999999999+01:00,PROSPECTUS,13,4,,,
1108,5601066300087,500.0,Nacional,Massa de cotovelinhos,Embalagem de 500g,0.89,1.78,0,kg,€/Kg,https://driveimg1.intermarche.com/pt/Content/images/boitmal/produit/zoom/3C947C343F18C9B0CC5D66D04FA630B6.jpg,,,,,2024-09-25T23:59:59.999999999+01:00,PROSPECTUS,13,4,,,
11471,5601029004076,120.0,Bom Petisco,Atum posta ao natural,Embalagem de 120 g,1.29,10.75,0,kg,€/Kg,https://driveimg1.intermarche.com/pt/Content/images/boitmal/produit/zoom/3740C19A3967CA1D1D99F6625E0A4BA4.jpg,,,,,2024-09-25T23:59:59.999999999+01:00,PROSPECTUS,13,4,,,
1287,5601151260753,410.0,Compal,Grão de bico,Lata de 410 ml,1.09,2.66,410,L,€/L,https://driveimg1.intermarche.com/pt/Content/images/boitmal/produit/zoom/64A11988E77915EAC2B803C89620197A.jpg,,,,,2024-09-25T23:59:59.999999999+01:00,PROSPECTUS,13,4,,,
17207,8006540943687,1800.0,Fairy,Detergente manual de loiça limão,Embalagem de 2 x 900 ml,6.89,3.83,1800,L,€/L,https://driveimg1.intermarche.com/pt/Content/images/boitmal/produit/zoom/B2EE328B1B3FB1BA0162E77ED87C40E9.jpg,,,,,2024-09-25T23:59:59.999999999+01:00,PROSPECTUS,13,4,,,
17892,5601082039800,220.0,Delta Q,Café xl qalidus cápsulas,Embalagem de 220g,14.99,68.14,0,kg,€/Kg,https://driveimg1.intermarche.com/pt/Content/images/boitmal/produit/zoom/366FA5D4E032D6F1950F570ABB5EB801.jpg,,,,1000 Artigos,2024-10-04T23:59:59.999999999+01:00,PROSPECTUS,13,4,,,
49479,5601151969465,1750.0,Sumol,Refrigerante com Gás Laranja Sem Açúcar,Garrafa de 1.75 l,1.39,0.79,1750,L,€/L,https://driveimg1.intermarche.com/pt/Content/images/boitmal/produit/zoom/B1A5F916FFA77C7E7F9A1CB0E85C459E.jpg,,,,1000 Artigos,2024-10-04T23:59:59.999999999+01:00,PROSPECTUS,13,4,,,
52326,8720181384776,,Skip,Detergente Máquina Roupa Líquido Active Clean,56 Doses,9.99,9.99,0,,€/Unidade,https://driveimg1.intermarche.com/pt/Content/images/boitmal/produit/zoom/FB959F644F3F5B9BCC6B250AF56B6E18.jpg,,,,1000 Artigos,2024-10-04T23:59:59.999999999+01:00,PROSPECTUS,13,4,,,
931,5601001228100,300.0,Nestum,Nestum flocos de cereais com mel,Embalagem de 300g,2.24,7.47,0,kg,€/Kg,https://driveimg1.intermarche.com/pt/Content/images/boitmal/produit/zoom/3533A13BC534891673C8C96375839B78.jpg,,,,1000 Artigos,2024-09-25T23:59:59.999999999+01:00,PROSPECTUS,13,4,,,
12230,7613034192264,250.0,Cerelac,Papa infantil para preparar com leite +6 meses,Embalagem de 250g,1.84,7.36,0,kg,€/Kg,https://driveimg1.intermarche.com/pt/Content/images/boitmal/produit/zoom/9FAA017CC3BC08A98F0EF54D61B67C5D.jpg,,,,,2024-09-25T23:59:59.999999999+01:00,PROSPECTUS,13,4,,,
18842,5601070000508,500.0,Cristal,Vinagre vinho branco 500ml,Garrafa de 500 ml,0.84,1.68,500,L,€/L,https://driveimg1.intermarche.com/pt/Content/images/boitmal/produit/zoom/9B1BDF2A3E3E9679D43CD22EA6D9C158.jpg,,,,,2024-09-25T23:59:59.999999999+01:00,PROSPECTUS,13,4,,,
2137,5604260253845,320.0,PorSi,"Hamburguers de frango, 4 x 80 g",Embalagem de 320g,2.99,9.34,0,kg,€/Kg,https://driveimg1.intermarche.com/pt/Content/images/boitmal/produit/zoom/0E9FEE646CDB4574773465E44BB91955.jpg,,,,1000 Artigos,2024-10-04T23:59:59.999999999+01:00,PROSPECTUS,13,4,,,
25262,5000116112166,208.0,Capitão Iglo,10 nuggets de frango,Embalagem de 210g,2.99,14.38,0,kg,€/Kg,https://driveimg1.intermarche.com/pt/Content/images/boitmal/produit/zoom/4CF12EA727EBC42ED8634368F0F21B4F.jpg,,,,Tipo de stockagem,2024-09-25T23:59:59.999999999+01:00,PROSPECTUS,13,4,,,
37992,5601027943551,650.0,Bimbo,"Pão de forma sem côdea 10 cereais, embalagem 650 g",,2.29,3.52,0,kg,€/Kg,https://driveimg1.intermarche.com/pt/Content/images/boitmal/produit/zoom/E65A0CCDAE1A5FCAC2C1D9A9BA0AFBC6.jpg,,,,,2024-09-25T23:59:59.999999999+01:00,PROSPECTUS,13,4,,,
50033,5601050037593,300.0,Yopro,"Iogurte Liquido Pêssego Maragujá,  300g",,1.99,6.63,0,kg,€/Kg,https://driveimg1.intermarche.com/pt/Content/images/boitmal/produit/zoom/8DF1B41264F620D281B0BA1662B0D3D8.jpg,,,,,2024-09-25T23:59:59.999999999+01:00,PROSPECTUS,13,4,,,
5093,5601050033755,620.0,Danone,"Iogurte activia líquido 0% morango/kiwi,  4 x 155 g",,1.99,3.21,0,kg,€/Kg,https://driveimg1.intermarche.com/pt/Content/images/boitmal/produit/zoom/29B41AE598716D0550D815AA0FE86025.jpg,,,,1000 Artigos,2024-09-25T23:59:59.999999999+01:00,PROSPECTUS,13,4,,,
24410,8710908859502,750.0,Cif,Spray power&shine multiusos c/ lixívia,Garrafa de 750 ml,2.69,3.59,750,L,€/L,https://driveimg1.intermarche.com/pt/Content/images/boitmal/produit/zoom/BC1FC8E39B43E72D32F4657C6D001534.jpg,,,,1000 Artigos,2024-10-04T23:59:59.999999999+01:00,PROSPECTUS,13,4,,,
49223,5604260322633,90.0,PorSi,Saqueta puré de fruta e bolacha,Embalagem de 90g,0.74,8.22,0,kg,€/Kg,https://driveimg1.intermarche.com/pt/Content/images/boitmal/produit/zoom/F218EA95CBA167422382632AB54B0FE0.jpg,,,,1000 Artigos,2024-10-04T23:59:59.999999999+01:00,PROSPECTUS,13,4,,,
5243,5601151170755,410.0,Compal,Feijão preto,Lata de 410 ml,1.09,2.66,410,L,€/L,https://driveimg1.intermarche.com/pt/Content/images/boitmal/produit/zoom/148292276E212E85BD820FA0193628A4.jpg,,,,,2024-09-25T23:59:59.999999999+01:00,PROSPECTUS,13,4,,,
8391,5601049159992,1000.0,Mimosa,Leite especial cálcio + vitamina d magro,Garrafa de 1 l,0.98,0.98,1000,L,€/L,https://driveimg1.intermarche.com/pt/Content/images/boitmal/produit/zoom/9A4AD44FB60B5A45579B826AAB547587.jpg,,,,,2024-09-25T23:59:59.999999999+01:00,PROSPECTUS,13,4,,,
944,5601001339301,200.0,Nestlé,Mistura solúvel mokambo,Embalagem de 200g,3.99,19.95,0,kg,€/Kg,https://driveimg1.intermarche.com/pt/Content/images/boitmal/produit/zoom/A8F3A8EB08BBF4181F15A95334F151A2.jpg,,,,1000 Artigos,2024-10-04T23:59:59.999999999+01:00,PROSPECTUS,13,4,,,
1328,5601165005760,20.0,Lipton,10 saquetas infusão de cidreira,Embalagem de 20g,0.74,37.0,0,kg,€/Kg,https://driveimg1.intermarche.com/pt/Content/images/boitmal/produit/zoom/CD0E912EDCBC0F88CCB88A275A3DBF8A.jpg,,,,,2024-09-25T23:59:59.999999999+01:00,PROSPECTUS,13,4,,,
24414,8410436297691,1300.0,Sonasol,"Lava tudo camomila e flor de laranjeira, 1,3l",,2.09,1.61,1300,L,€/L,https://driveimg1.intermarche.com/pt/Content/images/boitmal/produit/zoom/3B18B6CCDC35A0C75589B9509520BFD6.jpg,,,,1000 Artigos,2024-10-04T23:59:59.999999999+01:00,PROSPECTUS,13,4,,,
37948,5601217132697,500.0,Cillitbang,Spray limpeza casa de banho,Embalagem de 500 ml,2.49,4.98,500,L,€/L,https://driveimg1.intermarche.com/pt/Content/images/boitmal/produit/zoom/62E5A8E0A6D5CF81B7A29AA6D1070117.jpg,,,,1000 Artigos,2024-10-04T23:59:59.999999999+01:00,PROSPECTUS,13,4,,,
49225,5604260322657,90.0,PorSi,Saqueta puré de fruta,Embalagem de 90g,0.74,8.22,0,kg,€/Kg,https://driveimg1.intermarche.com/pt/Content/images/boitmal/produit/zoom/9AD870D1CAD79AE0716C1075F5C158F0.jpg,,,,1000 Artigos,2024-10-04T23:59:59.999999999+01:00,PROSPECTUS,13,4,,,
51113,8720181262784,500.0,Cif,"Limpa Casa Banho Spray Higiene c/ Lixívia, 500 ml",,1.99,3.98,500,L,€/L,https://driveimg1.intermarche.com/pt/Content/images/boitmal/produit/zoom/269947C1E7ED82654B4A41635C3A67E7.jpg,,,,1000 Artigos,2024-10-04T23:59:59.999999999+01:00,PROSPECTUS,13,4,,,
51427,8410436441766,,Vernel,Amaciador Concentrado Lírio Irresistível,70 doses,3.49,3.49,0,,€/Unidade,https://driveimg1.intermarche.com/pt/Content/images/boitmal/produit/zoom/DE9021DA501490230A96ECEA8DFE738E.jpg,,,,1000 Artigos,2024-10-04T23:59:59.999999999+01:00,PROSPECTUS,13,4,,,
7324,3228020390131,250.0,Président,Manteiga magra meio sal,Embalagem de 250g,2.37,9.48,0,kg,€/Kg,https://driveimg1.intermarche.com/pt/Content/images/boitmal/produit/zoom/E0572D04FA5CEC1AC6556A139AF011D2.jpg,,,,,2024-09-25T23:59:59.999999999+01:00,PROSPECTUS,13,4,,,
14372,8712100599392,550.0,Calvé,Ketchup XXL,Embalagem de 550g,2.99,5.44,0,kg,€/Kg,https://driveimg1.intermarche.com/pt/Content/images/boitmal/produit/zoom/4544D7A761DF83B5B8BF2C6EF0FF53D9.jpg,https://driveimg1.intermarche.com/pt/Content/images/boitmal/produit/zoom/FE7F103C359D2D1FD7BF3FDC8DD381BA.jpg,https://driveimg1.intermarche.com/pt/Content/images/boitmal/produit/zoom/FE7F103C359D2D1FD7BF3FDC8DD381BA.jpg,,,2024-09-25T23:59:59.999999999+01:00,PROSPECTUS,13,4,,,
15810,3094900059593,75.0,Aquafresh,Pasta Dentífrica Menta Suave,Embalagem de 75 ml,1.85,24.67,75,L,€/L,https://driveimg1.intermarche.com/pt/Content/images/boitmal/produit/zoom/36417FD84E6918863BC4A9B51808C017.jpg,,,,,2024-09-25T23:59:59.999999999+01:00,PROSPECTUS,13,4,,,
29834,8712100516467,480.0,Olá,Gelado cornetto mini clássico,Embalagem de 8 x 60 ml,3.89,8.1,480,L,€/L,https://driveimg1.intermarche.com/pt/Content/images/boitmal/produit/zoom/52C23093EFDFEFEAE4F1F6612BE1C6BE.jpg,,,,Tipo de stockagem,2024-09-25T23:59:59.999999999+01:00,PROSPECTUS,13,4,,,
35983,5601027972735,700.0,Bimbo,Pão de forma torradas familiares,Embalagem de 700 g,1.99,2.84,0,kg,€/Kg,https://driveimg1.intermarche.com/pt/Content/images/boitmal/produit/zoom/235876653DE3C23FDDF51ADFA446C532.jpg,,,,,2024-09-25T23:59:59.999999999+01:00,PROSPECTUS,13,4,,,
51539,8410436441971,1250.0,Sonasol,"Lava Tudo Amoniacal, 1.25 litros",,2.09,1.67,1250,L,€/L,https://driveimg1.intermarche.com/pt/Content/images/boitmal/produit/zoom/966C0647302090E003E4103374439B62.jpg,,,,,2024-09-25T23:59:59.999999999+01:00,PROSPECTUS,13,4,,,
52339,8720181392924,,Comfort,Amaciador Roupa Concentrado Creations Lírios e Morango,76 Doses,3.99,3.99,0,,€/Unidade,https://driveimg1.intermarche.com/pt/Content/images/boitmal/produit/zoom/8F3E1CB8E1F41E507DB7FBA8EF126461.jpg,,,,1000 Artigos,2024-10-04T23:59:59.999999999+01:00,PROSPECTUS,13,4,,,
8808,5601252107094,250.0,Gallo,Vinagre vinho branco,Garrafa 250ML,1.29,5.16,250,L,€/L,https://driveimg1.intermarche.com/pt/Content/images/boitmal/produit/zoom/86233C156105BC4DB5DB2B825F1FC1C0.jpg,,,,,2024-09-25T23:59:59.999999999+01:00,PROSPECTUS,13,4,,,
