identifier,produitEan13,capacite,marque,libelle,conditionnement,prix,unitPrice,volume,typeProduit_uniteByCode,unit_value,avantages_dateFin,avantages_categorie,images_0,images_1,images_2,pictogrammes_libelleCategorie,nro_paginas,page,images_3,images_4,images_5,pictogrammes_0
1120,5601066301718,500.0,Nacional,Massa de espirais,Embalagem de 500g,0.93,1.86,0,kg,€/Kg,2024-07-17T23:59:59.999999999+01:00,PROSPECTUS,https://driveimg1.intermarche.com/pt/Content/images/boitmal/produit/zoom/53CA28E35AF8AD40FCE8516799A2B51B.jpg,,,,17,1,,,,
8537,5601119957206,120.0,Campofrio,Peito frango forno lenha  fatias clássicas,Embalagem de 120g,2.39,19.92,0,kg,€/Kg,2024-07-17T23:59:59.999999999+01:00,PROSPECTUS,https://driveimg1.intermarche.com/pt/Content/images/boitmal/produit/zoom/316713CBE56425C1457B9A3672568B05.jpg,,,,17,1,,,,
9293,5603722493942,250.0,Primor,Manteiga pasteurizada com sal cuvet,Embalagem de 250g,1.99,7.96,0,kg,€/Kg,2024-07-17T23:59:59.999999999+01:00,PROSPECTUS,https://driveimg1.intermarche.com/pt/Content/images/boitmal/produit/zoom/5B98CBCDF9DE77B1D84C2C6375C3439D.jpg,,,,17,1,,,,
13977,2696106000000,,Pastelaria,Folhado de Maçã,1 unidade= 100 g,0.89,0.89,0,,€/Unidade,2024-07-17T23:59:59.999999999+01:00,PROSPECTUS,https://driveimg1.intermarche.com/pt/Content/images/boitmal/produit/zoom/E2A4FBB809D0E7BB4A2D714065081A4C.jpg,,,,17,1,,,,
12972,2892040000000,1000.0,Fruta,Banana,1 un = 200 gr (aprox.),1.09,1.09,0,,€/Kg,2024-07-17T23:59:59.999999999+01:00,PROSPECTUS,https://driveimg1.intermarche.com/pt/Content/images/boitmal/produit/zoom/C368220872795E9863F1F37C2230CCEA.jpg,,,,17,1,,,,
18595,8410500016012,400.0,Danonino Danone,"Iogurte líquido danonino morango,  4 x 100 g",,1.99,4.98,0,kg,€/Kg,2024-07-17T23:59:59.999999999+01:00,PROSPECTUS,https://driveimg1.intermarche.com/pt/Content/images/boitmal/produit/zoom/0E203361E14F23CD94ABD0BD721CC32D.jpg,,,,17,1,,,,
11464,5601018003400,1000.0,Matinal,Leite Seleccionado Meio Gordo,Embalagem de 1L,0.98,0.98,1000,L,€/L,2024-07-17T23:59:59.999999999+01:00,PROSPECTUS,https://driveimg1.intermarche.com/pt/Content/images/boitmal/produit/zoom/2D40D4EB6EAF6BEF7329493925CCD97C.jpg,,,,17,1,,,,
29180,4005900512925,400.0,Nivea Sun,Protetor Solar Protect&Moisture FP50+,1 Embalagem 400ml,16.19,40.48,400,L,€/L,2024-08-07T23:59:59.999999999+01:00,PROSPECTUS,https://driveimg1.intermarche.com/pt/Content/images/boitmal/produit/zoom/398DA35316985F187E75EF0884CEF41A.jpg,,,,17,1,,,,
8318,5601028014540,,Renova,"Rolos de cozinha compactos, branco, máxima absorção, xxl",1 unidade,1.19,1.19,0,,€/Unidade,2024-07-17T23:59:59.999999999+01:00,PROSPECTUS,https://driveimg1.intermarche.com/pt/Content/images/boitmal/produit/zoom/9EF4E7DC89CE067F797091D12596CE34.jpg,,,,17,1,,,,
5632,5602445000536,750.0,Encosta das Perdizes,Vinho regional alentejano tinto,Garrafa de 750 ml,2.69,3.59,750,L,€/L,2024-08-02T23:59:59.999999999+01:00,PROSPECTUS,https://driveimg1.intermarche.com/pt/Content/images/boitmal/produit/zoom/3071A928CC77370088593218C9A3FE4D.jpg,,,1000 Artigos,17,1,,,,
48092,5604260322435,85.0,PorSi Select,Comida húmida gato adulto c/ frango,Embalagem de 85g,0.59,6.94,0,kg,€/Kg,2024-08-02T23:59:59.999999999+01:00,PROSPECTUS,https://driveimg1.intermarche.com/pt/Content/images/boitmal/produit/zoom/E590670BC863F23F67B117215815F296.jpg,,,1000 Artigos,17,1,,,,
978,5601024134136,750.0,Oliveira da Serra,Azeite,Embalagem de 750 ml,5.99,7.99,750,L,€/L,2024-08-02T23:59:59.999999999+01:00,PROSPECTUS,https://driveimg1.intermarche.com/pt/Content/images/boitmal/produit/zoom/4618FCD27F27BDBAA8CF1CDC30F2EFF5.jpg,,,1000 Artigos,17,1,,,,
13523,2893515000000,250.0,Peixaria,Lula Congelada,1 un= 250 gr (aprox.),1.25,4.99,0,,€/Kg,2024-07-17T23:59:59.999999999+01:00,PROSPECTUS,https://driveimg1.intermarche.com/pt/Content/images/boitmal/produit/zoom/B2B7BBDC4CDC3C912C9CD2FEC6D3B682.jpg,,,Avantages !,17,1,,,,
12356,8410108122535,,Dodot,Toalhitas Sensitive |Recarga,Pack: 4 x54 unidades,5.99,5.99,0,,€/Unidade,2024-07-17T23:59:59.999999999+01:00,PROSPECTUS,https://driveimg1.intermarche.com/pt/Content/images/boitmal/produit/zoom/25B89D0E4CFA95A39B00208C4F12F5D5.jpg,https://driveimg1.intermarche.com/pt/Content/images/boitmal/produit/zoom/47D40D02C955E98DB96B03E04432FF85.jpg,https://driveimg1.intermarche.com/pt/Content/images/boitmal/produit/zoom/47D40D02C955E98DB96B03E04432FF85.jpg,,17,1,,,,
1308,5601151979099,1250.0,Sumol,Refrigerante com gás de laranja,"Garrafa de 1,25 l",1.09,0.87,1250,L,€/L,2024-08-02T23:59:59.999999999+01:00,PROSPECTUS,https://driveimg1.intermarche.com/pt/Content/images/boitmal/produit/zoom/ECE6BD1006EEE4AC73A1110926F981DC.jpg,,,1000 Artigos,17,1,,,,
26047,8412600070994,650.0,Bimbo,Pão de forma s/ côdea,Embalagem de 650 g,2.09,3.22,0,kg,€/Kg,2024-07-17T23:59:59.999999999+01:00,PROSPECTUS,https://driveimg1.intermarche.com/pt/Content/images/boitmal/produit/zoom/998967574B383CCF8D49F03316F06108.jpg,,,,17,1,,,,
12978,2892462000000,400.0,Legumes,Alface Frisada,1 un= 400 g (aprox.),0.48,1.19,0,,€/Kg,2024-07-17T23:59:59.999999999+01:00,PROSPECTUS,https://driveimg1.intermarche.com/pt/Content/images/boitmal/produit/zoom/14C8DBD7827DB992F77D5C5056950123.jpg,,,,17,1,,,,
44240,8410500010539,1200.0,Actimel Danone,"Actimel Kids, 12 x 100 g",,4.79,3.99,0,kg,€/Kg,2024-07-17T23:59:59.999999999+01:00,PROSPECTUS,https://driveimg1.intermarche.com/pt/Content/images/boitmal/produit/zoom/30A5D0ACB9ED08A0E0975059507175B8.jpg,,,,17,1,,,,
25287,8710908657467,400.0,Baby Dove,Gel de Banho Corpo e Cabelo Hidratante,Embalagem de 400 ml,4.1,10.25,400,L,€/L,2024-07-24T23:59:59.999999999+01:00,PROSPECTUS,https://driveimg1.intermarche.com/pt/Content/images/boitmal/produit/zoom/EC068137588BCD078E1EE3A3FFEED49F.jpg,,,,17,1,,,,
32306,8718951202979,500.0,Palmolive,Gel de banho naturals amêndoa e leite,500 ml,2.69,5.38,500,L,€/L,2024-07-24T23:59:59.999999999+01:00,PROSPECTUS,https://driveimg1.intermarche.com/pt/Content/images/boitmal/produit/zoom/679D3CFCC9969DD874FD147C2208C882.jpg,,,,17,1,,,,
18628,5601028002707,,Renova,Rolo de Cozinha Multi,4 Rolos,1.49,1.49,0,,€/Unidade,2024-08-02T23:59:59.999999999+01:00,PROSPECTUS,https://driveimg1.intermarche.com/pt/Content/images/boitmal/produit/zoom/EC28E7C70040AEF56E88826756B8374D.jpg,,,1000 Artigos,17,1,,,,
11727,5601349013673,1000.0,3 marias,Vinho verde branco,Garrafa de 1 l,2.99,2.99,1000,L,€/L,2024-07-17T23:59:59.999999999+01:00,PROSPECTUS,https://driveimg1.intermarche.com/pt/Content/images/boitmal/produit/zoom/A81BCAF54881777811300CE8D032B128.jpg,,,,17,1,,,,
48093,5604260322459,85.0,PorSi Select,Comida húmida gato adulto c/ peixe,Embalagem de 85g,0.59,6.94,0,kg,€/Kg,2024-08-02T23:59:59.999999999+01:00,PROSPECTUS,https://driveimg1.intermarche.com/pt/Content/images/boitmal/produit/zoom/4AA6ADFFF1475CB1AF3BAE3736401E0B.jpg,,,1000 Artigos,17,1,,,,
13818,2892584000000,250.0,Legumes,Pimento Vermelho,1 un=250 gr (aprox.),0.62,2.49,0,,€/Kg,2024-07-17T23:59:59.999999999+01:00,PROSPECTUS,https://driveimg1.intermarche.com/pt/Content/images/boitmal/produit/zoom/A89EFDBC825F249BCF5C02ECF326661E.jpg,,,,17,1,,,,
13833,2892579000000,300.0,Legumes,Pepino,1 un = 300 gr  (aprox.),0.39,1.29,0,,€/Kg,2024-07-17T23:59:59.999999999+01:00,PROSPECTUS,https://driveimg1.intermarche.com/pt/Content/images/boitmal/produit/zoom/81A5C57CCE1518487B68F04112010F92.jpg,,,,17,1,,,,
9727,5604260273058,200.0,PorSi,Queijo mozzarella ralado,Embalagem de 200 g,1.39,6.95,0,kg,€/Kg,2024-08-02T23:59:59.999999999+01:00,PROSPECTUS,https://driveimg1.intermarche.com/pt/Content/images/boitmal/produit/zoom/06A41E6C952C21A7856951F2F972349C.jpg,,,1000 Artigos,17,1,,,,
15161,5604260274246,1000.0,PorSi,Cenouras Programa Origens,Embalagem de 1 kg,0.89,0.89,0,kg,€/Kg,2024-07-17T23:59:59.999999999+01:00,PROSPECTUS,https://driveimg1.intermarche.com/pt/Content/images/boitmal/produit/zoom/2C5D90EF430B0C18141C519CD5070475.jpg,,,,17,1,,,,
36522,5604260292042,,PorSi,Papel higiénico macio absorvente,12 rolos,2.59,2.59,0,,€/Unidade,2024-08-02T23:59:59.999999999+01:00,PROSPECTUS,https://driveimg1.intermarche.com/pt/Content/images/boitmal/produit/zoom/839473679F0155D9469467503CB1B3E6.jpg,,,1000 Artigos,17,1,,,,
13817,2892582000000,250.0,Legumes,Pimento Verde,1 un = 250 gr  (aprox.),0.5,1.99,0,,€/Kg,2024-07-17T23:59:59.999999999+01:00,PROSPECTUS,https://driveimg1.intermarche.com/pt/Content/images/boitmal/produit/zoom/7B3A4CEB1862E90C3453A121EC9872E4.jpg,,,,17,1,,,,
28607,5604260278442,640.0,PorSi,"Iogurte líquido morango/banana,  4 x 160 g",,1.38,2.16,0,kg,€/Kg,2024-08-02T23:59:59.999999999+01:00,PROSPECTUS,https://driveimg1.intermarche.com/pt/Content/images/boitmal/produit/zoom/E93EE6852A43EE33A208A07B3A318C73.jpg,,,1000 Artigos,17,1,,,,
13866,2891048000000,1000.0,Porco,Bifanas,Vendido ao peso a partir de 1 kg,4.29,4.29,0,,€/Kg,2024-07-17T23:59:59.999999999+01:00,PROSPECTUS,https://driveimg1.intermarche.com/pt/Content/images/boitmal/produit/zoom/C9E276B082B119EFEDC2A2B0E1BC737E.jpg,,,,17,1,,,,
13894,2891044000000,1000.0,Porco,Entremeada sem Entrecosto,Vendido ao peso a partir de 1 kg,4.78,4.78,0,,€/Kg,2024-07-17T23:59:59.999999999+01:00,PROSPECTUS,https://driveimg1.intermarche.com/pt/Content/images/boitmal/produit/zoom/C03EF63C56AFB4E4EA78E134436BF30C.jpg,,,,17,1,,,,
48862,5604260320592,600.0,PorSi Viva Bem,"Iogurte líquido magro morango,  4x150 ml",,1.38,2.3,600,L,€/L,2024-08-02T23:59:59.999999999+01:00,PROSPECTUS,https://driveimg1.intermarche.com/pt/Content/images/boitmal/produit/zoom/0C694DE9782FCC84FA1DB148AA050087.jpg,,,1000 Artigos,17,1,,,,
9691,5604260270613,500.0,PorSi,Queijo Flamengo Fatias,Embalagem 500G,3.99,7.98,0,kg,€/Kg,2024-08-02T23:59:59.999999999+01:00,PROSPECTUS,https://driveimg1.intermarche.com/pt/Content/images/boitmal/produit/zoom/FFFF236BFADF54D62A4E0EFB7AF0E7B7.jpg,,,1000 Artigos,17,1,,,,
11523,5601051410029,250.0,Primor,"Manteiga com sal, 250g",,1.99,7.96,0,kg,€/Kg,2024-07-17T23:59:59.999999999+01:00,PROSPECTUS,https://driveimg1.intermarche.com/pt/Content/images/boitmal/produit/zoom/5E7E0622B0F1F3C827A5445EBDA354EF.jpg,,,,17,1,,,,
1305,5601151862155,500.0,Compal,Polpa de tomate em garrafa,Embalagem de 500g,1.26,2.52,0,kg,€/Kg,2024-07-17T23:59:59.999999999+01:00,PROSPECTUS,https://driveimg1.intermarche.com/pt/Content/images/boitmal/produit/zoom/AAB3292CC676B25102611CA57B6FA818.jpg,,,,17,1,,,,
13892,2891041000000,1000.0,Porco,Costeletas do Lombo,Vendido ao peso a partir de 1 kg,3.99,3.99,0,,€/Kg,2024-07-17T23:59:59.999999999+01:00,PROSPECTUS,https://driveimg1.intermarche.com/pt/Content/images/boitmal/produit/zoom/0CEDBCB04142A68CDED3690FB39820D0.jpg,,,,17,1,,,,
1427,5601255322128,1000.0,Caçarola,Arroz agulha,Embalagem de 1 kg,1.28,1.28,0,kg,€/Kg,2024-08-02T23:59:59.999999999+01:00,PROSPECTUS,https://driveimg1.intermarche.com/pt/Content/images/boitmal/produit/zoom/A52540C62DF57685F2A437535D54EC25.jpg,,,1000 Artigos,17,1,,,,
18296,5604260278428,640.0,PorSi,"Iogurte líquido pinacolada,  4 x 160 g",,1.38,2.16,0,kg,€/Kg,2024-08-02T23:59:59.999999999+01:00,PROSPECTUS,https://driveimg1.intermarche.com/pt/Content/images/boitmal/produit/zoom/E2D38B384B5C05E85037B10175E3330E.jpg,,,1000 Artigos,17,1,,,,
973,5601024105020,1000.0,Fula,Óleo alimentar,Embalagem 1L,2.02,2.02,1000,L,€/L,2024-08-02T23:59:59.999999999+01:00,PROSPECTUS,https://driveimg1.intermarche.com/pt/Content/images/boitmal/produit/zoom/82D3E88293E42CC5B178C569AA9B57E6.jpg,,,1000 Artigos,17,1,,,,
1114,5601066300780,500.0,Nacional,Massa de macarrão riscado,Embalagem de 500g,0.99,1.98,0,kg,€/Kg,2024-07-17T23:59:59.999999999+01:00,PROSPECTUS,https://driveimg1.intermarche.com/pt/Content/images/boitmal/produit/zoom/4E586B0F43C13026DBE291FFB6AC87A9.jpg,,,,17,1,,,,
13893,2891043000000,1000.0,Porco,Entrecosto,Vendido ao peso a partir de 1 kg,6.28,6.28,0,,€/Kg,2024-07-17T23:59:59.999999999+01:00,PROSPECTUS,https://driveimg1.intermarche.com/pt/Content/images/boitmal/produit/zoom/AA05EE99D302D59771FCC108473E0700.jpg,,,,17,1,,,,
1480,5601314000073,9000.0,Vitalis,"Água mineral sem gás, pack 6 x 1.5 l",,2.59,0.29,9000,L,€/L,2024-07-17T23:59:59.999999999+01:00,PROSPECTUS,https://driveimg1.intermarche.com/pt/Content/images/boitmal/produit/zoom/DBABD0E3FAFA221D73AE3D490EFE7F8E.jpg,,,,17,1,,,,
14858,2696002000000,250.0,PorSi,Baguete,250 g,0.44,1.76,0,kg,€/Kg,2024-07-17T23:59:59.999999999+01:00,PROSPECTUS,https://driveimg1.intermarche.com/pt/Content/images/boitmal/produit/zoom/8311AC325D7D7C5FB5753C9B337353B0.jpg,,,,17,1,,,,
2072,5604260193516,1000.0,PorSi,"Néctar pêssego, prisma",Embalagem de 1 l,0.96,0.96,1000,L,€/L,2024-07-17T23:59:59.999999999+01:00,PROSPECTUS,https://driveimg1.intermarche.com/pt/Content/images/boitmal/produit/zoom/B29D4F2CB69685F48D5CAFE4294E327C.jpg,,,,17,1,,,,
34077,5604260287284,1500.0,PorSi,"Iogurte natural, 12 x 125g",,2.18,1.45,0,kg,€/Kg,2024-08-02T23:59:59.999999999+01:00,PROSPECTUS,https://driveimg1.intermarche.com/pt/Content/images/boitmal/produit/zoom/3965ED928DFAC6A0B27DB3EED0D09D6B.jpg,,,1000 Artigos,17,1,,,,
36728,5604260294343,1000.0,PorSi,Arroz carolino,Embalagem de 1 kg,1.25,1.25,0,kg,€/Kg,2024-08-02T23:59:59.999999999+01:00,PROSPECTUS,https://driveimg1.intermarche.com/pt/Content/images/boitmal/produit/zoom/10350363E0DE37B1698299EA7835EFEE.jpg,,,1000 Artigos,17,1,,,,
38934,5601164863217,500.0,Somersby,Sidra de maçã,Lata de 500 ml,1.29,2.58,500,L,€/L,2024-07-17T23:59:59.999999999+01:00,PROSPECTUS,https://driveimg1.intermarche.com/pt/Content/images/boitmal/produit/zoom/64CF85A6EEB2D34A86BD341A630D0BDD.jpg,,,,17,1,,,,
40749,5604260304158,1000.0,PorSi,Detergente liquido loiça clássico,Garrafa de 1 litro,0.89,0.89,1000,L,€/L,2024-08-02T23:59:59.999999999+01:00,PROSPECTUS,https://driveimg1.intermarche.com/pt/Content/images/boitmal/produit/zoom/AF2F1189F25F58E20EE8C7BA2141119A.jpg,,,1000 Artigos,17,1,,,,
40925,8710522652138,240.0,Calvé,Maionese,Embalagem de 240g,1.59,6.63,0,kg,€/Kg,2024-07-17T23:59:59.999999999+01:00,PROSPECTUS,https://driveimg1.intermarche.com/pt/Content/images/boitmal/produit/zoom/BAE5DB5E204D247526D3D3D4E5D5A52E.jpg,https://driveimg1.intermarche.com/pt/Content/images/boitmal/produit/zoom/8E23B17512BCD2C444A6228885CC4217.jpg,https://driveimg1.intermarche.com/pt/Content/images/boitmal/produit/zoom/8E23B17512BCD2C444A6228885CC4217.jpg,,17,1,,,,
45212,5604260313440,,PorSi,Toalhitas Bebé Basic,Embalagem de 72 unidades,0.89,0.89,0,,€/Unidade,2024-08-02T23:59:59.999999999+01:00,PROSPECTUS,https://driveimg1.intermarche.com/pt/Content/images/boitmal/produit/zoom/856ACD070E028237EAE2C96F31396D77.jpg,,,1000 Artigos,17,1,,,,
4940,5449000008435,4000.0,Coca-Cola,Refrigerante c/ gás zero,pack 4 x 1 l,4.29,1.07,4000,L,€/L,2024-07-17T23:59:59.999999999+01:00,PROSPECTUS,https://driveimg1.intermarche.com/pt/Content/images/boitmal/produit/zoom/33F2C9EB56024D40DAD7EC1E9D0325EB.jpg,https://driveimg1.intermarche.com/pt/Content/images/boitmal/produit/zoom/B0582A66476893C4C2DEFB301BE67AA7.jpg,,,17,1,,,,
927,5601001180903,380.0,Nestlé,Cereais chocapic,Embalagem de 375 g,2.29,6.03,0,kg,€/Kg,2024-08-02T23:59:59.999999999+01:00,PROSPECTUS,https://driveimg1.intermarche.com/pt/Content/images/boitmal/produit/zoom/6DE0110672BED70DCD1FFE94A66DEB48.jpg,,,1000 Artigos,17,1,,,,
9292,5603722493812,250.0,Matinal,Manteiga Magra,Embalagem de 250g,2.29,9.16,0,kg,€/Kg,2024-07-17T23:59:59.999999999+01:00,PROSPECTUS,https://driveimg1.intermarche.com/pt/Content/images/boitmal/produit/zoom/B0EFE8F0BAC9D546B0137E2AAE6CB19F.jpg,,,,17,1,,,,
12889,2892175000000,150.0,Fruta,Kiwi categoria II,1 un = 150 gr (aprox.),0.49,3.29,0,,€/Kg,2024-07-17T23:59:59.999999999+01:00,PROSPECTUS,https://driveimg1.intermarche.com/pt/Content/images/boitmal/produit/zoom/8ECB4A8CBEF9251912188D64C7413AB3.jpg,,,,17,1,,,,
17272,2891375000000,800.0,Novilho,Carne p/ Estufar,Vendido ao peso a partir de 800 g,6.79,8.49,0,,€/Kg,2024-07-17T23:59:59.999999999+01:00,PROSPECTUS,https://driveimg1.intermarche.com/pt/Content/images/boitmal/produit/zoom/74A9E71258207F3FD300DB35B0F5BB18.jpg,,,,17,1,,,,
18298,5604260278459,640.0,PorSi,"Iogurte líquido morango,  4 x 160 g",,1.38,2.16,0,kg,€/Kg,2024-08-02T23:59:59.999999999+01:00,PROSPECTUS,https://driveimg1.intermarche.com/pt/Content/images/boitmal/produit/zoom/9B284E13E8C95C5E0A5B9E9B9B54FC18.jpg,,,1000 Artigos,17,1,,,,
18842,5601070000508,500.0,Cristal,Vinagre vinho branco 500ml,Garrafa de 500 ml,1.03,2.06,500,L,€/L,2024-07-17T23:59:59.999999999+01:00,PROSPECTUS,https://driveimg1.intermarche.com/pt/Content/images/boitmal/produit/zoom/9B1BDF2A3E3E9679D43CD22EA6D9C158.jpg,,,,17,1,,,,
19447,5604260278473,640.0,PorSi,"Iogurte líquido de frutos vermelhos,  4 x 160 g",,1.38,2.16,0,kg,€/Kg,2024-08-02T23:59:59.999999999+01:00,PROSPECTUS,https://driveimg1.intermarche.com/pt/Content/images/boitmal/produit/zoom/891F6EF8D7281D5B469468F4C3F4A246.jpg,,,1000 Artigos,17,1,,,,
2074,5604260193554,1000.0,PorSi,Néctar pera,Embalagem de 1 l,0.96,0.96,1000,L,€/L,2024-07-17T23:59:59.999999999+01:00,PROSPECTUS,https://driveimg1.intermarche.com/pt/Content/images/boitmal/produit/zoom/EC5D7235941CEBB11AB8301EBCF4E95C.jpg,,,,17,1,,,,
28608,5604260282821,160.0,PorSi,"Iogurte Líquido Frutos Tropicais, 4 x 160g",,1.38,8.63,0,kg,€/Kg,2024-08-02T23:59:59.999999999+01:00,PROSPECTUS,https://driveimg1.intermarche.com/pt/Content/images/boitmal/produit/zoom/EB7AD688B381BBBCE16BBE5DF0C318EE.jpg,,,1000 Artigos,17,1,,,,
30168,2696660000000,80.0,Padaria,Cacetinho de Trigo,80 g,0.2,2.5,0,kg,€/Kg,2024-07-17T23:59:59.999999999+01:00,PROSPECTUS,https://driveimg1.intermarche.com/pt/Content/images/boitmal/produit/zoom/061A32F66C5467484869F7F4ECEA0767.jpg,,,,17,1,,,,
405,8712566410910,280.0,Calvé,Ketchup,Embalagem de 280g,1.86,6.64,0,kg,€/Kg,2024-07-17T23:59:59.999999999+01:00,PROSPECTUS,https://driveimg1.intermarche.com/pt/Content/images/boitmal/produit/zoom/D7E099A6ABAECF4C5D06260734A2C975.jpg,https://driveimg1.intermarche.com/pt/Content/images/boitmal/produit/zoom/0D7B165FF00CA45BD8F6AC077E3CA1EC.jpg,https://driveimg1.intermarche.com/pt/Content/images/boitmal/produit/zoom/0D7B165FF00CA45BD8F6AC077E3CA1EC.jpg,,17,1,,,,
40750,5604260304165,1000.0,PorSi,Detergente liquido loiça limão,Garrafa de 1 litro,0.89,0.89,1000,L,€/L,2024-08-02T23:59:59.999999999+01:00,PROSPECTUS,https://driveimg1.intermarche.com/pt/Content/images/boitmal/produit/zoom/133A79C299237D7021118245D0D00D2E.jpg,,,1000 Artigos,17,1,,,,
41716,5604260303809,90.0,PorSi,Saqueta de puré de fruta | maçã + pêssego + banana + pera,90 g,0.74,8.22,0,kg,€/Kg,2024-08-02T23:59:59.999999999+01:00,PROSPECTUS,https://driveimg1.intermarche.com/pt/Content/images/boitmal/produit/zoom/BA821088BC22D810D2198777A3EC5FCD.jpg,,,1000 Artigos,17,1,,,,
9279,5603533652002,1000.0,Frize,Água c/ gás limão,pack 4 x 0.25 l,1.99,1.99,1000,L,€/L,2024-08-02T23:59:59.999999999+01:00,PROSPECTUS,https://driveimg1.intermarche.com/pt/Content/images/boitmal/produit/zoom/5168323A2D812BEF907FCB0E5F1CDA9E.jpg,,,1000 Artigos,17,1,,,,
1010,5601038300091,240.0,Knorr,Caldo de galinha 24 cubos,Embalagem de 240g,2.49,10.38,0,kg,€/Kg,2024-08-02T23:59:59.999999999+01:00,PROSPECTUS,https://driveimg1.intermarche.com/pt/Content/images/boitmal/produit/zoom/4EAB67797AD4AB1D62B7E64BA0380D8B.jpg,,,1000 Artigos,17,1,,,,
1108,5601066300087,500.0,Nacional,Massa de cotovelinhos,Embalagem de 500g,0.99,1.98,0,kg,€/Kg,2024-07-17T23:59:59.999999999+01:00,PROSPECTUS,https://driveimg1.intermarche.com/pt/Content/images/boitmal/produit/zoom/3C947C343F18C9B0CC5D66D04FA630B6.jpg,,,,17,1,,,,
11524,5601051420028,250.0,Primor,Manteiga sem sal,Embalagem de 250g,1.99,7.96,0,kg,€/Kg,2024-07-17T23:59:59.999999999+01:00,PROSPECTUS,https://driveimg1.intermarche.com/pt/Content/images/boitmal/produit/zoom/B2FFA6A89B700950590104B0F7BA500E.jpg,,,,17,1,,,,
11641,5601180001020,1000.0,Vigor,Leite pasteurizado meio gordo,Garrafa de 1 l,0.98,0.98,1000,L,€/L,2024-08-02T23:59:59.999999999+01:00,PROSPECTUS,https://driveimg1.intermarche.com/pt/Content/images/boitmal/produit/zoom/27E81D9C59177D8FE66A1E22F472A238.jpg,,,1000 Artigos,17,1,,,,
1293,5601151398104,630.0,Compal,Pack de 3 embalagens de polpa de tomate,Embalagem de 630g,1.49,2.37,0,kg,€/Kg,2024-07-17T23:59:59.999999999+01:00,PROSPECTUS,https://driveimg1.intermarche.com/pt/Content/images/boitmal/produit/zoom/2F7BD591A6A78BA4615EC03A19AC4973.jpg,,,,17,1,,,,
12946,2892155000000,250.0,Fruta,Ameixa Vermelha,1 un = 250 gr  (aprox.),0.55,2.19,0,,€/Kg,2024-07-17T23:59:59.999999999+01:00,PROSPECTUS,https://driveimg1.intermarche.com/pt/Content/images/boitmal/produit/zoom/1F3553DA3EF8F6B165B1563A2EC408C3.jpg,,,,17,1,,,,
15577,5604260279166,125.0,PorSi,Framboesa,Embalagem com 125g,1.39,11.12,0,kg,€/Kg,2024-07-17T23:59:59.999999999+01:00,PROSPECTUS,https://driveimg1.intermarche.com/pt/Content/images/boitmal/produit/zoom/498DD3B7B51C2A37F7C64567752911E7.jpg,,,,17,1,,,,
18295,5604260278411,640.0,PorSi,"Iogurte líquido morango/cereais,  4 x 160 g",,1.38,2.16,0,kg,€/Kg,2024-08-02T23:59:59.999999999+01:00,PROSPECTUS,https://driveimg1.intermarche.com/pt/Content/images/boitmal/produit/zoom/E44EF7A495B5D88032D3F10A44D3886E.jpg,,,1000 Artigos,17,1,,,,
18489,5600744051020,198.0,Saborosa,Bolacha de manteiga belga c/ chocolate,Embalagem de 200g,1.64,8.28,0,kg,€/Kg,2024-07-17T23:59:59.999999999+01:00,PROSPECTUS,https://driveimg1.intermarche.com/pt/Content/images/boitmal/produit/zoom/EC85EF320199ECBED8BA18BD4452787A.jpg,,,,17,1,,,,
19539,7613035610156,250.0,Sical,Café 5 estrelas moído tradição,Embalagem de 250g,2.79,11.16,0,kg,€/Kg,2024-07-17T23:59:59.999999999+01:00,PROSPECTUS,https://driveimg1.intermarche.com/pt/Content/images/boitmal/produit/zoom/05F298B6158A264F26FCA1105F30811A.jpg,https://driveimg1.intermarche.com/pt/Content/images/boitmal/produit/zoom/2888C77DDA1DB5E5E1FA7EF4EE8D9964.jpg,,,17,1,,,,
2079,5604260193646,1000.0,PorSi,"Néctar ananás, prisma",Garrafa de 1 l,0.96,0.96,1000,L,€/L,2024-07-17T23:59:59.999999999+01:00,PROSPECTUS,https://driveimg1.intermarche.com/pt/Content/images/boitmal/produit/zoom/10E9329F83000135085CDE8D45A5A26A.jpg,,,,17,1,,,,
26091,7613036115575,550.0,Nestlé,Cereais estrelitas,Embalagem de 550g,2.99,5.44,0,kg,€/Kg,2024-07-17T23:59:59.999999999+01:00,PROSPECTUS,https://driveimg1.intermarche.com/pt/Content/images/boitmal/produit/zoom/C94C2BEBB47FF1CA98FCF1DC9BAD855D.jpg,,,,17,1,,,,
35297,5601314223205,500.0,Vitalis,Água sem gás,Garrafa de 0.5 l,0.3,0.6,500,L,€/L,2024-07-17T23:59:59.999999999+01:00,PROSPECTUS,https://driveimg1.intermarche.com/pt/Content/images/boitmal/produit/zoom/341D6A72BBB8AB6BB829B689761B2A68.jpg,,,,17,1,,,,
36704,5604260300655,385.0,PorSi,Atum posta ao natural,Lata de 385 g,2.74,7.12,0,kg,€/Kg,2024-08-02T23:59:59.999999999+01:00,PROSPECTUS,https://driveimg1.intermarche.com/pt/Content/images/boitmal/produit/zoom/98B8D8AF95627C26A14A019E67211289.jpg,,,1000 Artigos,17,1,,,,
36774,5604260300686,640.0,PorSi,"Iogurte liquido stracciatella,  4 x 160 g",,1.28,2.0,0,kg,€/Kg,2024-08-02T23:59:59.999999999+01:00,PROSPECTUS,https://driveimg1.intermarche.com/pt/Content/images/boitmal/produit/zoom/CA76E60A3E29F3063FEC78B659667DD6.jpg,,,1000 Artigos,17,1,,,,
40769,5604260301942,300.0,PorSi,Comida húmida para cão,Embalagem de 300 g,0.75,2.5,0,kg,€/Kg,2024-08-02T23:59:59.999999999+01:00,PROSPECTUS,https://driveimg1.intermarche.com/pt/Content/images/boitmal/produit/zoom/D90B7AD78A8FE4F93D83927A0C609BE3.jpg,,,1000 Artigos,17,1,,,,
41719,5604260303793,90.0,PorSi,Saqueta de puré de fruta | maçã + banana,90 g,0.74,8.22,0,kg,€/Kg,2024-08-02T23:59:59.999999999+01:00,PROSPECTUS,https://driveimg1.intermarche.com/pt/Content/images/boitmal/produit/zoom/917C5C6898063E49F7861F32B2346FD5.jpg,,,1000 Artigos,17,1,,,,
42625,5604260309832,1000.0,PorSi,Farinha de trigo sem fermento t55,Embalagem de 1 kg,0.69,0.69,0,kg,€/Kg,2024-08-02T23:59:59.999999999+01:00,PROSPECTUS,https://driveimg1.intermarche.com/pt/Content/images/boitmal/produit/zoom/EF956CFC77024866F5D3B9C6A4D0EA3B.jpg,,,1000 Artigos,17,1,,,,
49084,5604260323562,300.0,PorSi,8 rissóis de carne,Embalagem de 300g,1.28,4.27,0,kg,€/Kg,2024-08-02T23:59:59.999999999+01:00,PROSPECTUS,https://driveimg1.intermarche.com/pt/Content/images/boitmal/produit/zoom/217225786E9180EDB8CCAEEA81B08902.jpg,,,1000 Artigos,17,1,,,,
49460,7613287300362,99.0,Nescafé,Café Buondi Intensidade 8,16 cápsulas,4.99,50.4,0,kg,€/Kg,2024-07-17T23:59:59.999999999+01:00,PROSPECTUS,https://driveimg1.intermarche.com/pt/Content/images/boitmal/produit/zoom/80D095BD8937186A634C0603F93E6D9A.jpg,,,,17,1,,,,
52013,5601146100026,1000.0,Sagres,Cerveja com Álcool preta,Garrafa de 1 l,1.74,1.74,1000,L,€/L,2024-07-17T23:59:59.999999999+01:00,PROSPECTUS,https://driveimg1.intermarche.com/pt/Content/images/boitmal/produit/zoom/8EDCC3FD0D7835AFB60E55A1E05FEB5F.jpg,,,,17,1,,,,
52758,5604260329601,200.0,PorSi Viva Bem,"Iogurte Proteico Figo e Mel Sem Lactose,  200g",,0.98,4.9,0,kg,€/Kg,2024-08-02T23:59:59.999999999+01:00,PROSPECTUS,https://driveimg1.intermarche.com/pt/Content/images/boitmal/produit/zoom/404D41F5B1208431BF169CB7EE17F294.jpg,,,1000 Artigos,17,1,,,,
8391,5601049159992,1000.0,Mimosa,Leite especial cálcio + vitamina d magro,Garrafa de 1 l,0.98,0.98,1000,L,€/L,2024-07-17T23:59:59.999999999+01:00,PROSPECTUS,https://driveimg1.intermarche.com/pt/Content/images/boitmal/produit/zoom/9A4AD44FB60B5A45579B826AAB547587.jpg,,,,17,1,,,,
944,5601001339301,200.0,Nestlé,Mistura solúvel mokambo,Embalagem de 200g,3.99,19.95,0,kg,€/Kg,2024-08-02T23:59:59.999999999+01:00,PROSPECTUS,https://driveimg1.intermarche.com/pt/Content/images/boitmal/produit/zoom/A8F3A8EB08BBF4181F15A95334F151A2.jpg,,,1000 Artigos,17,1,,,,
10274,8410436242172,1100.0,Sonasol,Lava Tudo Brilhante Floral,"embalagem 1,1L",2.79,2.54,1100,L,€/L,2024-08-02T23:59:59.999999999+01:00,PROSPECTUS,https://driveimg1.intermarche.com/pt/Content/images/boitmal/produit/zoom/45AE65B29796E27661779732657737AC.jpg,,,1000 Artigos,17,1,,,,
1117,5601066301404,500.0,Nacional,Linguini,Embalagem de 500g,0.99,1.98,0,kg,€/Kg,2024-07-17T23:59:59.999999999+01:00,PROSPECTUS,https://driveimg1.intermarche.com/pt/Content/images/boitmal/produit/zoom/5543DBB1F6781E2C307E0B4DE4206633.jpg,,,,17,1,,,,
11418,5449000020024,4000.0,Coca-Cola,Refrigerante  c/ gás regular,pack 4 x 1 l,4.94,1.24,4000,L,€/L,2024-07-17T23:59:59.999999999+01:00,PROSPECTUS,https://driveimg1.intermarche.com/pt/Content/images/boitmal/produit/zoom/2D87E5C0C9B50C36B31B6AAE2DD8ADBC.jpg,https://driveimg1.intermarche.com/pt/Content/images/boitmal/produit/zoom/CA0D8B97BB868D45B944027647273BDD.jpg,,,17,1,,,,
11466,5601018004605,200.0,Gresso,Nata Uht para Bater,Embalagem de 200 ml,0.79,3.95,200,L,€/L,2024-07-17T23:59:59.999999999+01:00,PROSPECTUS,https://driveimg1.intermarche.com/pt/Content/images/boitmal/produit/zoom/F0BDEBD8FC14852BBFA2B30DDCAEC8DB.jpg,,,,17,1,,,,
11640,5601180000993,1000.0,Vigor,Leite pasteurizado gordo,Garrafa de 1 l,0.98,0.98,1000,L,€/L,2024-08-02T23:59:59.999999999+01:00,PROSPECTUS,https://driveimg1.intermarche.com/pt/Content/images/boitmal/produit/zoom/D35A2632D9FCF31B32BD4205099C2552.jpg,,,1000 Artigos,17,1,,,,
11685,5601244202042,150.0,Terra Nostra,"Queijo flamengo, ralado",Embalagem de 150g,1.49,9.93,0,kg,€/Kg,2024-07-17T23:59:59.999999999+01:00,PROSPECTUS,https://driveimg1.intermarche.com/pt/Content/images/boitmal/produit/zoom/D57397560EC0A59BBB96B5304E9DEE30.jpg,,,,17,1,,,,
11688,5601244202318,200.0,Terra Nostra,Queijo flamengo em fatias,Embalagem de 200g,2.19,10.95,0,kg,€/Kg,2024-07-17T23:59:59.999999999+01:00,PROSPECTUS,https://driveimg1.intermarche.com/pt/Content/images/boitmal/produit/zoom/1AC37D1F5312990D8FFDE85110EEAFAE.jpg,,,,17,1,,,,
11942,5603533492202,1000.0,Frize,Água c/ gás groselha,pack 4 x 0.25 l,1.99,1.99,1000,L,€/L,2024-08-02T23:59:59.999999999+01:00,PROSPECTUS,https://driveimg1.intermarche.com/pt/Content/images/boitmal/produit/zoom/1BCB2445A8F41EC02B613ABED34EE191.jpg,,,1000 Artigos,17,1,,,,
1195,5601119230224,650.0,Nobre,Salsichas extra suculentas,Frasco de 650 g,2.09,3.22,0,kg,€/Kg,2024-07-17T23:59:59.999999999+01:00,PROSPECTUS,https://driveimg1.intermarche.com/pt/Content/images/boitmal/produit/zoom/8D9323C0AA785F7D26E063775F0C6C13.jpg,,,,17,1,,,,
1224,5601146000104,1000.0,Sagres,Cerveja com álcool,Garrafa de 1 l,1.74,1.74,1000,L,€/L,2024-07-17T23:59:59.999999999+01:00,PROSPECTUS,https://driveimg1.intermarche.com/pt/Content/images/boitmal/produit/zoom/61199517C4A36CE8AA54F4F59C81BAB3.jpg,,,,17,1,,,,
1292,5601151354452,1000.0,Compal,"Néctar vital equilibrio manga e laranja, 1 l",,1.19,1.19,1000,L,€/L,2024-07-17T23:59:59.999999999+01:00,PROSPECTUS,https://driveimg1.intermarche.com/pt/Content/images/boitmal/produit/zoom/30D2BA582C7246DE27BB90D053759BF5.jpg,,,,17,2,,,,
12956,2892018000000,300.0,Fruta,Toranja,1 un = 300 gr  (aprox.),0.45,1.49,0,,€/Kg,2024-07-17T23:59:59.999999999+01:00,PROSPECTUS,https://driveimg1.intermarche.com/pt/Content/images/boitmal/produit/zoom/C4B20F4AC0B35607B7246EDE01CE879E.jpg,,,,17,2,,,,
1301,5601151660751,410.0,Compal,Feijão encarnado,Lata de 410ml,1.09,2.66,410,L,€/L,2024-07-17T23:59:59.999999999+01:00,PROSPECTUS,https://driveimg1.intermarche.com/pt/Content/images/boitmal/produit/zoom/DCE7303C6541213F906341A870E69C47.jpg,,,,17,2,,,,
1310,5601151979969,140.0,Compal,Compal da horta concentrado tomate,Embalagem de 140g,0.99,7.07,0,kg,€/Kg,2024-07-17T23:59:59.999999999+01:00,PROSPECTUS,https://driveimg1.intermarche.com/pt/Content/images/boitmal/produit/zoom/9A5812864404A787E39139B51FC70102.jpg,,,,17,2,,,,
1315,5601151983508,1250.0,Seven-up,Refrigerante com Gás Lima Limão,"Garrafa de 1,25 l",1.19,0.95,1250,L,€/L,2024-08-02T23:59:59.999999999+01:00,PROSPECTUS,https://driveimg1.intermarche.com/pt/Content/images/boitmal/produit/zoom/D7ADD067C52BBE29F907539EA3813D05.jpg,,,1000 Artigos,17,2,,,,
13242,2893227000000,200.0,Peixaria,Robalo de Viveiro,de 200 a 600 g (aprox.),1.16,5.79,0,,€/Kg,2024-07-17T23:59:59.999999999+01:00,PROSPECTUS,https://driveimg1.intermarche.com/pt/Content/images/boitmal/produit/zoom/48561D1FC8B0542874DDBC21F2E9ADCA.jpg,,,,17,2,,,,
13839,2891006000000,800.0,Novilho,Bife da Pá,Vendido ao peso a partir de 800 g,7.19,8.99,0,,€/Kg,2024-07-17T23:59:59.999999999+01:00,PROSPECTUS,https://driveimg1.intermarche.com/pt/Content/images/boitmal/produit/zoom/CFA6C3958119482911BB8DE0A0199C98.jpg,,,,17,2,,,,
1436,5601260038106,1000.0,Cigala,Arroz brajma,Embalagem de 1 kg,2.54,2.54,0,kg,€/Kg,2024-07-17T23:59:59.999999999+01:00,PROSPECTUS,https://driveimg1.intermarche.com/pt/Content/images/boitmal/produit/zoom/61072CF34FC0F6BAB0BEEADB6DBF8C24.jpg,,,,17,2,,,,
1458,5601286220783,500.0,Milaneza,Massa de cotovelos grossos,Embalagem de 500g,1.55,3.1,0,kg,€/Kg,2024-07-17T23:59:59.999999999+01:00,PROSPECTUS,https://driveimg1.intermarche.com/pt/Content/images/boitmal/produit/zoom/3227F59B4850D93351548A67BD46CA40.jpg,,,,17,2,,,,
15038,2892255000000,2500.0,Programa Origens,Melão Branco,Vendido ao peso | 1 un = 2.5 kg (aprox.),2.98,1.19,0,,€/Kg,2024-07-17T23:59:59.999999999+01:00,PROSPECTUS,https://driveimg1.intermarche.com/pt/Content/images/boitmal/produit/zoom/1907C0AEFCB3376B09C7B915B4809CC0.jpg,,,,17,2,,,,
15503,8410500018931,400.0,Danonino Danone,"Iogurte líquido danonino tutti-frutti,  4 x 100 g",,1.99,4.98,0,kg,€/Kg,2024-07-17T23:59:59.999999999+01:00,PROSPECTUS,https://driveimg1.intermarche.com/pt/Content/images/boitmal/produit/zoom/E9A644740B00EFD95B05B4DA40640B6A.jpg,,,,17,2,,,,
16003,5000116109630,300.0,Capitão Iglo,12 douradinhos forníssimo,Embalagem de 300g,3.49,11.63,0,kg,€/Kg,2024-07-17T23:59:59.999999999+01:00,PROSPECTUS,https://driveimg1.intermarche.com/pt/Content/images/boitmal/produit/zoom/233E9FC9471A71F1B4977B2D8B4AFE95.jpg,,,Tipo de stockagem,17,2,,,,
16042,8410022000025,200.0,Donuts,Donuts classic,Embalagem de 200g,2.19,10.95,0,kg,€/Kg,2024-07-17T23:59:59.999999999+01:00,PROSPECTUS,https://driveimg1.intermarche.com/pt/Content/images/boitmal/produit/zoom/9DE87D45842580C95F36B655B1BA5FC5.jpg,,,,17,2,,,,
17174,2891285000000,1000.0,Novilho,Costeletão,Vendido ao peso a partir de 1 kg,6.99,6.99,0,,€/Kg,2024-07-17T23:59:59.999999999+01:00,PROSPECTUS,https://driveimg1.intermarche.com/pt/Content/images/boitmal/produit/zoom/3119B572BBCB66D5B0D8D4234718B722.jpg,,,,17,2,,,,
17892,5601082039800,220.0,Delta Q,Café xl qalidus cápsulas,Embalagem de 220g,14.99,68.14,0,kg,€/Kg,2024-08-02T23:59:59.999999999+01:00,PROSPECTUS,https://driveimg1.intermarche.com/pt/Content/images/boitmal/produit/zoom/366FA5D4E032D6F1950F570ABB5EB801.jpg,,,1000 Artigos,17,2,,,,
18079,5601066400923,180.0,Nacional,Bolacha shortcake,Embalagem de 180g,1.34,7.44,0,kg,€/Kg,2024-07-17T23:59:59.999999999+01:00,PROSPECTUS,https://driveimg1.intermarche.com/pt/Content/images/boitmal/produit/zoom/A284E5FC1A6E1FA3EC9C3B429775498D.jpg,,,,17,2,,,,
18488,5600744051013,220.0,Saborosa,Bolacha de manteiga belga original,Embalagem de 220g,1.59,7.23,0,kg,€/Kg,2024-07-17T23:59:59.999999999+01:00,PROSPECTUS,https://driveimg1.intermarche.com/pt/Content/images/boitmal/produit/zoom/E47AEEFDB6078E82F552ABDA38861231.jpg,,,,17,2,,,,
1966,5604260061563,210.0,PorSi,Bolachas waffers chocolate,Embalagem de 210g,1.17,5.57,0,kg,€/Kg,2024-08-02T23:59:59.999999999+01:00,PROSPECTUS,https://driveimg1.intermarche.com/pt/Content/images/boitmal/produit/zoom/E92C257493404A909F14CAEAF9D2A018.jpg,,,1000 Artigos,17,2,,,,
20512,5601070000539,500.0,Cristal,"Vinagre de sidra, garrafa de 500 ml",,1.03,2.06,500,L,€/L,2024-07-17T23:59:59.999999999+01:00,PROSPECTUS,https://driveimg1.intermarche.com/pt/Content/images/boitmal/produit/zoom/9D9C0ABCCB2F9B4978C4235B9D5FED76.jpg,,,,17,2,,,,
22338,8715700422084,400.0,Heinz,Maionese top down,Garrafa de 400 ml,3.79,9.48,400,L,€/L,2024-07-17T23:59:59.999999999+01:00,PROSPECTUS,https://driveimg1.intermarche.com/pt/Content/images/boitmal/produit/zoom/C7D9780039707961F74CCE9BB4A3738B.jpg,,,,17,2,,,,
23469,8410500020453,280.0,Danonino Danone,"Danonino para levar, polpa de morango,  4 x 70 g",,2.14,7.64,0,kg,€/Kg,2024-07-17T23:59:59.999999999+01:00,PROSPECTUS,https://driveimg1.intermarche.com/pt/Content/images/boitmal/produit/zoom/BCB8B07B4A9632B9CA3C8436CD26979D.jpg,,,,17,2,,,,
25375,5601050033441,620.0,Danone,"Iogurte activia líquido manga e papaia,  4 x 155 g",,1.99,3.21,0,kg,€/Kg,2024-07-17T23:59:59.999999999+01:00,PROSPECTUS,https://driveimg1.intermarche.com/pt/Content/images/boitmal/produit/zoom/A96AE19E74579E9FA5D5277C47DE6D86.jpg,,,,17,2,,,,
25597,5601151979303,1200.0,Bongo,Néctar 8 frutos,Pack 6 x 200 ml,2.19,1.83,1200,L,€/L,2024-08-02T23:59:59.999999999+01:00,PROSPECTUS,https://driveimg1.intermarche.com/pt/Content/images/boitmal/produit/zoom/8F7097498E407AAD3EBA218E9E0D2469.jpg,,,1000 Artigos,17,2,,,,
2672,8410000002904,130.0,Chips Ahoy!,Bolachas chips ahoy,Embalagem de 130g,1.59,12.23,0,kg,€/Kg,2024-07-17T23:59:59.999999999+01:00,PROSPECTUS,https://driveimg1.intermarche.com/pt/Content/images/boitmal/produit/zoom/BD589AC15D17690FDC8560DC4300A108.jpg,,,,17,2,,,,
29243,8001090479617,1015.0,Fairy,Detergente Liquido P/ Lavar Loiça Aloé Vera,Embalagem de 1015 ml,3.49,3.44,1015,L,€/L,2024-07-17T23:59:59.999999999+01:00,PROSPECTUS,https://driveimg1.intermarche.com/pt/Content/images/boitmal/produit/zoom/8CEBE605326AA7B1E200AEE9853F6C8E.jpg,,,,17,2,,,,
29738,8410436324533,1300.0,Sonasol,Lava Tudo Flores Montanha,1.3 l,2.09,1.61,1300,L,€/L,2024-08-02T23:59:59.999999999+01:00,PROSPECTUS,https://driveimg1.intermarche.com/pt/Content/images/boitmal/produit/zoom/619CC29EDCFB8BA35BEA4FA4EA1CE5DD.jpg,,,1000 Artigos,17,2,,,,
30165,8410436320573,1100.0,Sonasol,Lava Tudo Brilhante Eucalipto,"embalagem 1,1L",2.79,2.54,1100,L,€/L,2024-08-02T23:59:59.999999999+01:00,PROSPECTUS,https://driveimg1.intermarche.com/pt/Content/images/boitmal/produit/zoom/1D59B5FEAE0C00D87C9E61FEE70A9A3D.jpg,,,1000 Artigos,17,2,,,,
3526,2894034000000,150.0,Nobre,Fiambre da Perna Extra,1 un = 150 gr (aprox.),2.25,14.99,0,,€/Kg,2024-07-17T23:59:59.999999999+01:00,PROSPECTUS,https://driveimg1.intermarche.com/pt/Content/images/boitmal/produit/zoom/557B46964D51EA0529BF496E616F76D8.jpg,,,,17,2,,,,
37367,5010029000092,215.0,Weetabix,Cereais weetabix originais,Embalagem de 215 g,2.39,11.12,0,kg,€/Kg,2024-07-17T23:59:59.999999999+01:00,PROSPECTUS,https://driveimg1.intermarche.com/pt/Content/images/boitmal/produit/zoom/F3EDCD48286A4DC502E0A8011C6CF4CF.jpg,,,,17,2,,,,
41384,5601050036602,440.0,Danone,"Iogurte grego oikos stracciatella,  4 x 110 g",,1.99,4.52,0,kg,€/Kg,2024-08-02T23:59:59.999999999+01:00,PROSPECTUS,https://driveimg1.intermarche.com/pt/Content/images/boitmal/produit/zoom/A0A6F59B7D5832D67ED1CDB718D78849.jpg,,,1000 Artigos,17,2,,,,
41717,5604260303816,90.0,PorSi,Saqueta de puré de fruta | maçã + pera,90 g,0.74,8.22,0,kg,€/Kg,2024-08-02T23:59:59.999999999+01:00,PROSPECTUS,https://driveimg1.intermarche.com/pt/Content/images/boitmal/produit/zoom/BDC9DCB2575995ED71759BEA2C9A3172.jpg,,,1000 Artigos,17,2,,,,
41718,5604260303823,90.0,PorSi,Saqueta de puré de fruta | maçã + manga + pêssego,90 g,0.74,8.22,0,kg,€/Kg,2024-08-02T23:59:59.999999999+01:00,PROSPECTUS,https://driveimg1.intermarche.com/pt/Content/images/boitmal/produit/zoom/002C0AF35BCBB9E50AC34B89735CDC2C.jpg,,,1000 Artigos,17,2,,,,
41720,5604260303786,90.0,PorSi,Saqueta de puré de fruta | maçã + banana + morango,90 g,0.74,8.22,0,kg,€/Kg,2024-08-02T23:59:59.999999999+01:00,PROSPECTUS,https://driveimg1.intermarche.com/pt/Content/images/boitmal/produit/zoom/D8CF0CCEDABFBBF47BBC90A180FDA1C7.jpg,,,1000 Artigos,17,2,,,,
41774,5604260306718,160.0,PorSi,"Iogurte líquido melão/melancia ,  4x160 ml",,1.38,8.63,160,L,€/L,2024-08-02T23:59:59.999999999+01:00,PROSPECTUS,https://driveimg1.intermarche.com/pt/Content/images/boitmal/produit/zoom/0E8861A4B45608B579787598A7F28EF0.jpg,,,1000 Artigos,17,2,,,,
43519,3600542326414,400.0,Garnier,"Água micelar com rosas pele baça e sensível, 400 ml",,5.19,12.98,400,L,€/L,2024-07-24T23:59:59.999999999+01:00,PROSPECTUS,https://driveimg1.intermarche.com/pt/Content/images/boitmal/produit/zoom/0995394C22262F09412AE81F43A40C2F.jpg,,,,17,2,,,,
43520,8411300478116,400.0,Elvive,Champô argila cabelos normais,Embalagem com 400ml,3.99,9.98,400,L,€/L,2024-07-24T23:59:59.999999999+01:00,PROSPECTUS,https://driveimg1.intermarche.com/pt/Content/images/boitmal/produit/zoom/4FA9549FFEB000EE016E8AB88BD8B66F.jpg,,,,17,2,,,,
44234,8710522854815,257.0,Calvé,Mostarda,Embalagem de 257g,1.68,6.54,0,kg,€/Kg,2024-07-17T23:59:59.999999999+01:00,PROSPECTUS,https://driveimg1.intermarche.com/pt/Content/images/boitmal/produit/zoom/7979D994594677C477DA08ADD5A2E9CB.jpg,,,,17,2,,,,
44797,5601151971444,1000.0,Pepsi,Pepsi max lima,Garrafa de 1 l,0.99,0.99,1000,L,€/L,2024-08-02T23:59:59.999999999+01:00,PROSPECTUS,https://driveimg1.intermarche.com/pt/Content/images/boitmal/produit/zoom/657B12F1DF1E65D0997328121D02B203.jpg,,,1000 Artigos,17,2,,,,
4549,4005808801039,75.0,Nivea,"Creme mãos, caixa média",Embalagem de 75 ml,1.99,26.53,75,L,€/L,2024-07-24T23:59:59.999999999+01:00,PROSPECTUS,https://driveimg1.intermarche.com/pt/Content/images/boitmal/produit/zoom/575504BEFAFD8B7935E5486AE0175773.jpg,,,,17,2,,,,
47656,5600258596994,700.0,Super Pop,Detergente loiça tripla ação limão,700 ml,2.49,3.56,700,L,€/L,2024-07-17T23:59:59.999999999+01:00,PROSPECTUS,https://driveimg1.intermarche.com/pt/Content/images/boitmal/produit/zoom/9B6C1826DA2FD7A5C114D3E60B5F7249.jpg,,,,17,2,,,,
47981,5000116126828,360.0,Capitão Iglo,12 douradinhos de peixe sem glúten,Embalagem de 360g,4.97,13.81,0,kg,€/Kg,2024-07-17T23:59:59.999999999+01:00,PROSPECTUS,https://driveimg1.intermarche.com/pt/Content/images/boitmal/produit/zoom/63F836AC8ABD1A3C0C099FD95D53DBC2.jpg,,,Tipo de stockagem,17,2,,,,
48040,5604260320615,640.0,PorSi Viva Bem,"Iogurte líquido magro frutos vermelhos,  4x160 ml",,1.38,2.16,640,L,€/L,2024-08-02T23:59:59.999999999+01:00,PROSPECTUS,https://driveimg1.intermarche.com/pt/Content/images/boitmal/produit/zoom/FA684AFC50E812150A1E2AF9F6A67F47.jpg,https://driveimg1.intermarche.com/pt/Content/images/boitmal/produit/zoom/8BCFC316C76164C4EB30E1CA8663C5AA.jpg,,1000 Artigos,17,2,,,,
48083,5604260323135,1000.0,PorSi,Oleo alimentar,Garrafa de 1 l,1.49,1.49,1000,L,€/L,2024-08-02T23:59:59.999999999+01:00,PROSPECTUS,https://driveimg1.intermarche.com/pt/Content/images/boitmal/produit/zoom/8B2EE5D82D8A9168ABD059EAAC852768.jpg,,,1000 Artigos,17,2,,,,
48136,8410104893255,,Finish,Detergente Máquina Loiça Quantum Limão,54 pastilhas,10.99,10.99,0,,€/Unidade,2024-07-17T23:59:59.999999999+01:00,PROSPECTUS,https://driveimg1.intermarche.com/pt/Content/images/boitmal/produit/zoom/BCB81A54B54C9570CBEAC655201D41EF.jpg,,,,17,2,,,,
49093,5601082049656,440.0,Delta Q,Cápsulas de Café Grand Qalidus,Embalagem com 80 cápsulas,23.99,54.52,0,kg,€/Kg,2024-07-17T23:59:59.999999999+01:00,PROSPECTUS,https://driveimg1.intermarche.com/pt/Content/images/boitmal/produit/zoom/8DEE7FD145D59AAEDF41BEFA511386BD.jpg,,,,17,2,,,,
49221,5604260322602,90.0,PorSi,Saqueta puré de fruta,Embalagem de 90g,0.74,8.22,0,kg,€/Kg,2024-08-02T23:59:59.999999999+01:00,PROSPECTUS,https://driveimg1.intermarche.com/pt/Content/images/boitmal/produit/zoom/9893E2C7164F12F4E4974DE54879A4ED.jpg,,,1000 Artigos,17,2,,,,
49258,8718951476271,75.0,Colgate,Pasta de Dentes Gengivas Limpeza Interdentária,Embalagem de 75 ml,3.25,43.33,75,L,€/L,2024-07-17T23:59:59.999999999+01:00,PROSPECTUS,https://driveimg1.intermarche.com/pt/Content/images/boitmal/produit/zoom/E7FF1C0096CE044713C2591A9F09FD0E.jpg,,,,17,2,,,,
49463,8445290250322,600.0,Nestum,Flocos Cereais Mel,Embalagem de 600g,3.79,6.32,0,kg,€/Kg,2024-08-02T23:59:59.999999999+01:00,PROSPECTUS,https://driveimg1.intermarche.com/pt/Content/images/boitmal/produit/zoom/9F028579C623CFF4FC3FA9CCEB955938.jpg,,,1000 Artigos,17,2,,,,
50389,8445290351401,,Nescafé,Cápsulas Café Sical Extra Creme Int. 7,Embalagem de 30 unidades,8.99,8.99,30,,€/Unidade,2024-08-02T23:59:59.999999999+01:00,PROSPECTUS,https://driveimg1.intermarche.com/pt/Content/images/boitmal/produit/zoom/D965C0B28E0B826E88C1C747AF626B8F.jpg,,,1000 Artigos,17,2,,,,
51382,8434165608030,150.0,Cuétara,Cuetara marinheiros classicas  *9,Embalagem de 150g,1.49,9.93,0,kg,€/Kg,2024-07-17T23:59:59.999999999+01:00,PROSPECTUS,https://driveimg1.intermarche.com/pt/Content/images/boitmal/produit/zoom/2941898A7B883A384CA2A16BD2F91202.jpg,,,,17,2,,,,
51539,8410436441971,1250.0,Sonasol,Lava Tudo Amoniacal,1.25 litros,2.09,1.67,1250,L,€/L,2024-07-17T23:59:59.999999999+01:00,PROSPECTUS,https://driveimg1.intermarche.com/pt/Content/images/boitmal/produit/zoom/966C0647302090E003E4103374439B62.jpg,,,,17,2,,,,
52313,0000059095569,50.0,Rexona men,Desodorizante Roll On Men Quantum Dry 72H,Embalagem de 50ml,2.99,59.8,50,L,€/L,2024-07-24T23:59:59.999999999+01:00,PROSPECTUS,https://driveimg1.intermarche.com/pt/Content/images/boitmal/produit/zoom/24E5D7AC59EEA01928B1A62F737CFF07.jpg,,,,17,2,,,,
53578,8435495836452,,A+,"Detergente Máquina Roupa Cápsulas Optimal, 38 unidades",,8.99,8.99,38,,€/Unidade,2024-08-02T23:59:59.999999999+01:00,PROSPECTUS,https://driveimg1.intermarche.com/pt/Content/images/boitmal/produit/zoom/A152C9C75F49F8FB49CA4BA0395A8F08.jpg,,,1000 Artigos,17,2,,,,
5901,5604260247523,2000.0,PorSi,Gelado de morango,Embalagem de 2 l,2.99,1.5,2000,L,€/L,2024-08-02T23:59:59.999999999+01:00,PROSPECTUS,https://driveimg1.intermarche.com/pt/Content/images/boitmal/produit/zoom/D82528BBD4537BCDAF3E65EDA0ADB1B7.jpg,,,1000 Artigos,17,2,,,,
6818,8712566118625,390.0,Olá,Gelado supermaxi,Embalagem de 6 x 65 ml,3.09,7.92,390,L,€/L,2024-08-02T23:59:59.999999999+01:00,PROSPECTUS,https://driveimg1.intermarche.com/pt/Content/images/boitmal/produit/zoom/EDD74C84414985483D339FDE915214FB.jpg,https://driveimg1.intermarche.com/pt/Content/images/boitmal/produit/zoom/C78EEEF4719F48D1D9E8F75D0F700815.jpg,https://driveimg1.intermarche.com/pt/Content/images/boitmal/produit/zoom/C78EEEF4719F48D1D9E8F75D0F700815.jpg,1000 Artigos,17,2,,,,
7240,3073780902366,120.0,Babybel,Queijo mini,Embalagem de 6x20 g ,1.99,16.58,0,kg,€/Kg,2024-07-17T23:59:59.999999999+01:00,PROSPECTUS,https://driveimg1.intermarche.com/pt/Content/images/boitmal/produit/zoom/C2AEB33307B3FB83CB9A7C96FA47EBE6.jpg,,,,17,2,,,,
7718,4005900019158,250.0,Nivea Men,Champô Anti-Caspa Power,Embalagem de 250 ml,2.69,10.76,250,L,€/L,2024-07-24T23:59:59.999999999+01:00,PROSPECTUS,https://driveimg1.intermarche.com/pt/Content/images/boitmal/produit/zoom/787AC4B07A1BF209EB450B88F2C510E1.jpg,,,,17,2,,,,
8800,5601244201922,200.0,Terra Nostra,"Queijo em fatias, -50% gordura",Embalagem de 200g,2.29,11.45,0,kg,€/Kg,2024-07-17T23:59:59.999999999+01:00,PROSPECTUS,https://driveimg1.intermarche.com/pt/Content/images/boitmal/produit/zoom/85D15B5E2887AAA1EC03C6E7ECAD1482.jpg,,,,17,2,,,,
974,5601024105051,3000.0,Fula,Óleo alimentar,Embalagem 3L,5.85,1.95,3000,L,€/L,2024-08-02T23:59:59.999999999+01:00,PROSPECTUS,https://driveimg1.intermarche.com/pt/Content/images/boitmal/produit/zoom/E8988831656F5EAF04A94786E82867B7.jpg,,,1000 Artigos,17,2,,,,
1009,5601038300077,80.0,Knorr,Caldo de galinha 8 cubos,Embalagem de 80g,1.49,18.63,0,kg,€/Kg,2024-07-17T23:59:59.999999999+01:00,PROSPECTUS,https://driveimg1.intermarche.com/pt/Content/images/boitmal/produit/zoom/D3644371C96943E641B6137A53588BE4.jpg,,,,17,2,,,,
10512,8435250439577,232.0,Nestlé,"Iogurte mix-in nesquik,  2 x 115 g",,1.99,8.58,0,kg,€/Kg,2024-08-02T23:59:59.999999999+01:00,PROSPECTUS,https://driveimg1.intermarche.com/pt/Content/images/boitmal/produit/zoom/B4A9B3F7F589CA090A23F817C058A787.jpg,,,1000 Artigos,17,2,,,,
10513,8435250439591,236.0,Nestlé,"Iogurte mix-in chocapic,  2 x 118 g",,1.99,8.43,0,kg,€/Kg,2024-08-02T23:59:59.999999999+01:00,PROSPECTUS,https://driveimg1.intermarche.com/pt/Content/images/boitmal/produit/zoom/0789BA3D2E6EA8E7B9EBDD728E77A7C3.jpg,,,1000 Artigos,17,2,,,,
10669,8714789703046,360.0,Palmolive,Sabonete sensitive,Embalagem de 4x90 g,3.39,9.42,0,kg,€/Kg,2024-07-24T23:59:59.999999999+01:00,PROSPECTUS,https://driveimg1.intermarche.com/pt/Content/images/boitmal/produit/zoom/E1B6CB90823C0471DEECAE12A1EACB59.jpg,,,,17,2,,,,
1118,5601066301428,500.0,Nacional,Esparguete fino,Embalagem de 500g,0.99,1.98,0,kg,€/Kg,2024-07-17T23:59:59.999999999+01:00,PROSPECTUS,https://driveimg1.intermarche.com/pt/Content/images/boitmal/produit/zoom/67F0D19883C839DBA45E58C8EE2EE72B.jpg,,,,17,2,,,,
11672,5601217126399,1650.0,Woolite,Detergente líquido p/ máquina lavar roupa cores escuras,"Garrafa de 1,65 l",6.99,4.24,1650,L,€/L,2024-08-02T23:59:59.999999999+01:00,PROSPECTUS,https://driveimg1.intermarche.com/pt/Content/images/boitmal/produit/zoom/F70AD128C36B39364F81379E51C417C0.jpg,,,1000 Artigos,17,2,,,,
12468,8435250439584,256.0,Nestlé,"Iogurte mix-in smarties morango,  2 x 128 g",,1.99,7.77,0,kg,€/Kg,2024-08-02T23:59:59.999999999+01:00,PROSPECTUS,https://driveimg1.intermarche.com/pt/Content/images/boitmal/produit/zoom/A56FAF9000F1827F93D14D3DAF96AF68.jpg,,,1000 Artigos,17,2,,,,
12588,3250391548583,250.0,Labell,Leite desmaquilhante para peles secas,Embalagem de 250 ml,1.15,4.6,250,L,€/L,2024-07-24T23:59:59.999999999+01:00,PROSPECTUS,https://driveimg1.intermarche.com/pt/Content/images/boitmal/produit/zoom/D04D4462015B73B8E1620932AC8D47AB.jpg,,,,17,2,,,,
1271,5601151043455,1000.0,Compal,Néctar vital equilibrio laranja/cenoura/manga,Embalagem de 1 l,1.35,1.35,1000,L,€/L,2024-07-17T23:59:59.999999999+01:00,PROSPECTUS,https://driveimg1.intermarche.com/pt/Content/images/boitmal/produit/zoom/3AF115231F2C0FD57C62006464E6A0F7.jpg,,,,17,2,,,,
1272,5601151060254,500.0,Compal,Tomate triturado,Embalagem de 500g,1.39,2.78,0,kg,€/Kg,2024-07-17T23:59:59.999999999+01:00,PROSPECTUS,https://driveimg1.intermarche.com/pt/Content/images/boitmal/produit/zoom/8578E2260B46D071F7AECDA37452145B.jpg,,,,17,2,,,,
1274,5601151070758,410.0,Compal,Feijão manteiga,Lata de 410 ml,1.09,2.66,410,L,€/L,2024-07-17T23:59:59.999999999+01:00,PROSPECTUS,https://driveimg1.intermarche.com/pt/Content/images/boitmal/produit/zoom/F0994D6790474BD2BB5E91E2063CEE44.jpg,,,,17,2,,,,
1276,5601151117101,1000.0,Compal,Néctar vital equilibrio frutos vermelhos,Embalagem de 1 l,1.35,1.35,1000,L,€/L,2024-07-17T23:59:59.999999999+01:00,PROSPECTUS,https://driveimg1.intermarche.com/pt/Content/images/boitmal/produit/zoom/F0950B13CAACDCB597B5CA331A1F58B4.jpg,,,,17,2,,,,
1281,5601151136140,1000.0,Compal,Nectar vital equilibrio ananás/coco,Embalagem de 1 l,1.19,1.19,1000,L,€/L,2024-07-17T23:59:59.999999999+01:00,PROSPECTUS,https://driveimg1.intermarche.com/pt/Content/images/boitmal/produit/zoom/2353850FA900673F4C3B08C535F9375F.jpg,,,,17,2,,,,
1287,5601151260753,410.0,Compal,Grão de bico,Lata de 410 ml,1.09,2.66,410,L,€/L,2024-07-17T23:59:59.999999999+01:00,PROSPECTUS,https://driveimg1.intermarche.com/pt/Content/images/boitmal/produit/zoom/64A11988E77915EAC2B803C89620197A.jpg,,,,17,2,,,,
12887,2892089000000,500.0,Fruta,Manga Barco,1 un = 500 gr (aprox.),1.5,2.99,0,,€/Kg,2024-07-17T23:59:59.999999999+01:00,PROSPECTUS,https://driveimg1.intermarche.com/pt/Content/images/boitmal/produit/zoom/ADC504D3921218CCB4DF31F75AAF28C0.jpg,,,,17,2,,,,
12998,2892529000000,200.0,Legumes,Cogumelos Granel,1 un = 200 gr (aprox.),0.9,4.49,0,,€/Kg,2024-07-17T23:59:59.999999999+01:00,PROSPECTUS,https://driveimg1.intermarche.com/pt/Content/images/boitmal/produit/zoom/B84D52A8C689A2AC96C47A0258B4A48A.jpg,,,,17,2,,,,
1304,5601151860755,410.0,Compal,Feijão frade,Lata de 410 ml,1.09,2.66,410,L,€/L,2024-07-17T23:59:59.999999999+01:00,PROSPECTUS,https://driveimg1.intermarche.com/pt/Content/images/boitmal/produit/zoom/066688CD8BF0590497712193ADD4FE5F.jpg,,,,17,2,,,,
13567,2893562000000,250.0,Marisco,Ameijoa Castanha Vietnamita Congelada,Venda ao Kilo,0.75,2.99,0,,€/Kg,2024-07-17T23:59:59.999999999+01:00,PROSPECTUS,https://driveimg1.intermarche.com/pt/Content/images/boitmal/produit/zoom/33CC3279E2741F227440A7AFDC3AEEF9.jpg,,,Avantages !,17,2,,,,
13585,2893580000000,250.0,Marisco,Gambão Congelado 20/30,Vendido a partir de 250 (aprox.),2.2,8.79,0,,€/Kg,2024-07-17T23:59:59.999999999+01:00,PROSPECTUS,https://driveimg1.intermarche.com/pt/Content/images/boitmal/produit/zoom/FBF44724042B73F1218C70BB4977864A.jpg,,,Avantages !,17,2,,,,
13630,2893625000000,2000.0,Nossa Seleção,Maruca,Congelada,14.98,7.49,0,,€/Kg,2024-07-17T23:59:59.999999999+01:00,PROSPECTUS,https://driveimg1.intermarche.com/pt/Content/images/boitmal/produit/zoom/695B6905D99FA9EA5644E4AEF4E924ED.jpg,,,,17,2,,,,
13869,2891126000000,1000.0,PorSi,Coelho inteiro,Vendido ao peso,5.79,5.79,0,,€/Kg,2024-07-17T23:59:59.999999999+01:00,PROSPECTUS,https://driveimg1.intermarche.com/pt/Content/images/boitmal/produit/zoom/52C51860E551A8D97DAB91398A81FDB2.jpg,,,,17,2,,,,
14373,7613034584236,100.0,Nescafé,Café solúvel creme,Embalagem de 100g,3.19,31.9,0,kg,€/Kg,2024-07-17T23:59:59.999999999+01:00,PROSPECTUS,https://driveimg1.intermarche.com/pt/Content/images/boitmal/produit/zoom/48199761533FB8DB6A796A993ABA4535.jpg,,,,17,2,,,,
1469,5601286251787,500.0,Milaneza,Massa de macarrão,Embalagem de 500g,1.55,3.1,0,kg,€/Kg,2024-07-17T23:59:59.999999999+01:00,PROSPECTUS,https://driveimg1.intermarche.com/pt/Content/images/boitmal/produit/zoom/23F94F5EC15597A4AB9A1FC4C5526842.jpg,,,,17,2,,,,
14711,5601286402332,180.0,Nacional,Bolacha alfa,Embalagem de 180g,1.07,5.94,0,kg,€/Kg,2024-07-17T23:59:59.999999999+01:00,PROSPECTUS,https://driveimg1.intermarche.com/pt/Content/images/boitmal/produit/zoom/5276D08644D4F57D25BB338DF64F883B.jpg,,,,17,2,,,,
15044,2892296000000,150.0,Fruta,Pera Packam,1 un = 150 gr (aprox.),0.22,1.49,0,,€/Kg,2024-07-17T23:59:59.999999999+01:00,PROSPECTUS,https://driveimg1.intermarche.com/pt/Content/images/boitmal/produit/zoom/FB563A374F4EA6B318353237C8ABEC1F.jpg,,,,17,2,,,,
15687,5000116109234,700.0,Iglo,Ervilhas,Embalagem de 700g,2.98,4.26,0,kg,€/Kg,2024-08-02T23:59:59.999999999+01:00,PROSPECTUS,https://driveimg1.intermarche.com/pt/Content/images/boitmal/produit/zoom/71AD6BFBFF464D2A1A4DF7364A6C0B7A.jpg,,,1000 Artigos,17,2,,,,
16229,8712561587495,4000.0,Comfort,"Amaciador de roupa, pure",Garrafa de 4 l,4.99,1.25,4000,L,€/L,2024-08-02T23:59:59.999999999+01:00,PROSPECTUS,https://driveimg1.intermarche.com/pt/Content/images/boitmal/produit/zoom/AAE7E7461FE5C9CAA68CFDC37842673D.jpg,,,1000 Artigos,17,2,,,,
16489,5900020023797,375.0,Nestlé,Cereais corn flakes s/ glúten,Embalagem de 380g,2.59,6.91,0,kg,€/Kg,2024-07-17T23:59:59.999999999+01:00,PROSPECTUS,https://driveimg1.intermarche.com/pt/Content/images/boitmal/produit/zoom/CFE3FE9A3234892BA3F62F54098313D4.jpg,,,,17,2,,,,
16534,8410104156664,250.0,Air Wick,Ambientador recarga oasis turquesa,Garrafa de 250 ml,3.59,14.36,250,L,€/L,2024-08-02T23:59:59.999999999+01:00,PROSPECTUS,https://driveimg1.intermarche.com/pt/Content/images/boitmal/produit/zoom/3506E793B278DB073DFECF18E7AC2C6A.jpg,,,1000 Artigos,17,2,,,,
16857,5603344531114,110.0,General,Atum natural,Embalagem de 110g,1.09,9.91,0,kg,€/Kg,2024-07-17T23:59:59.999999999+01:00,PROSPECTUS,https://driveimg1.intermarche.com/pt/Content/images/boitmal/produit/zoom/134BCB035260DA080E0EB7CE51D7253D.jpg,,,,17,2,,,,
16962,5601029004113,390.0,Bom Petisco,Atum posta em azeite,Embalagem de 390g,5.66,14.51,0,kg,€/Kg,2024-07-17T23:59:59.999999999+01:00,PROSPECTUS,https://driveimg1.intermarche.com/pt/Content/images/boitmal/produit/zoom/1B91710086B8F360AE5F50CD51D75118.jpg,,,,17,2,,,,
17114,5000116110148,320.0,Capitão Iglo,4 hamburguers vaca s/ glúten,Embalagem de 320g,3.99,12.47,0,kg,€/Kg,2024-08-02T23:59:59.999999999+01:00,PROSPECTUS,https://driveimg1.intermarche.com/pt/Content/images/boitmal/produit/zoom/8E7F8CBEF475C7DF0459EA1D70B35576.jpg,,,1000 Artigos,17,2,,,,
17269,4084500617421,820.0,Fairy,"Detergente Líquido Lavar Loiça Original, 820 ml",,3.59,4.38,820,L,€/L,2024-07-17T23:59:59.999999999+01:00,PROSPECTUS,https://driveimg1.intermarche.com/pt/Content/images/boitmal/produit/zoom/F41228BB17B819013001DC2E65356D37.jpg,,,,17,2,,,,
17430,2696318000000,500.0,Padaria,Pão de Trigo da Benedita,500 g,0.99,1.98,0,kg,€/Kg,2024-07-17T23:59:59.999999999+01:00,PROSPECTUS,https://driveimg1.intermarche.com/pt/Content/images/boitmal/produit/zoom/6A63783BD07721517E04DA6CF8FD94ED.jpg,,,,17,2,,,,
18973,3250391024759,200.0,Labell Men,"Desodorizante spray tonic, 200 ml",,1.39,6.95,200,L,€/L,2024-07-24T23:59:59.999999999+01:00,PROSPECTUS,https://driveimg1.intermarche.com/pt/Content/images/boitmal/produit/zoom/7365534ACFC2CC331B5D23EA2675C21A.jpg,,,,17,2,,,,
19368,5606586000417,250.0,Legumes,Tomate Cherry,Embalagem de 250 g,0.99,3.96,0,kg,€/Kg,2024-07-17T23:59:59.999999999+01:00,PROSPECTUS,https://driveimg1.intermarche.com/pt/Content/images/boitmal/produit/zoom/5696AF4CF4EA8EEE176DF8D04ED26B65.jpg,,,,17,2,,,,
1964,5604260061549,210.0,PorSi,Bolachas waffers baunilha,Embalagem de 210g,1.17,5.57,0,kg,€/Kg,2024-08-02T23:59:59.999999999+01:00,PROSPECTUS,https://driveimg1.intermarche.com/pt/Content/images/boitmal/produit/zoom/20367F05C9E3E51FF277B9951DA20D70.jpg,,,1000 Artigos,17,2,,,,
19651,8712100880261,360.0,Olá,Gelado magnum mini double chocolate e caramelo,Embalagem de 6 x 60 ml,6.65,18.47,360,L,€/L,2024-07-17T23:59:59.999999999+01:00,PROSPECTUS,https://driveimg1.intermarche.com/pt/Content/images/boitmal/produit/zoom/174F4B7F09B7F1FC3CB09D24A9B32181.jpg,,,Tipo de stockagem,17,2,,,,
19671,8431890077230,500.0,Sensodyne,"Elixir bocal, cool mint",Embalagem de 500 ml,5.19,10.38,500,L,€/L,2024-07-24T23:59:59.999999999+01:00,PROSPECTUS,https://driveimg1.intermarche.com/pt/Content/images/boitmal/produit/zoom/9CA3443EE95C2673A2769CBE6902F921.jpg,,,,17,2,,,,
19872,3600541921252,200.0,Ambre Solaire,Protector Solar Clássico FPS 30,Embalagem de 200 ml,9.59,47.95,200,L,€/L,2024-08-07T23:59:59.999999999+01:00,PROSPECTUS,https://driveimg1.intermarche.com/pt/Content/images/boitmal/produit/zoom/34AF72C47D3763838528A15090C7FD3B.jpg,,,,17,2,,,,
20202,5601151976456,1000.0,Frize,Água c/ gás: limão/pepino/gengibre,pack 4 x 0.25 l,1.99,1.99,1000,L,€/L,2024-08-02T23:59:59.999999999+01:00,PROSPECTUS,https://driveimg1.intermarche.com/pt/Content/images/boitmal/produit/zoom/F47824AB7ACD4F4E1E1A0CC54659430F.jpg,,,1000 Artigos,17,2,,,,
20433,5601244500070,1000.0,Terra Nostra,Leite de pastagem magro,Embalagem de 1 litro,0.85,0.85,1000,L,€/L,2024-07-17T23:59:59.999999999+01:00,PROSPECTUS,https://driveimg1.intermarche.com/pt/Content/images/boitmal/produit/zoom/61EFC0152A934985E04C1F26B293B085.jpg,https://driveimg1.intermarche.com/pt/Content/images/boitmal/produit/zoom/E6424B45F8177C670F59F3BF8C085519.jpg,,,17,3,,,,
20434,5601244500063,1000.0,Terra Nostra,Leite de pastagem meio-gordo,Embalagem de 1 litro,0.85,0.85,1000,L,€/L,2024-07-17T23:59:59.999999999+01:00,PROSPECTUS,https://driveimg1.intermarche.com/pt/Content/images/boitmal/produit/zoom/3A3CE8D8DC040C520516EC66868110D4.jpg,https://driveimg1.intermarche.com/pt/Content/images/boitmal/produit/zoom/E82125FE177156A16B33D08208F11D7F.jpg,,,17,3,,,,
20477,8714789876801,650.0,Palmolive,Gel Banho Coco,Embalagem de 650 ml,2.99,4.6,650,L,€/L,2024-07-24T23:59:59.999999999+01:00,PROSPECTUS,https://driveimg1.intermarche.com/pt/Content/images/boitmal/produit/zoom/C841EAB15BFBC711E7703D2FB84F7757.jpg,,,,17,3,,,,
2073,5604260193547,1000.0,PorSi,"Néctar alperce, prisma",Embalagem de 1 l,1.15,1.15,1000,L,€/L,2024-07-17T23:59:59.999999999+01:00,PROSPECTUS,https://driveimg1.intermarche.com/pt/Content/images/boitmal/produit/zoom/A40E2A4C5896A18366393ECE9A460FF7.jpg,,,,17,3,,,,
2078,5604260193615,1000.0,PorSi,"Néctar manga, prisma",Embalagem de 1 l,1.11,1.11,1000,L,€/L,2024-07-17T23:59:59.999999999+01:00,PROSPECTUS,https://driveimg1.intermarche.com/pt/Content/images/boitmal/produit/zoom/F91DC367BE2D1C7BD0334DCD21B43F7E.jpg,,,,17,3,,,,
2080,5604260193660,1000.0,PorSi,"Néctar de goiaba, prisma",Embalagem de 1 l,1.34,1.34,1000,L,€/L,2024-07-17T23:59:59.999999999+01:00,PROSPECTUS,https://driveimg1.intermarche.com/pt/Content/images/boitmal/produit/zoom/6FA47677E7FDD2427974636ED78C99C1.jpg,,,,17,3,,,,
20869,3250391462339,200.0,Labell,"Desodorizante spray, Lys e Aloe Vera",Embalagem de 200 ml,1.39,6.95,200,L,€/L,2024-07-24T23:59:59.999999999+01:00,PROSPECTUS,https://driveimg1.intermarche.com/pt/Content/images/boitmal/produit/zoom/B4B4929EADFE364450419D3D451A0F88.jpg,,,,17,3,,,,
20918,5000116110964,840.0,Capitão Iglo,30 douradinhos,Embalagem de 840g,7.99,9.51,0,kg,€/Kg,2024-07-17T23:59:59.999999999+01:00,PROSPECTUS,https://driveimg1.intermarche.com/pt/Content/images/boitmal/produit/zoom/AEDD14052902A045272594F0C20ABD33.jpg,,,Tipo de stockagem,17,3,,,,
20931,2696231000000,,Pastelaria,Folhado frango e cogumelos 125 g,,0.99,0.99,0,,€/Unidade,2024-07-17T23:59:59.999999999+01:00,PROSPECTUS,https://driveimg1.intermarche.com/pt/Content/images/boitmal/produit/zoom/0B7D76E18042C2F91F18B5187027DE28.jpg,,,,17,3,,,,
22254,3600542027533,250.0,Ultra Suave,Champô Limão & Argila,Embalagem de 400 ml,3.79,15.16,250,L,€/L,2024-07-24T23:59:59.999999999+01:00,PROSPECTUS,https://driveimg1.intermarche.com/pt/Content/images/boitmal/produit/zoom/E3CC3793DBEA441FB5E435D1445DE8F2.jpg,,,,17,3,,,,
22335,5000116110940,420.0,Capitão Iglo,15 douradinhos,Embalagem de 420g,4.99,11.88,0,kg,€/Kg,2024-07-17T23:59:59.999999999+01:00,PROSPECTUS,https://driveimg1.intermarche.com/pt/Content/images/boitmal/produit/zoom/A875E63BB10AF2CF300666B64DC69107.jpg,,,Tipo de stockagem,17,3,,,,
22428,5600798960286,200.0,Shoyce,Creme culinário de soja,Garrafa de 200 ml,0.95,4.75,200,L,€/L,2024-08-02T23:59:59.999999999+01:00,PROSPECTUS,https://driveimg1.intermarche.com/pt/Content/images/boitmal/produit/zoom/34C0562B5361D465B3611C358589D5AC.jpg,,,Produtos Bio,17,3,,,,
24411,8410436297752,1300.0,Sonasol,Lava tudo rosas e jasmim,"Embalagem de 1,3L",2.09,1.61,1300,L,€/L,2024-08-02T23:59:59.999999999+01:00,PROSPECTUS,https://driveimg1.intermarche.com/pt/Content/images/boitmal/produit/zoom/46E3798C4C5509E4EFB8DA2E52D80035.jpg,,,1000 Artigos,17,3,,,,
24415,8410436299961,1300.0,Sonasol,Lava tudo lavanda,"Embalagem de 1,3L",2.09,1.61,1300,L,€/L,2024-08-02T23:59:59.999999999+01:00,PROSPECTUS,https://driveimg1.intermarche.com/pt/Content/images/boitmal/produit/zoom/4C901B46EE167F7ABAA5D085E91578A1.jpg,,,1000 Artigos,17,3,,,,
24513,4005900377852,150.0,Nivea,Deo Spray Black & White Active,Embalagem de 150 ml,2.84,18.93,150,L,€/L,2024-07-24T23:59:59.999999999+01:00,PROSPECTUS,https://driveimg1.intermarche.com/pt/Content/images/boitmal/produit/zoom/6966CF659E6416F695E58B87787D1075.jpg,,,,17,3,,,,
2458,7613031423583,625.0,Nestlé,Cereais nesquik,Embalagem de 625g,3.24,5.18,0,kg,€/Kg,2024-08-02T23:59:59.999999999+01:00,PROSPECTUS,https://driveimg1.intermarche.com/pt/Content/images/boitmal/produit/zoom/3F494F3C149F2147A07872C278BEDBC9.jpg,,,1000 Artigos,17,3,,,,
24583,3600541946262,400.0,Fructis,Champô hidra caracóis,Embalagem de 400 ml,3.89,9.73,400,L,€/L,2024-07-24T23:59:59.999999999+01:00,PROSPECTUS,https://driveimg1.intermarche.com/pt/Content/images/boitmal/produit/zoom/23FB1A9BD2556C983C108B149D937211.jpg,,,,17,3,,,,
25126,5601314229207,6000.0,Vitalis,Água s/ gás,Embalagem de 6 L,1.39,0.23,6000,L,€/L,2024-07-17T23:59:59.999999999+01:00,PROSPECTUS,https://driveimg1.intermarche.com/pt/Content/images/boitmal/produit/zoom/03334A1BA03E5B149DFACD5733DB756D.jpg,,,,17,3,,,,
25329,3600523493654,400.0,Elvive,Champô Óleo Extraordinário Coco,Embalagem de 400 ml,3.99,9.98,400,L,€/L,2024-07-24T23:59:59.999999999+01:00,PROSPECTUS,https://driveimg1.intermarche.com/pt/Content/images/boitmal/produit/zoom/86FC06DD0D7EE3332EF69255626438B0.jpg,,,,17,3,,,,
25338,3600542075350,400.0,Ultra Suave,Condicionador Leite de Coco e Macadâmia,Embalagem de 400 ml,3.79,9.48,400,L,€/L,2024-07-24T23:59:59.999999999+01:00,PROSPECTUS,https://driveimg1.intermarche.com/pt/Content/images/boitmal/produit/zoom/5E8E5BE7843BC84D401EC87981F1391B.jpg,,,,17,3,,,,
25539,7613035799837,3000.0,Friskies,Ração para gato esterilizado com peru,Embalagem de 3 kg,9.48,3.16,0,kg,€/Kg,2024-07-17T23:59:59.999999999+01:00,PROSPECTUS,https://driveimg1.intermarche.com/pt/Content/images/boitmal/produit/zoom/E82B69BA777EE2BE9204C639DD18E36B.jpg,,,,17,3,,,,
25861,5603722509759,800.0,Mimosa,Leite C/ Chocolate,Embalagem de 4 x 200 ml,1.48,1.85,800,L,€/L,2024-07-17T23:59:59.999999999+01:00,PROSPECTUS,https://driveimg1.intermarche.com/pt/Content/images/boitmal/produit/zoom/754E59DFB7314FD42DB15B9A65008D5F.jpg,,,,17,3,,,,
26524,5606710533125,750.0,Carm,Vinho tinto douro,Garrafa de 0.75 l,7.85,10.47,750,L,€/L,2024-07-17T23:59:59.999999999+01:00,PROSPECTUS,https://driveimg1.intermarche.com/pt/Content/images/boitmal/produit/zoom/B1199C49770B2F8E59C17095E9CDE363.jpg,,,,17,3,,,,
2671,8410000001013,300.0,Chips Ahoy!,Bolachas chips ahoy,Embalagem de 300g,2.99,9.97,0,kg,€/Kg,2024-07-17T23:59:59.999999999+01:00,PROSPECTUS,https://driveimg1.intermarche.com/pt/Content/images/boitmal/produit/zoom/5DFB4AEB0DE1B93FA331E4FE3B3A02DC.jpg,,,,17,3,,,,
26798,5029053028620,,Kleenex,Lenços Bolso Colletion,Pack 15 unidades,1.99,1.99,0,,€/Unidade,2024-07-24T23:59:59.999999999+01:00,PROSPECTUS,https://driveimg1.intermarche.com/pt/Content/images/boitmal/produit/zoom/A208887A972AC6667109FCB50AEDED8F.jpg,,,,17,3,,,,
27891,3600523586387,400.0,Elvive,Champô Reconstrutor Dream Long,Embalagem de 400 ml,3.99,9.98,400,L,€/L,2024-07-24T23:59:59.999999999+01:00,PROSPECTUS,https://driveimg1.intermarche.com/pt/Content/images/boitmal/produit/zoom/84CC356C36067BE7C6654BA5E8036F86.jpg,,,,17,3,,,,
27897,5604260326952,385.0,Labell,Condicionador Abacate e Karité Cabelos Secos,Embalagem de 385 ml,2.29,5.95,385,L,€/L,2024-07-24T23:59:59.999999999+01:00,PROSPECTUS,https://driveimg1.intermarche.com/pt/Content/images/boitmal/produit/zoom/3BEC94C223A5A48D429DF2451BBF73B5.jpg,,,,17,3,,,,
27947,5604079046003,150.0,Valformoso,"Queijo ilha ralado, 150g",,1.79,11.93,0,kg,€/Kg,2024-07-17T23:59:59.999999999+01:00,PROSPECTUS,https://driveimg1.intermarche.com/pt/Content/images/boitmal/produit/zoom/DB955C32F854C309752DDF4027DD3532.jpg,,,,17,3,,,,
28268,5600798960705,1000.0,Shoyce,Bebida amêndoa,Embalagem de 1 litro,1.69,1.69,1000,L,€/L,2024-08-02T23:59:59.999999999+01:00,PROSPECTUS,https://driveimg1.intermarche.com/pt/Content/images/boitmal/produit/zoom/63FB85ABE62286CFC5D2220DA54EC498.jpg,,,1000 Artigos,17,3,,,,
28507,8006540618752,,Dodot,Fralda Cueca Extra T6 | +14 kg,Embalagem c/ 48 un.,13.49,13.49,0,,€/Unidade,2024-08-02T23:59:59.999999999+01:00,PROSPECTUS,https://driveimg1.intermarche.com/pt/Content/images/boitmal/produit/zoom/0E81716B09BE4333C336DFF322751365.jpg,,,1000 Artigos,17,3,,,,
29344,8710447170885,500.0,Tresemmé,Champô Hidratação Intensa,500 ml,4.79,9.58,500,L,€/L,2024-07-24T23:59:59.999999999+01:00,PROSPECTUS,https://driveimg1.intermarche.com/pt/Content/images/boitmal/produit/zoom/1BC6C21CF030891FE35410BC729CB0C7.jpg,,,,17,3,,,,
30115,5449000016737,1000.0,Coca-Cola,Coca-cola sem cafeína pet 1 ltr individual unidad,Garrafa de 1 l,1.45,1.45,1000,L,€/L,2024-07-17T23:59:59.999999999+01:00,PROSPECTUS,https://driveimg1.intermarche.com/pt/Content/images/boitmal/produit/zoom/596948955E9E7EDCB17BE561063F148F.jpg,,,,17,3,,,,
30670,8710447224311,400.0,Tresemmé,Condicionador Botanique Coco e Aloe Vera,400 ml,4.79,11.98,400,L,€/L,2024-07-24T23:59:59.999999999+01:00,PROSPECTUS,https://driveimg1.intermarche.com/pt/Content/images/boitmal/produit/zoom/E2396E67D30CE615AC37DE2CCAF49129.jpg,,,,17,3,,,,
30886,3574661319520,500.0,Listerine,Elixir Anti-Tartaro,500 ml,4.89,9.78,500,L,€/L,2024-08-02T23:59:59.999999999+01:00,PROSPECTUS,https://driveimg1.intermarche.com/pt/Content/images/boitmal/produit/zoom/7F5FC0D99305D2C22E8E265400A9B2D3.jpg,,,1000 Artigos,17,3,,,,
31580,8410076470584,244.0,Old El Paso,"Tortilhas de trigo, 244g",,1.88,7.7,0,kg,€/Kg,2024-07-17T23:59:59.999999999+01:00,PROSPECTUS,https://driveimg1.intermarche.com/pt/Content/images/boitmal/produit/zoom/B520C03A87D419C26BF808B151773A5E.jpg,,,,17,3,,,,
31902,7613036145831,160.0,Nescafé,Café com leite intenso,16 Cápsulas,5.49,34.31,0,kg,€/Kg,2024-07-17T23:59:59.999999999+01:00,PROSPECTUS,https://driveimg1.intermarche.com/pt/Content/images/boitmal/produit/zoom/29C5A60BD5F4E78B3F4A8A8BDE5480F3.jpg,,,,17,3,,,,
32301,4005900377814,150.0,Nivea,Desodorizante Spray Black & White Active Men,150 ml,2.84,18.93,150,L,€/L,2024-07-24T23:59:59.999999999+01:00,PROSPECTUS,https://driveimg1.intermarche.com/pt/Content/images/boitmal/produit/zoom/F5ED8FD84EC27F00F1BBC369E3567854.jpg,,,,17,3,,,,
32391,5601217131317,,Woolite,Detergente Máquina Roupa Liquido Lãs e Sedas,Embalagem de 25 Doses,3.49,3.49,0,,€/Unidade,2024-08-02T23:59:59.999999999+01:00,PROSPECTUS,https://driveimg1.intermarche.com/pt/Content/images/boitmal/produit/zoom/FE0D1CB71481296016D84D5B5038EC43.jpg,,,1000 Artigos,17,3,,,,
33118,5601066200592,500.0,Nacional,"Farinha de Espelta Integral, 500g",,1.59,3.18,0,kg,€/Kg,2024-07-17T23:59:59.999999999+01:00,PROSPECTUS,https://driveimg1.intermarche.com/pt/Content/images/boitmal/produit/zoom/451F426FF799F89F90BF60CB5E72119D.jpg,,,,17,3,,,,
3493,0000056003703,80.0,Pitéu,Filete de anchovas em azeite,Embalagem de 80 g,2.88,36.0,0,kg,€/Kg,2024-07-17T23:59:59.999999999+01:00,PROSPECTUS,https://driveimg1.intermarche.com/pt/Content/images/boitmal/produit/zoom/BE573B29E6CEB71A0582FD9364F1002E.jpg,,,,17,3,,,,
35542,7613036867405,210.0,Nescafé,Café em cápsulas dolce gusto ristreto intenso,Embalagem de 210g,9.99,47.57,0,kg,€/Kg,2024-08-02T23:59:59.999999999+01:00,PROSPECTUS,https://driveimg1.intermarche.com/pt/Content/images/boitmal/produit/zoom/267E125B7795F042AD3E2E89E4989A32.jpg,,,1000 Artigos,17,3,,,,
35675,3600542226295,400.0,Ambre Solaire,Leite hidratante aloe vera after sun,Embalagem de 400 ml,10.19,25.48,400,L,€/L,2024-08-07T23:59:59.999999999+01:00,PROSPECTUS,https://driveimg1.intermarche.com/pt/Content/images/boitmal/produit/zoom/83342C88E8CA17E3C50F284166BB6E39.jpg,,,,17,3,,,,
36186,8715700017006,570.0,Heinz,Ketchup top down,570 g,4.99,8.75,0,kg,€/Kg,2024-07-17T23:59:59.999999999+01:00,PROSPECTUS,https://driveimg1.intermarche.com/pt/Content/images/boitmal/produit/zoom/2F0051DF72DD89785E2C6DCA29709EEB.jpg,,,,17,3,,,,
3642,3059943009080,250.0,Air Wick,Ambientador recarga lavanda,Garrafa de 250 ml,3.59,14.36,250,L,€/L,2024-08-02T23:59:59.999999999+01:00,PROSPECTUS,https://driveimg1.intermarche.com/pt/Content/images/boitmal/produit/zoom/756F620C8BCD41CE49D260CCD66BCDF2.jpg,,,1000 Artigos,17,3,,,,
36655,8410436343404,500.0,Sonasol,Spray casa de banho brilhante,Embalagem de 500 ml,1.99,3.98,500,L,€/L,2024-08-02T23:59:59.999999999+01:00,PROSPECTUS,https://driveimg1.intermarche.com/pt/Content/images/boitmal/produit/zoom/DE1ABE94258D954A0B137F0F858C6881.jpg,,,1000 Artigos,17,3,,,,
36657,5601217132673,500.0,Cillitbang,Spray lixívia e higiene,Garrafa de 500 ml,2.49,4.98,500,L,€/L,2024-08-02T23:59:59.999999999+01:00,PROSPECTUS,https://driveimg1.intermarche.com/pt/Content/images/boitmal/produit/zoom/B883369E3F8FD2106485DC8F041B61F8.jpg,,,1000 Artigos,17,3,,,,
36909,5604260326051,,PorSi,Fraldas agility T5 de 13 a 18 kg,44 unidades,6.69,6.69,0,,€/Unidade,2024-08-02T23:59:59.999999999+01:00,PROSPECTUS,https://driveimg1.intermarche.com/pt/Content/images/boitmal/produit/zoom/35F5347888749D5FF884CE0B00621B68.jpg,,,1000 Artigos,17,3,,,,
372,8711200532391,260.0,Calvé,Molho Big Burguer,Embalagem de 260g,1.94,7.46,0,kg,€/Kg,2024-07-17T23:59:59.999999999+01:00,PROSPECTUS,https://driveimg1.intermarche.com/pt/Content/images/boitmal/produit/zoom/A750CF91D157F1A24339167BD14309C2.jpg,https://driveimg1.intermarche.com/pt/Content/images/boitmal/produit/zoom/122719564EBC4BB4D52F039A6C0EDAF1.jpg,,,17,3,,,,
37761,5604260273638,1000.0,PorSi,Lasanha à bolonhesa,Embalagem de 1 kg,4.99,4.99,0,kg,€/Kg,2024-08-02T23:59:59.999999999+01:00,PROSPECTUS,https://driveimg1.intermarche.com/pt/Content/images/boitmal/produit/zoom/3D7D37CD2C2C955E887051D2A74CEAFC.jpg,,,1000 Artigos,17,3,,,,
37900,5601119305007,210.0,Nobre,Salsicha hot dog,Frasco de 250 g,2.39,11.38,0,kg,€/Kg,2024-07-17T23:59:59.999999999+01:00,PROSPECTUS,https://driveimg1.intermarche.com/pt/Content/images/boitmal/produit/zoom/DBE67CEBD33E352115BE3A5E4EBF94C8.jpg,,,,17,3,,,,
37989,8410063071206,1000.0,Pescanova,Tiras do mar,Embalagem de 1 kg,7.49,7.49,0,kg,€/Kg,2024-07-17T23:59:59.999999999+01:00,PROSPECTUS,https://driveimg1.intermarche.com/pt/Content/images/boitmal/produit/zoom/97461D5C2795A31BF48BD88908FC2105.jpg,,,Tipo de stockagem,17,3,,,,
37990,8410063036175,1000.0,Pescanova,Caprichos do mar sem glúten,Embalagem de 1 kg,5.99,5.99,0,kg,€/Kg,2024-07-17T23:59:59.999999999+01:00,PROSPECTUS,https://driveimg1.intermarche.com/pt/Content/images/boitmal/produit/zoom/C821049F2FB4EBE63582B0B82BB259C5.jpg,,,Tipo de stockagem,17,3,,,,
40558,5604260301164,220.0,PorSi,"Queijinho morango com drageias,  2 x 110 g",,1.69,7.68,0,kg,€/Kg,2024-08-02T23:59:59.999999999+01:00,PROSPECTUS,https://driveimg1.intermarche.com/pt/Content/images/boitmal/produit/zoom/939055EF9B8FE9ECC8E1BC97C5579929.jpg,,,1000 Artigos,17,3,,,,
40969,5601151972557,1000.0,Frize,Água com gás sabor a maracujá,"Pack 4x 0,25l",1.99,1.99,1000,L,€/L,2024-08-02T23:59:59.999999999+01:00,PROSPECTUS,https://driveimg1.intermarche.com/pt/Content/images/boitmal/produit/zoom/9EDA238AFCB0C6D994D4CB4972B7E3C2.jpg,,,1000 Artigos,17,3,,,,
41297,5601050036534,440.0,Danone,"Iogurte oikos pêssego,  4 x 110g",,1.99,4.52,0,kg,€/Kg,2024-08-02T23:59:59.999999999+01:00,PROSPECTUS,https://driveimg1.intermarche.com/pt/Content/images/boitmal/produit/zoom/86E0EE086DC0214DA576A0DB5E10BF28.jpg,,,1000 Artigos,17,3,,,,
41299,5601050036565,440.0,Danone,"Iogurte oikos maracujá,  4 x 110g",,1.99,4.52,0,kg,€/Kg,2024-08-02T23:59:59.999999999+01:00,PROSPECTUS,https://driveimg1.intermarche.com/pt/Content/images/boitmal/produit/zoom/FCB02F5884DDCB459FDF089F080D1348.jpg,,,1000 Artigos,17,3,,,,
41622,5604260304585,5000.0,PorSi,Areia para gatos mineral perfumada,Embalagem de 5 kg,2.59,0.52,0,kg,€/Kg,2024-08-02T23:59:59.999999999+01:00,PROSPECTUS,https://driveimg1.intermarche.com/pt/Content/images/boitmal/produit/zoom/A22F3FF72D9C5B78E2D24E4C52DC8F4E.jpg,,,1000 Artigos,17,3,,,,
4236,3600521519479,400.0,Elvive,Champô color-vive,Embalagem de 400 ml,3.99,9.98,400,L,€/L,2024-07-24T23:59:59.999999999+01:00,PROSPECTUS,https://driveimg1.intermarche.com/pt/Content/images/boitmal/produit/zoom/9488D59592F5790FC0E9B4078309C960.jpg,,,,17,3,,,,
42890,8001841677279,,Dodot,Fralda cueca T7 | +17 kg,Embalagem com 23 unidades,7.98,7.98,0,,€/Unidade,2024-08-02T23:59:59.999999999+01:00,PROSPECTUS,https://driveimg1.intermarche.com/pt/Content/images/boitmal/produit/zoom/BD1B5C08FDBFA6C0333FD58AADF1496E.jpg,,,1000 Artigos,17,3,,,,
43012,5604260307197,300.0,PorSi,Comida húmida para cão de frango,Embalagem de 300 g,0.75,2.5,0,kg,€/Kg,2024-08-02T23:59:59.999999999+01:00,PROSPECTUS,https://driveimg1.intermarche.com/pt/Content/images/boitmal/produit/zoom/E18D56D7EBECE5FA4FFC211D3EDBE796.jpg,https://driveimg1.intermarche.com/pt/Content/images/boitmal/produit/zoom/3FD0F0D9955E6135023C13E6B1D173A7.jpg,https://driveimg1.intermarche.com/pt/Content/images/boitmal/produit/zoom/3FD0F0D9955E6135023C13E6B1D173A7.jpg,1000 Artigos,17,3,https://driveimg1.intermarche.com/pt/Content/images/boitmal/produit/zoom/3FD0F0D9955E6135023C13E6B1D173A7.jpg,https://driveimg1.intermarche.com/pt/Content/images/boitmal/produit/zoom/3FD0F0D9955E6135023C13E6B1D173A7.jpg,https://driveimg1.intermarche.com/pt/Content/images/boitmal/produit/zoom/3FD0F0D9955E6135023C13E6B1D173A7.jpg,
43016,5601164862401,1200.0,Somersby,Sidra de maçã,pack 6 x 0.2 l,4.49,3.74,1200,L,€/L,2024-07-17T23:59:59.999999999+01:00,PROSPECTUS,https://driveimg1.intermarche.com/pt/Content/images/boitmal/produit/zoom/91F03EF4C01D719425FE57CCF7BA256B.jpg,,,,17,3,,,,
433,8722700086703,80.0,Knorr,Caldo p/ arroz  8 cubos,Embalagem de 80g,1.49,18.63,0,kg,€/Kg,2024-07-17T23:59:59.999999999+01:00,PROSPECTUS,https://driveimg1.intermarche.com/pt/Content/images/boitmal/produit/zoom/FF32635033F7FF74D39FC663DCC13FD6.jpg,,,,17,3,,,,
43649,8710847961236,360.0,Linic,Champô + Condicionador Eficácia Ativa 2 em 1,embalagem de 360 ml,4.94,13.72,360,L,€/L,2024-07-24T23:59:59.999999999+01:00,PROSPECTUS,https://driveimg1.intermarche.com/pt/Content/images/boitmal/produit/zoom/B8BD170901E1A9C4BDD3261F9E251E1A.jpg,,,,17,3,,,,
44182,3468080109896,100.0,Corine de Farme,1ª água micelar peles sensíveis,Embalagem de 500 ml,4.54,45.4,100,L,€/L,2024-07-24T23:59:59.999999999+01:00,PROSPECTUS,https://driveimg1.intermarche.com/pt/Content/images/boitmal/produit/zoom/60988DE5BA13DE4891143BB944FB8902.jpg,,,,17,3,,,,
44241,5601050036886,120.0,Danone,"Danone twix,  120g",,0.99,8.25,0,kg,€/Kg,2024-07-17T23:59:59.999999999+01:00,PROSPECTUS,https://driveimg1.intermarche.com/pt/Content/images/boitmal/produit/zoom/D274D33ECAD7B0F64CFB61BD15B0072C.jpg,,,,17,3,,,,
448,8722700752943,2000.0,Lipton,Ice tea de manga,Garrafa de 2 l,2.39,1.2,2000,L,€/L,2024-07-17T23:59:59.999999999+01:00,PROSPECTUS,https://driveimg1.intermarche.com/pt/Content/images/boitmal/produit/zoom/D8A7BBA271F5B46B5DC4031B0621A8E9.jpg,,,,17,3,,,,
44903,5601066200325,1000.0,Nacional,"Farinha Preparada Pão Caseiro, 1kg",,1.94,1.94,0,kg,€/Kg,2024-07-17T23:59:59.999999999+01:00,PROSPECTUS,https://driveimg1.intermarche.com/pt/Content/images/boitmal/produit/zoom/08ECB9AB87C55875910F49FD10DE3510.jpg,,,,17,3,,,,
44936,8711327318373,540.0,Olá,Cornetto clássico,Embalagem de 6 x 90 ml,3.56,6.59,540,L,€/L,2024-08-02T23:59:59.999999999+01:00,PROSPECTUS,https://driveimg1.intermarche.com/pt/Content/images/boitmal/produit/zoom/8D9DC9138E665052BD487BD925ECAB26.jpg,,,1000 Artigos,17,3,,,,
44977,3600523916856,300.0,Elvive,Condicionador total repair,300 ml,3.99,13.3,300,L,€/L,2024-07-24T23:59:59.999999999+01:00,PROSPECTUS,https://driveimg1.intermarche.com/pt/Content/images/boitmal/produit/zoom/9835CC731AB491F262068F6900858FED.jpg,,,,17,3,,,,
45173,6942138916034,,Bestway,Almofada royal,,1.99,1.99,0,,€/Unidade,2024-08-07T23:59:59.999999999+01:00,PROSPECTUS,https://driveimg1.intermarche.com/pt/Content/images/boitmal/produit/zoom/BE348B5DD3BC49450D43F207843294D4.jpg,,,,17,3,,,,
4577,4011200115902,100.0,Palmolive,"Creme de barbear, sensitive",Embalagem de 100 ml,2.59,25.9,100,L,€/L,2024-07-24T23:59:59.999999999+01:00,PROSPECTUS,https://driveimg1.intermarche.com/pt/Content/images/boitmal/produit/zoom/62F30DCE8D03C9474F1BE6467A2C08CD.jpg,,,,17,3,,,,
45856,8718951427358,500.0,Palmolive,"Gel de banho memories of nature, summer dreams",Embalagem de 500 ml,2.99,5.98,500,L,€/L,2024-07-24T23:59:59.999999999+01:00,PROSPECTUS,https://driveimg1.intermarche.com/pt/Content/images/boitmal/produit/zoom/8D6029F902784C79AAB06326C1871CE6.jpg,,,,17,3,,,,
46333,5054563107510,75.0,Sensodyne,Dentífrico sensibilidade e gengivas,Embalagem de 75 ml,3.94,52.53,75,L,€/L,2024-07-24T23:59:59.999999999+01:00,PROSPECTUS,https://driveimg1.intermarche.com/pt/Content/images/boitmal/produit/zoom/2A004B499C48581E0F2ACB572ECC96FB.jpg,,,,17,3,,,,
46364,8006540213933,1500.0,Fairy,Detergente Líquido p/ Lavar Loiça Jasmim Rosa,"1 Embalagem 1,5L",5.45,3.63,1500,L,€/L,2024-07-17T23:59:59.999999999+01:00,PROSPECTUS,https://driveimg1.intermarche.com/pt/Content/images/boitmal/produit/zoom/0847767D3C9A53BBA32C87BDBA59889A.jpg,,,,17,3,,,,
46502,8006540170656,,Dodot,Fraldas Recém Nascido Sensitive | Tamanho 1 - 2 a 5 kg,Embalagem c/ 44 unidades,8.49,8.49,0,,€/Unidade,2024-07-17T23:59:59.999999999+01:00,PROSPECTUS,https://driveimg1.intermarche.com/pt/Content/images/boitmal/produit/zoom/E35B70A107153808143ECEBD9006B0F5.jpg,,,,17,3,,,,
46931,8006540026588,1015.0,Fairy,Detergente Liquido P/ Lavar Loiça Ultra Poder Limão,Embalagem de 1015 ml,4.99,4.92,1015,L,€/L,2024-07-17T23:59:59.999999999+01:00,PROSPECTUS,https://driveimg1.intermarche.com/pt/Content/images/boitmal/produit/zoom/F643615D2522C79BBB74E49417EB20CC.jpg,,,,17,3,,,,
47691,5000204827712,250.0,Pronto,"Óleo cedro líquido, garrafa de 250 ml",,2.69,10.76,250,L,€/L,2024-07-17T23:59:59.999999999+01:00,PROSPECTUS,https://driveimg1.intermarche.com/pt/Content/images/boitmal/produit/zoom/47BAF594AA59875AAC390151097D7C14.jpg,,,,17,3,,,,
48030,7613287495259,1200.0,Felix,Fantastic Seleção de Peixes em Gelatina,Embalagem de 12x100g,5.99,4.99,0,kg,€/Kg,2024-07-17T23:59:59.999999999+01:00,PROSPECTUS,https://driveimg1.intermarche.com/pt/Content/images/boitmal/produit/zoom/6D8479CC6C659A75FA2F079AE890F80C.jpg,,,,17,3,,,,
48094,5604260322442,85.0,PorSi Select,Comida húmida gato júnior c/ frango,Embalagem de 85g,0.59,6.94,0,kg,€/Kg,2024-08-02T23:59:59.999999999+01:00,PROSPECTUS,https://driveimg1.intermarche.com/pt/Content/images/boitmal/produit/zoom/279462757EAF9822921790C3FAA94851.jpg,,,1000 Artigos,17,3,,,,
48281,8718951465756,75.0,Colgate,Pasta de Dentes Original,Embalagem de 75 ml,2.54,33.87,75,L,€/L,2024-07-17T23:59:59.999999999+01:00,PROSPECTUS,https://driveimg1.intermarche.com/pt/Content/images/boitmal/produit/zoom/49BB359E9C7607165895D2460C62E204.jpg,,,,17,3,,,,
48766,8722700231998,525.0,Olá,Gelado Calippo Cola,5 x 105 ml,3.24,6.17,525,L,€/L,2024-08-02T23:59:59.999999999+01:00,PROSPECTUS,https://driveimg1.intermarche.com/pt/Content/images/boitmal/produit/zoom/7475F9B00EF5AC1331F876F0CEBCF4BC.jpg,,,1000 Artigos,17,3,,,,
48829,3600542202220,400.0,Fructis,Creme de Pentear Caracóis,Embalagem de 400 ml,5.59,13.98,400,L,€/L,2024-07-24T23:59:59.999999999+01:00,PROSPECTUS,https://driveimg1.intermarche.com/pt/Content/images/boitmal/produit/zoom/AB959134F7B479D1AFA1095297EA0B9F.jpg,,,,17,3,,,,
48907,5604260320769,,PorSi,Penso diário normal,Embalagem de 64 unidades,1.69,1.69,64,,€/Unidade,2024-08-02T23:59:59.999999999+01:00,PROSPECTUS,https://driveimg1.intermarche.com/pt/Content/images/boitmal/produit/zoom/160580AB04FA8705A00B47E711994C11.jpg,https://driveimg1.intermarche.com/pt/Content/images/boitmal/produit/zoom/C20F8AD2FC19771FE6AB1B975D7F3E8C.jpg,https://driveimg1.intermarche.com/pt/Content/images/boitmal/produit/zoom/C20F8AD2FC19771FE6AB1B975D7F3E8C.jpg,1000 Artigos,17,3,https://driveimg1.intermarche.com/pt/Content/images/boitmal/produit/zoom/C20F8AD2FC19771FE6AB1B975D7F3E8C.jpg,,,
49085,5604260323555,300.0,PorSi,8 rissóis de camarão,Embalagem de 300g,1.25,4.17,0,kg,€/Kg,2024-08-02T23:59:59.999999999+01:00,PROSPECTUS,https://driveimg1.intermarche.com/pt/Content/images/boitmal/produit/zoom/D126C42EDA26B0D368147D17B093DA22.jpg,,,1000 Artigos,17,3,,,,
49200,8006540618691,,Dodot,Fralda Cueca Extra T5 | 12 a 17 kg,Embalagem c/ 56 un.,13.49,13.49,0,,€/Unidade,2024-08-02T23:59:59.999999999+01:00,PROSPECTUS,https://driveimg1.intermarche.com/pt/Content/images/boitmal/produit/zoom/CD8D7F49647F92E3CC1457459ED8DEC7.jpg,,,1000 Artigos,17,3,,,,
49216,5604260296187,2000.0,PorSi,Gelado baunilha,Embalagem de 2 litros,2.99,1.5,2000,L,€/L,2024-08-02T23:59:59.999999999+01:00,PROSPECTUS,https://driveimg1.intermarche.com/pt/Content/images/boitmal/produit/zoom/96BF25F881D0453C8953AE7462FDFDB4.jpg,https://driveimg1.intermarche.com/pt/Content/images/boitmal/produit/zoom/4F7476FE04D885EAAD823A3B68E382DF.jpg,,1000 Artigos,17,3,,,,
49222,5604260322619,90.0,PorSi,Saqueta puré de fruta,Embalagem de 90g,0.74,8.22,0,kg,€/Kg,2024-08-02T23:59:59.999999999+01:00,PROSPECTUS,https://driveimg1.intermarche.com/pt/Content/images/boitmal/produit/zoom/4251DEF026D5F1BF3A5A1F6CDA25AD90.jpg,,,1000 Artigos,17,3,,,,
49225,5604260322657,90.0,PorSi,Saqueta puré de fruta,Embalagem de 90g,0.74,8.22,0,kg,€/Kg,2024-08-02T23:59:59.999999999+01:00,PROSPECTUS,https://driveimg1.intermarche.com/pt/Content/images/boitmal/produit/zoom/9AD870D1CAD79AE0716C1075F5C158F0.jpg,,,1000 Artigos,17,3,,,,
49239,3600542226301,150.0,Ambre Solaire,Spray Bruma Autobronzeadora,Embalagem de 150 ml,8.39,55.93,150,L,€/L,2024-08-07T23:59:59.999999999+01:00,PROSPECTUS,https://driveimg1.intermarche.com/pt/Content/images/boitmal/produit/zoom/4C276A7D7F474C88880C0A8FD6FEB717.jpg,,,,17,3,,,,
49352,5202390015885,200.0,Violife,"Preparado Vegan Cheddar Fatiado, 200g",,2.99,14.95,0,kg,€/Kg,2024-07-17T23:59:59.999999999+01:00,PROSPECTUS,https://driveimg1.intermarche.com/pt/Content/images/boitmal/produit/zoom/02FC7B2235CDF716CD3C197FE53E1887.jpg,,,,17,3,,,,
49504,5604260322626,90.0,PorSi,Saqueta puré de fruta pera,Embalagem de 90g,0.74,8.22,0,kg,€/Kg,2024-08-02T23:59:59.999999999+01:00,PROSPECTUS,https://driveimg1.intermarche.com/pt/Content/images/boitmal/produit/zoom/EF34005718301CA3FAF65368F399B814.jpg,,,1000 Artigos,17,3,,,,
49767,5601151969106,1000.0,Frize,Água c/ Gás Ananás,pack 4 x 0.25 l,1.99,1.99,1000,L,€/L,2024-08-02T23:59:59.999999999+01:00,PROSPECTUS,https://driveimg1.intermarche.com/pt/Content/images/boitmal/produit/zoom/EE071A8A9B23805FF5594CF8DCE06CD5.jpg,,,1000 Artigos,17,3,,,,
49775,8445290217240,90.0,Gerber,"Nutrição infantil manga bio, 90g",,0.89,9.89,0,kg,€/Kg,2024-08-02T23:59:59.999999999+01:00,PROSPECTUS,https://driveimg1.intermarche.com/pt/Content/images/boitmal/produit/zoom/33EC3F928021703FAB0D46EB0BAF306B.jpg,,,Produtos Bio,17,3,,,,
49776,7613287342805,125.0,Gerber,"Nutrição infantil bio de maçã, alperce e pêssego, boião de 125g",,1.24,9.92,0,kg,€/Kg,2024-08-02T23:59:59.999999999+01:00,PROSPECTUS,https://driveimg1.intermarche.com/pt/Content/images/boitmal/produit/zoom/6AEEE00B1EFBE0BD1DEB529ED8C22A1B.jpg,,,Produtos Bio,17,3,,,,
50296,5604260325030,400.0,Labell Men,Gel Banho Sport Homem,400 ml,1.39,3.48,400,L,€/L,2024-07-24T23:59:59.999999999+01:00,PROSPECTUS,https://driveimg1.intermarche.com/pt/Content/images/boitmal/produit/zoom/5E0A4F6EE92F30EAA26D6E5DA881513B.jpg,,,,17,3,,,,
50297,5604260324187,750.0,Labell,Gel Banho Glamour Fresh,Embalagem com 750 ml,1.99,2.65,750,L,€/L,2024-07-24T23:59:59.999999999+01:00,PROSPECTUS,https://driveimg1.intermarche.com/pt/Content/images/boitmal/produit/zoom/55308F0EAD95C2E83E0813E3FA5BB338.jpg,https://driveimg1.intermarche.com/pt/Content/images/boitmal/produit/zoom/BB4B4E3B90A4467E5D7685963931E65C.jpg,,,17,3,,,,
50367,5604260326129,300.0,PorSi,8 rissóis de pescada,Embalagem de 300g,1.15,3.83,0,kg,€/Kg,2024-08-02T23:59:59.999999999+01:00,PROSPECTUS,https://driveimg1.intermarche.com/pt/Content/images/boitmal/produit/zoom/66808786B3FF6C3E96EF19274B692EA7.jpg,,,1000 Artigos,17,3,,,,
50411,8720181292866,760.0,Comfort,Intensificador de Perfume Explosão Floral,Garrafa de 760 ml,3.49,4.59,760,L,€/L,2024-08-02T23:59:59.999999999+01:00,PROSPECTUS,https://driveimg1.intermarche.com/pt/Content/images/boitmal/produit/zoom/45E79BC0C6D02241A1794807F142C8A9.jpg,,,1000 Artigos,17,3,,,,
5095,5601050026405,300.0,Danone,"Queijinho dadoninho petitdino de morango,  6 x 50 g",,1.99,6.63,0,kg,€/Kg,2024-07-17T23:59:59.999999999+01:00,PROSPECTUS,https://driveimg1.intermarche.com/pt/Content/images/boitmal/produit/zoom/A996A3A25DAAE4625EF7D6D51278644F.jpg,,,,17,3,,,,
5096,5601050026429,300.0,Danonino Danone,"Queijinho danonino petitdino de morango/banana,  6 x 50 g",,1.99,6.63,0,kg,€/Kg,2024-07-17T23:59:59.999999999+01:00,PROSPECTUS,https://driveimg1.intermarche.com/pt/Content/images/boitmal/produit/zoom/FA8D1A9125B498992C62B9745CC5DD3D.jpg,,,,17,3,,,,
51113,8720181262784,500.0,Cif,"Limpa Casa Banho Spray Higiene c/ Lixívia, 500 ml",,1.99,3.98,500,L,€/L,2024-07-17T23:59:59.999999999+01:00,PROSPECTUS,https://driveimg1.intermarche.com/pt/Content/images/boitmal/produit/zoom/269947C1E7ED82654B4A41635C3A67E7.jpg,,,,17,4,,,,
5119,5601066200073,1000.0,Nacional,Farinha p/ bolos extra fina,Embalagem de 1 kg,1.09,1.09,0,kg,€/Kg,2024-07-17T23:59:59.999999999+01:00,PROSPECTUS,https://driveimg1.intermarche.com/pt/Content/images/boitmal/produit/zoom/0B9B49E51908C76AC70076ED3709B8D2.jpg,,,,17,4,,,,
51504,8006540346976,200.0,Pantene,Espuma Caracóis Perfeitos,Embalagem de 200 ml,3.99,19.95,200,L,€/L,2024-07-24T23:59:59.999999999+01:00,PROSPECTUS,https://driveimg1.intermarche.com/pt/Content/images/boitmal/produit/zoom/25BB7B1758CE71AF8E488B2CC7F521DF.jpg,,,,17,4,,,,
51575,5604260326044,,PorSi,Fraldas para bebé agilidade T4 9-15kg,50 unidades,6.69,6.69,0,,€/Unidade,2024-08-02T23:59:59.999999999+01:00,PROSPECTUS,https://driveimg1.intermarche.com/pt/Content/images/boitmal/produit/zoom/4A25E4A3651A040A2058DC5D78463847.jpg,,,1000 Artigos,17,4,,,,
51608,8006540830918,820.0,Fairy,Detergente Líquido p/ Lavar Loiça Limão,Embalagem de 820 ml,3.99,4.87,820,L,€/L,2024-07-17T23:59:59.999999999+01:00,PROSPECTUS,https://driveimg1.intermarche.com/pt/Content/images/boitmal/produit/zoom/EDD75E1F920483183B5B596FDD6DA991.jpg,,,,17,4,,,,
51683,5604260326976,500.0,Labell,Champô 5 plantas cabelos normais,Embalagem de 500 ml,2.79,5.58,500,L,€/L,2024-07-24T23:59:59.999999999+01:00,PROSPECTUS,https://driveimg1.intermarche.com/pt/Content/images/boitmal/produit/zoom/751043CEDFD6037E97E2AC818C9CA692.jpg,,,,17,4,,,,
51687,5604260325108,400.0,Labell,Loção corporal Reparação Nutritiva,400 ml,1.89,4.73,400,L,€/L,2024-07-24T23:59:59.999999999+01:00,PROSPECTUS,https://driveimg1.intermarche.com/pt/Content/images/boitmal/produit/zoom/79397B02B7AAEC2A1F7C3110FE5FAAA9.jpg,,,,17,4,,,,
51751,8720181338502,435.0,Cif,"Spray remove bolores, 435 ml",,2.49,5.72,435,L,€/L,2024-07-17T23:59:59.999999999+01:00,PROSPECTUS,https://driveimg1.intermarche.com/pt/Content/images/boitmal/produit/zoom/380C503403FDBF9BBCD37132FDE8F56E.jpg,,,,17,4,,,,
51927,4005900911537,270.0,Nivea Sun,Protetor Solar Kids Protect & Care FP50+,Garrafa de 270 ml,12.59,46.63,270,L,€/L,2024-08-07T23:59:59.999999999+01:00,PROSPECTUS,https://driveimg1.intermarche.com/pt/Content/images/boitmal/produit/zoom/9BBC6CA36143C3EB2B9B2E1200AF6EC6.jpg,,,,17,4,,,,
52221,8720181370427,,Surf,Detergente Máquina de Roupa Coco,45 cápsulas,8.99,8.99,0,,€/Unidade,2024-08-02T23:59:59.999999999+01:00,PROSPECTUS,https://driveimg1.intermarche.com/pt/Content/images/boitmal/produit/zoom/B89060F66F34B8E1C79FE5068E94C801.jpg,,,1000 Artigos,17,4,,,,
52302,3600542512428,400.0,Garnier,Champô Ultra Suave Carvão,Embalagem de 400ml,3.79,9.48,400,L,€/L,2024-07-24T23:59:59.999999999+01:00,PROSPECTUS,https://driveimg1.intermarche.com/pt/Content/images/boitmal/produit/zoom/8126B6DDAA84D0A1234F6E7D42BC7B29.jpg,,,Produtos Bio,17,4,,,,
5243,5601151170755,410.0,Compal,Feijão preto,Lata de 410 ml,1.09,2.66,410,L,€/L,2024-07-17T23:59:59.999999999+01:00,PROSPECTUS,https://driveimg1.intermarche.com/pt/Content/images/boitmal/produit/zoom/148292276E212E85BD820FA0193628A4.jpg,,,,17,4,,,,
52883,8719200267824,1000.0,Planta,"Creme Vegetal para Barrar Original, 1 kg",,4.79,4.79,0,kg,€/Kg,2024-07-17T23:59:59.999999999+01:00,PROSPECTUS,https://driveimg1.intermarche.com/pt/Content/images/boitmal/produit/zoom/CBB4812E883E0A943660F7C5BD667E18.jpg,,,,17,4,,,,
52893,8720182632258,3780.0,Surf,"Detergente Líquido Máquina de Roupa Tropical, 84 Doses",,9.99,2.64,3780,L,€/L,2024-08-02T23:59:59.999999999+01:00,PROSPECTUS,https://driveimg1.intermarche.com/pt/Content/images/boitmal/produit/zoom/CAA92D4FBECE6F1387F408E79BA0989D.jpg,,,1000 Artigos,17,4,,,,
52897,8720181392917,1332.0,Comfort,"Amaciador Concentrado Essência Pure, 74 Doses",,3.49,2.62,1332,L,€/L,2024-08-02T23:59:59.999999999+01:00,PROSPECTUS,https://driveimg1.intermarche.com/pt/Content/images/boitmal/produit/zoom/6C81AB307354BD851AD24288672BBAB9.jpg,,,1000 Artigos,17,4,,,,
52941,8720181386510,2700.0,Skip,"Detergente Líquido Máquina de Roupa Sabão Natural, 60 Doses",,7.99,2.96,2700,L,€/L,2024-08-02T23:59:59.999999999+01:00,PROSPECTUS,https://driveimg1.intermarche.com/pt/Content/images/boitmal/produit/zoom/F78D7BA1CEEC1BA7836B80E309E4D243.jpg,,,1000 Artigos,17,4,,,,
52942,8720181385070,2520.0,Skip,"Detergente Líquido Máquina de Roupa Cores, 56 Doses",,9.99,3.96,2520,L,€/L,2024-08-02T23:59:59.999999999+01:00,PROSPECTUS,https://driveimg1.intermarche.com/pt/Content/images/boitmal/produit/zoom/DA89C34C561727E74F60C33922AB0C9D.jpg,,,1000 Artigos,17,4,,,,
52945,8410500008727,400.0,Danone,"Iogurte Danonino Petit Morango, 4 x 100g",,2.39,5.98,0,kg,€/Kg,2024-07-17T23:59:59.999999999+01:00,PROSPECTUS,https://driveimg1.intermarche.com/pt/Content/images/boitmal/produit/zoom/7F4489E1D7EF42149F7DDCD17A5A4E27.jpg,,,,17,4,,,,
5295,5601174101002,750.0,B.S.E.,Vinho Branco de Terras do Sado,Garrafa de 750 ml,3.49,4.65,750,L,€/L,2024-07-17T23:59:59.999999999+01:00,PROSPECTUS,https://driveimg1.intermarche.com/pt/Content/images/boitmal/produit/zoom/DC3426A4EEA67C3901BA554EFF091471.jpg,,,,17,4,,,,
53044,8720181368769,4320.0,Omo,"Detergente Roupa Máquina Líquido, 96 doses",,8.99,2.08,4320,L,€/L,2024-08-02T23:59:59.999999999+01:00,PROSPECTUS,https://driveimg1.intermarche.com/pt/Content/images/boitmal/produit/zoom/2FAC3B0E03EB13AA8A18297FAA079D90.jpg,,,1000 Artigos,17,4,,,,
53219,8445290771858,83.0,Nestlé,"Chocolate Extrafino Dulce de Leche, 83g",,1.29,15.54,0,kg,€/Kg,2024-07-17T23:59:59.999999999+01:00,PROSPECTUS,https://driveimg1.intermarche.com/pt/Content/images/boitmal/produit/zoom/98956F1946F55DAF2594B42A4D09505D.jpg,,,,17,4,,,,
53234,5603722522963,215.0,Matinal,"Queijo Fresco Proteína, 215g",,1.99,9.26,0,kg,€/Kg,2024-07-17T23:59:59.999999999+01:00,PROSPECTUS,https://driveimg1.intermarche.com/pt/Content/images/boitmal/produit/zoom/9912C016802A3BBD03C8EA17AE2A4CDF.jpg,,,,17,4,,,,
53332,8700216138833,,Dodot,Fraldas Ninjamas Coração 4,Embalagem de 10 Un.,5.84,5.84,0,,€/Unidade,2024-07-24T23:59:59.999999999+01:00,PROSPECTUS,https://driveimg1.intermarche.com/pt/Content/images/boitmal/produit/zoom/C633704E734772CD524DEC39A56E8DFC.jpg,,,,17,4,,,,
53561,8006540836255,,Dodot,"Toalhitas Bebé Aqua Pure 0% Plástico, 144 unidades",,4.99,4.99,144,,€/Unidade,2024-07-17T23:59:59.999999999+01:00,PROSPECTUS,https://driveimg1.intermarche.com/pt/Content/images/boitmal/produit/zoom/136A2F36E0D1BE51DB72BAB798666061.jpg,,,,17,4,,,,
53584,0000030150546,,Maybelline,Máscara Colossal Curl Bounce Very Black,Embalagem de 1 unidades,8.24,8.24,1,,€/Unidade,2024-07-24T23:59:59.999999999+01:00,PROSPECTUS,https://driveimg1.intermarche.com/pt/Content/images/boitmal/produit/zoom/A037AA905D061AC81B3E299FC6F1BB59.jpg,,,,17,4,,,,
53634,3600551133201,50.0,Narta,Desodorizante Roll On Biotic Invisível,Embalagem de 50ml,2.79,55.8,50,L,€/L,2024-07-24T23:59:59.999999999+01:00,PROSPECTUS,https://driveimg1.intermarche.com/pt/Content/images/boitmal/produit/zoom/2942F7991EA1D1FE1EA0987649ABC50D.jpg,,,,17,4,,,,
53667,5054563109705,75.0,Sensodyne,Pasta de Dentes Multiprotection Branqueadora,Embalagem de 75ml,3.96,52.8,75,L,€/L,2024-07-24T23:59:59.999999999+01:00,PROSPECTUS,https://driveimg1.intermarche.com/pt/Content/images/boitmal/produit/zoom/4ECD05DE4F9A66A4E1002721FFFE0E09.jpg,https://driveimg1.intermarche.com/pt/Content/images/boitmal/produit/zoom/79C3CD129F06F9A8E203F1CDCCF40417.jpg,https://driveimg1.intermarche.com/pt/Content/images/boitmal/produit/zoom/79C3CD129F06F9A8E203F1CDCCF40417.jpg,,17,4,https://driveimg1.intermarche.com/pt/Content/images/boitmal/produit/zoom/79C3CD129F06F9A8E203F1CDCCF40417.jpg,,,
53670,5054563119827,75.0,Sensodyne,Pasta de Dentes Branqueadora Nourish Branco Saudável,Embalagem de 75ml,3.34,44.53,75,L,€/L,2024-07-24T23:59:59.999999999+01:00,PROSPECTUS,https://driveimg1.intermarche.com/pt/Content/images/boitmal/produit/zoom/130D159800BD3EBD441CCD4A909E65AF.jpg,https://driveimg1.intermarche.com/pt/Content/images/boitmal/produit/zoom/E9A3BE851B4BFFD8866CC74997851983.jpg,https://driveimg1.intermarche.com/pt/Content/images/boitmal/produit/zoom/E9A3BE851B4BFFD8866CC74997851983.jpg,,17,4,https://driveimg1.intermarche.com/pt/Content/images/boitmal/produit/zoom/E9A3BE851B4BFFD8866CC74997851983.jpg,,,
53800,8410436435574,2250.0,Xtra,Detergente Máquina Roupa Líquido Gel Total Color,Embalagem de 50 Doses,7.99,3.55,2250,L,€/L,2024-08-02T23:59:59.999999999+01:00,PROSPECTUS,https://driveimg1.intermarche.com/pt/Content/images/boitmal/produit/zoom/4E596594043A409630F2B3B70BA9B24B.jpg,,,1000 Artigos,17,4,,,,
53826,8410436421966,,Bref,Bloco Sanitário Poder Ativo Lima,Embalagem de 4 un.,5.25,5.25,0,,€/Unidade,2024-07-17T23:59:59.999999999+01:00,PROSPECTUS,https://driveimg1.intermarche.com/pt/Content/images/boitmal/produit/zoom/27F9520D68FCA11B19043831D11BA7DE.jpg,,,,17,4,,,,
53921,5604260333110,250.0,Labell,"Protetor Solar Spray FPS 50+, 250ml",,5.99,23.96,250,L,€/L,2024-08-02T23:59:59.999999999+01:00,PROSPECTUS,https://driveimg1.intermarche.com/pt/Content/images/boitmal/produit/zoom/B1242136EA54B0214CAA1544DD624B9D.jpg,,,1000 Artigos,17,4,,,,
53922,5604260333127,250.0,Labell,"Protetor Solar Spray Kids Sensitive FPS 50+, 250ml",,6.49,25.96,250,L,€/L,2024-08-02T23:59:59.999999999+01:00,PROSPECTUS,https://driveimg1.intermarche.com/pt/Content/images/boitmal/produit/zoom/3A98DE117C4F1A4C47E24581277360BB.jpg,,,1000 Artigos,17,4,,,,
53924,5604260333158,200.0,Labell,"Loção Solar Cenoura FP 6, 200ml",,4.99,24.95,200,L,€/L,2024-08-02T23:59:59.999999999+01:00,PROSPECTUS,https://driveimg1.intermarche.com/pt/Content/images/boitmal/produit/zoom/76A5E0B432406BBBD3247C9FE2E08C4C.jpg,,,1000 Artigos,17,4,,,,
5438,5601314222222,1980.0,Vitalis,Água mineral sem gás,pack 6 x 0.33 l,1.31,0.66,1980,L,€/L,2024-07-17T23:59:59.999999999+01:00,PROSPECTUS,https://driveimg1.intermarche.com/pt/Content/images/boitmal/produit/zoom/E11545810DC93B28039D4E1D76B28C17.jpg,,,,17,4,,,,
5464,5601377000355,750.0,Monsaraz,Vinho Rosé DOC Alentejo,"Garrafa de 0,75 l",3.19,4.25,750,L,€/L,2024-07-17T23:59:59.999999999+01:00,PROSPECTUS,https://driveimg1.intermarche.com/pt/Content/images/boitmal/produit/zoom/857D589A09D645BAF935FFBBE16886D5.jpg,,,,17,4,,,,
5772,5604260025275,200.0,PorSi,"Fiambre extra, fatiado",Embalagem de 200g,1.99,9.95,0,kg,€/Kg,2024-08-02T23:59:59.999999999+01:00,PROSPECTUS,https://driveimg1.intermarche.com/pt/Content/images/boitmal/produit/zoom/E1FD3B6764CBA26BBE33F1BC49A13FA3.jpg,,,1000 Artigos,17,4,,,,
6054,5608516251050,280.0,Quinta de Jugais,Doce de morango,Embalagem de 280g,2.39,8.54,0,kg,€/Kg,2024-07-17T23:59:59.999999999+01:00,PROSPECTUS,https://driveimg1.intermarche.com/pt/Content/images/boitmal/produit/zoom/D590447713E09F1E066B2DF07C403940.jpg,,,,17,4,,,,
7050,2894090000000,150.0,Campofrio,Peito frango forno de lenha,1 un = 150 gr (aprox.),2.32,15.49,0,,€/Kg,2024-07-17T23:59:59.999999999+01:00,PROSPECTUS,https://driveimg1.intermarche.com/pt/Content/images/boitmal/produit/zoom/6772968344189119743079B1997DCA88.jpg,,,,17,4,,,,
7228,3059940006433,1000.0,Destop,Desentupidor gel turbo com lixívia,Garrafa de 1 l,5.84,5.84,1000,L,€/L,2024-07-17T23:59:59.999999999+01:00,PROSPECTUS,https://driveimg1.intermarche.com/pt/Content/images/boitmal/produit/zoom/8C14AE453887D1E807DA8F84ACE754F1.jpg,,,,17,4,,,,
7231,3059941005008,750.0,Harpic,Gel wc tripla ação c/ lixívia,Garrafa de 750 ml,1.99,2.65,750,L,€/L,2024-07-17T23:59:59.999999999+01:00,PROSPECTUS,https://driveimg1.intermarche.com/pt/Content/images/boitmal/produit/zoom/4F4DC0D04FEFE2E1C1396B2DF4E1E13C.jpg,,,,17,4,,,,
7241,3073780902441,120.0,Babybel,"Queijo light, mini",Embalagem de 120g,2.09,17.42,0,kg,€/Kg,2024-07-17T23:59:59.999999999+01:00,PROSPECTUS,https://driveimg1.intermarche.com/pt/Content/images/boitmal/produit/zoom/0AA8A610862F0A5133BDCC7393F67A54.jpg,,,,17,4,,,,
7324,3228020390131,250.0,Président,Manteiga magra meio sal,Embalagem de 250g,2.49,9.96,0,kg,€/Kg,2024-07-17T23:59:59.999999999+01:00,PROSPECTUS,https://driveimg1.intermarche.com/pt/Content/images/boitmal/produit/zoom/E0572D04FA5CEC1AC6556A139AF011D2.jpg,,,,17,4,,,,
809,5000116102075,280.0,Capitão Iglo,"Douradinhos de salmão, 10 unidades",Embalagem de 280g,4.99,17.82,0,kg,€/Kg,2024-07-17T23:59:59.999999999+01:00,PROSPECTUS,https://driveimg1.intermarche.com/pt/Content/images/boitmal/produit/zoom/94E9D7D87D69DF936F9880FE165277C6.jpg,,,Tipo de stockagem,17,4,,,,
815,5000116106172,250.0,Capitão Iglo,"Douradinhos de frango, 10 unidades",Embalagem de 250g,3.49,13.96,0,kg,€/Kg,2024-07-17T23:59:59.999999999+01:00,PROSPECTUS,https://driveimg1.intermarche.com/pt/Content/images/boitmal/produit/zoom/F63F8EDC7F7FF2702078ACE6C5ED02AC.jpg,,,Tipo de stockagem,17,4,,,,
8400,5601050033779,620.0,Danone,"Iogurte activia líquido cereais,  4 x 155 g",,1.99,3.21,0,kg,€/Kg,2024-07-17T23:59:59.999999999+01:00,PROSPECTUS,https://driveimg1.intermarche.com/pt/Content/images/boitmal/produit/zoom/3AC3707CF655B8CC61D2C80E4828D7C8.jpg,,,,17,4,,,,
8413,8410500008932,600.0,Actimel Danone,"Actimel morango, 6 x 100g",,2.79,4.65,0,kg,€/Kg,2024-07-17T23:59:59.999999999+01:00,PROSPECTUS,https://driveimg1.intermarche.com/pt/Content/images/boitmal/produit/zoom/F6EB1A175778A171D463316E7A3FAC27.jpg,,,,17,4,,,,
8434,5601050033731,620.0,Danone,"Iogurte activia líquido 0% lima/limão,  4 x 155 g",,1.99,3.21,0,kg,€/Kg,2024-07-17T23:59:59.999999999+01:00,PROSPECTUS,https://driveimg1.intermarche.com/pt/Content/images/boitmal/produit/zoom/E8DD28A0F1244F3320993F3917832E4F.jpg,,,,17,4,,,,
8457,5601066600118,375.0,Nacional,Cereais Corn Flakes Zero,Embalagem de 375 g,1.94,5.17,0,kg,€/Kg,2024-07-17T23:59:59.999999999+01:00,PROSPECTUS,https://driveimg1.intermarche.com/pt/Content/images/boitmal/produit/zoom/A7683E8F168E338F28BB577100AEAF53.jpg,,,,17,4,,,,
8538,5601119957213,120.0,Campofrio,Peito frango forno lenha fatias finas,Embalagem de 120g,2.39,19.92,0,kg,€/Kg,2024-07-17T23:59:59.999999999+01:00,PROSPECTUS,https://driveimg1.intermarche.com/pt/Content/images/boitmal/produit/zoom/A07912C7AB7FD404926F35358863642D.jpg,,,,17,4,,,,
8845,5601283141302,100.0,Penha,Caramelos de fruta,Embalagem de 100g,1.09,10.9,0,kg,€/Kg,2024-07-17T23:59:59.999999999+01:00,PROSPECTUS,https://driveimg1.intermarche.com/pt/Content/images/boitmal/produit/zoom/BC005EC01DFB398E26B3BEB4FC1E1AC9.jpg,,,,17,4,,,,
9134,5602016031013,750.0,Leziria,"Vinho rosé, meio seco",Garrafa de 750 ml,1.34,1.79,750,L,€/L,2024-07-17T23:59:59.999999999+01:00,PROSPECTUS,https://driveimg1.intermarche.com/pt/Content/images/boitmal/produit/zoom/51E82E21E368643743A9BCE9E3D965C6.jpg,,,,17,4,,,,
940,5601001322402,20.0,Nescafé,Café solúvel nescafé,Embalagem de 20g,1.19,59.5,0,kg,€/Kg,2024-07-17T23:59:59.999999999+01:00,PROSPECTUS,https://driveimg1.intermarche.com/pt/Content/images/boitmal/produit/zoom/0F212944843A52390E68B12CB14B3980.jpg,,,,17,4,,,,
9567,5604260251490,1500.0,PorSi,"Água com gás, sabor limão","Embalagem de 6x0,25 l",2.39,1.59,1500,L,€/L,2024-07-17T23:59:59.999999999+01:00,PROSPECTUS,https://driveimg1.intermarche.com/pt/Content/images/boitmal/produit/zoom/6B7AEC330F28F320FAE94685BF94EF29.jpg,,,,17,4,,,,
980,5601024134488,750.0,Oliveira da Serra,Azeite virgem extra clássico,Embalagem de 750 ml,8.79,11.72,750,L,€/L,2024-08-02T23:59:59.999999999+01:00,PROSPECTUS,https://driveimg1.intermarche.com/pt/Content/images/boitmal/produit/zoom/01EF39EFE8396CC9ACA95DC25E9D3412.jpg,,,1000 Artigos,17,4,,,,
