identifier,produitEan13,capacite,marque,libelle,conditionnement,prix,unitPrice,volume,typeProduit_uniteByCode,unit_value,pictogrammes_0,pictogrammes_libelleCategorie,images_0,images_1,images_2,images_3,images_4,images_5,images_6,images_7,avantages_dateFin,avantages_categorie,nro_paginas,page
54632,5603722523045,1000.0,Gresso,"Leite UHT Meio Gordo, 1L",,0.85,0.85,1000,L,€/L,,,https://driveimg1.intermarche.com/pt/Content/images/boitmal/produit/zoom/ECF816693AC2579C9FB595FD8ABD96D7.jpg,,,,,,,,2026-01-07T23:59:59Z,PROSPECTUS,12,1
29438,5601082040233,55.0,Delta Q,Cápsulas de café epiq,Embalagem de 60g,2.99,54.36,0,kg,€/Kg,,,https://driveimg1.intermarche.com/pt/Content/images/boitmal/produit/zoom/D35434D32FE859705541AF26F67B5F90.jpg,,,,,,,,2026-01-07T23:59:59Z,PROSPECTUS,12,1
19022,5603722509742,800.0,Agros,"Leite com chocolate, embalagem de 4 x 200 ml",,1.49,1.86,800,L,€/L,,,https://driveimg1.intermarche.com/pt/Content/images/boitmal/produit/zoom/86A34AF1051A1750347A4FF58912A923.jpg,,,,,,,,2026-01-07T23:59:59Z,PROSPECTUS,12,1
1426,5601255312112,1000.0,Caçarola,"Arroz Carolino, emb. 1 kg",,1.09,1.09,0,kg,€/Kg,,,https://driveimg1.intermarche.com/pt/Content/images/boitmal/produit/zoom/947C9C91099FF9E267C19F6B97A6C031.jpg,,,,,,,,2026-01-07T23:59:59Z,PROSPECTUS,12,1
979,5601024134471,750.0,Oliveira da Serra,Azeite Virgem,Embalagem de 750 ml,3.79,5.05,750,L,€/L,,,https://driveimg1.intermarche.com/pt/Content/images/boitmal/produit/zoom/E26F25C9E42D7D1738A837046251B635.jpg,,,,,,,,2026-01-07T23:59:59Z,PROSPECTUS,12,1
49460,7613287300362,99.0,Nescafé,Café Buondi Intensidade 8,16 cápsulas,4.89,49.39,0,kg,€/Kg,,,https://driveimg1.intermarche.com/pt/Content/images/boitmal/produit/zoom/E4BCDB4A1998B45DA9767B093A961A1E.jpg,,,,,,,,2026-01-07T23:59:59Z,PROSPECTUS,12,1
1451,5601286201782,500.0,Milaneza,"Massa esparguete, embalagem de 500g",,0.79,1.58,0,kg,€/Kg,,,https://driveimg1.intermarche.com/pt/Content/images/boitmal/produit/zoom/FF90DF8806B7F52F8AD5ECEED9AAA2FA.jpg,,,,,,,,2026-01-07T23:59:59Z,PROSPECTUS,12,1
57633,8445291831889,,Nescafé,"Cápsulas de Café Expresso Buondi Robusto Int 12, emb. 16 un.",,4.89,4.89,16,,€/Unidade,,,https://driveimg1.intermarche.com/pt/Content/images/boitmal/produit/zoom/C96B262D002C4024FAA4A0EF54822550.jpg,,,,,,,,2026-01-07T23:59:59Z,PROSPECTUS,12,1
50377,8445290351357,,Nescafé,"Cápsulas de Café Sical Int 7, emb. 16 un",,4.89,4.89,16,,€/Unidade,,,https://driveimg1.intermarche.com/pt/Content/images/boitmal/produit/zoom/44FD43160B41B883D60D056B524E6B93.jpg,,,,,,,,2026-01-07T23:59:59Z,PROSPECTUS,12,1
1142,5601082026954,55.0,Delta Q,Café em cápsulas  qonvictus,Embalagem de 55 g,2.99,54.36,0,kg,€/Kg,,,https://driveimg1.intermarche.com/pt/Content/images/boitmal/produit/zoom/2BCCE3D035FB6F5D7FC434FDA25E120B.jpg,,,,,,,,2026-01-07T23:59:59Z,PROSPECTUS,12,1
52578,8445290836342,,Nescafé,"Cápsulas de Café Sical Meia de Leite, emb. 16 un",,4.89,4.89,0,,€/Unidade,,,https://driveimg1.intermarche.com/pt/Content/images/boitmal/produit/zoom/B8D83D24BE9DBC0C087E30DEC870E20C.jpg,,,,,,,,2026-01-07T23:59:59Z,PROSPECTUS,12,1
57359,5601082057996,,Delta Q,"Cápsulas de Café Uniq Int 16, 10 Cápsulas",,2.99,2.99,10,,€/Unidade,,,https://driveimg1.intermarche.com/pt/Content/images/boitmal/produit/zoom/484F1D40BC3DF7AC9D8C4544B6B9F667.jpg,,,,,,,,2026-01-07T23:59:59Z,PROSPECTUS,12,1
29439,5601082040226,55.0,Delta Q,Cápsulas de café qharisma,Embalagem de 60g,2.99,54.36,0,kg,€/Kg,,,https://driveimg1.intermarche.com/pt/Content/images/boitmal/produit/zoom/39FE0B4691223B1955C79E543FE9A503.jpg,,,,,,,,2026-01-07T23:59:59Z,PROSPECTUS,12,1
1297,5601151543313,1000.0,Compal,"Néctar de pêssego, embalagem de 1l",,0.99,0.99,1000,L,€/L,,,https://driveimg1.intermarche.com/pt/Content/images/boitmal/produit/zoom/08E04D043544808C4F3901CA5FF6A2F4.jpg,,,,,,,,2026-01-07T23:59:59Z,PROSPECTUS,12,1
1141,5601082026930,,Delta Q,"Cápsulas de Café Qharacter Int 9, emb. 10 un.",Embalagem de 60g,2.99,2.99,0,,€/Unidade,,,https://driveimg1.intermarche.com/pt/Content/images/boitmal/produit/zoom/ED78713935358B06CEC6FAE9E6288EA3.jpg,,,,,,,,2026-01-07T23:59:59Z,PROSPECTUS,12,1
1144,5601082026978,,Delta Q,"Cápsulas de Café Aqtivus Int 8, emb. 10 un.",Embalagem de 55 g,2.99,2.99,0,,€/Unidade,,,https://driveimg1.intermarche.com/pt/Content/images/boitmal/produit/zoom/52267C2B82B3AE15A09FF0BFBFD58772.jpg,,,,,,,,2026-01-07T23:59:59Z,PROSPECTUS,12,1
52577,8445290830609,,Nescafé,"Cápsulas de Descafeinado Sical Int 5, emb. 16 un.",,4.89,4.89,16,,€/Unidade,,,https://driveimg1.intermarche.com/pt/Content/images/boitmal/produit/zoom/9751EE6592A3E7106D0A646390D853FA.jpg,,,,,,,,2026-01-07T23:59:59Z,PROSPECTUS,12,1
1146,5601082027029,55.0,Delta Q,Café em cápsulas deqafeitatus,Embalagem de 55 g,2.99,54.36,0,kg,€/Kg,,,https://driveimg1.intermarche.com/pt/Content/images/boitmal/produit/zoom/245DF90A4F20DF617A9331E6A54D24B0.jpg,,,,,,,,2026-01-07T23:59:59Z,PROSPECTUS,12,1
40911,5601082046976,50.0,Delta Q,Café mythiq,Embalagem de 50g,2.99,59.8,0,kg,€/Kg,,,https://driveimg1.intermarche.com/pt/Content/images/boitmal/produit/zoom/122F99AB6BA9E453566914C598618D44.jpg,,,,,,,,2026-01-07T23:59:59Z,PROSPECTUS,12,1
33824,7613033332913,260.0,Nestlé,"Bebida Cereais Chicória com Café, emb. 260 gr",,6.49,24.96,0,kg,€/Kg,,,https://driveimg1.intermarche.com/pt/Content/images/boitmal/produit/zoom/C51CF9C3041A64B9082F131897629C78.jpg,,,,,,,,2026-01-07T23:59:59Z,PROSPECTUS,12,1
33090,5411188112709,1000.0,Alpro,"Bebida amêndoa torrada sem açúcar, embalagem de 1litro",,1.89,1.89,1000,L,€/L,,,https://driveimg1.intermarche.com/pt/Content/images/boitmal/produit/zoom/66C6488BDB769AFC2D2A2697199C34D6.jpg,,,,,,,,2026-01-07T23:59:59Z,PROSPECTUS,12,1
54266,4006000095738,750.0,Nivea,"Gel de banho creme smooth, 750ml",,3.49,4.65,750,L,€/L,,,https://driveimg1.intermarche.com/pt/Content/images/boitmal/produit/zoom/E301BEA6E32E444A5512464F7974F873.jpg,,,,,,,,2026-01-07T23:59:59Z,PROSPECTUS,12,1
44933,7613287343758,,Nescafé,"Ndg café espresso intenso 16 capsulas, embalagem de 112g",,4.89,4.89,16,,€/Unidade,,,https://driveimg1.intermarche.com/pt/Content/images/boitmal/produit/zoom/1B8D48DC222AD13301B58C2D365D1671.jpg,,,,,,,,2026-01-07T23:59:59Z,PROSPECTUS,12,1
49359,5601146700066,6000.0,Sagres,"Cerveja com Álcool Mini, emb. 24 x 25 cl",,10.99,1.83,6000,L,€/L,,,https://driveimg1.intermarche.com/pt/Content/images/boitmal/produit/zoom/F20A269CA928E43FDC723A9CF664F032.jpg,,,,,,,,2026-01-07T23:59:59Z,PROSPECTUS,12,1
1140,5601082026909,,Delta Q,"Cápsulas de Café Qalidus Int 10, 10 Cápsulas",Embalagem de 60g,2.99,2.99,0,,€/Unidade,,,https://driveimg1.intermarche.com/pt/Content/images/boitmal/produit/zoom/441EE69B99F521CFEC78FC743837C36E.jpg,,,,,,,,2026-01-07T23:59:59Z,PROSPECTUS,12,1
1295,5601151533451,1000.0,Compal,"Néctar clássico de manga, embalagem de 1l",,0.99,0.99,1000,L,€/L,,,https://driveimg1.intermarche.com/pt/Content/images/boitmal/produit/zoom/C39B088399EB8957F0ED194316340ED2.jpg,,,,,,,,2026-01-07T23:59:59Z,PROSPECTUS,12,1
51955,5601151966518,1000.0,Compal,"Clássico néctar maçã, embalagem de 1 l",,0.99,0.99,1000,L,€/L,,,https://driveimg1.intermarche.com/pt/Content/images/boitmal/produit/zoom/AAC2B38FB8DA9D096749B1C613B9605A.jpg,,,,,,,,2026-01-07T23:59:59Z,PROSPECTUS,12,1
1291,5601151333457,1000.0,Compal,"Néctar clássico tutti frutti, embalagem de 1l",,0.99,0.99,1000,L,€/L,,,https://driveimg1.intermarche.com/pt/Content/images/boitmal/produit/zoom/72E1F82181A7A99589C5EAFAC26322FC.jpg,,,,,,,,2026-01-07T23:59:59Z,PROSPECTUS,12,1
1322,5601163011114,5400.0,Luso,"Água sem gás, garrafa de 5,4 l",,1.49,0.28,5400,L,€/L,,,https://driveimg1.intermarche.com/pt/Content/images/boitmal/produit/zoom/AA9320932FF184911C32006B7463EC74.jpg,,,,,,,,2026-01-07T23:59:59Z,PROSPECTUS,12,1
5632,5602445000536,750.0,Encosta das Perdizes,Vinho regional alentejano tinto,Garrafa de 750 ml,2.49,3.32,750,L,€/L,,,https://driveimg1.intermarche.com/pt/Content/images/boitmal/produit/zoom/ADC7AAF1E42FC34FB14363D21F98FEE3.jpg,,,,,,,,2026-01-07T23:59:59Z,PROSPECTUS,12,1
38417,5411188124689,1000.0,Alpro,"Bebida aveia sem açúcar, embalagem de 1l",,1.89,1.89,1000,L,€/L,,,https://driveimg1.intermarche.com/pt/Content/images/boitmal/produit/zoom/242D83F75D71A1E8390A9D4AC652F0B9.jpg,,,,,,,,2026-01-07T23:59:59Z,PROSPECTUS,12,1
45600,4005900648181,750.0,Nivea,"Gel de Banho Aloe, emb. 750 ml",,3.49,4.65,750,L,€/L,,,https://driveimg1.intermarche.com/pt/Content/images/boitmal/produit/zoom/38ED25B3E1B734D9B60438B2D4D4A6D2.jpg,,,,,,,,2026-01-07T23:59:59Z,PROSPECTUS,12,1
54267,4006000095752,750.0,Nivea,"Gel de banho creme care, 750ml",,3.49,4.65,750,L,€/L,,,https://driveimg1.intermarche.com/pt/Content/images/boitmal/produit/zoom/B020BA363B55A2D6537EE33E51B90658.jpg,,,,,,,,2026-01-07T23:59:59Z,PROSPECTUS,12,1
8319,5601028017305,,Renova,Papel Higiénico Olé Branco 2 Folhas,38 Rolos + 10 Rolos Grátis,6.99,6.99,0,,€/Unidade,,,https://driveimg1.intermarche.com/pt/Content/images/boitmal/produit/zoom/5F618AB20DB350B94A7783BCF08F8F6B.jpg,,,,,,,,2026-01-07T23:59:59Z,PROSPECTUS,12,1
47656,5600258596994,700.0,Super Pop,"Detergente loiça tripla ação limão, 700 ml",,1.99,2.84,700,L,€/L,,,https://driveimg1.intermarche.com/pt/Content/images/boitmal/produit/zoom/249F8942AC5C646CF234B21F2C24F1D5.jpg,,,,,,,,2026-01-07T23:59:59Z,PROSPECTUS,12,1
47657,5600356070006,700.0,Super Pop,"Detergente loiça tripla ação maçã, 700 ml",,1.99,2.84,700,L,€/L,,,https://driveimg1.intermarche.com/pt/Content/images/boitmal/produit/zoom/225ACC9F82588EB810572EC1677D5B22.jpg,,,,,,,,2026-01-07T23:59:59Z,PROSPECTUS,12,1
9999,8001480020535,4000.0,Neoblanc,Lixívia Tradicional,Embalagem de 4 l,2.79,0.7,4000,L,€/L,,,https://driveimg1.intermarche.com/pt/Content/images/boitmal/produit/zoom/9906959CB147C83320C04CF2C670E38F.jpg,,,,,,,,2026-01-07T23:59:59Z,PROSPECTUS,12,1
8318,5601028014540,,Renova,"Rolos de cozinha compactos, branco, máxima absorção, xxl",1 unidade,0.99,0.99,0,,€/Unidade,,,https://driveimg1.intermarche.com/pt/Content/images/boitmal/produit/zoom/BC7BADCD8E43838B553974D430A7EFB9.jpg,,,,,,,,2026-01-07T23:59:59Z,PROSPECTUS,12,1
12994,2892524000000,100.0,Legumes,Cenoura Granel,1 un = 100 gr (aprox.),0.09,0.89,0,,€/Kg,,,https://driveimg1.intermarche.com/pt/Content/images/boitmal/produit/zoom/5AEDEF3ED6ABEF24EACEE9C46AA7916F.jpg,,,,,,,,2026-01-07T23:59:59Z,PROSPECTUS,12,1
21292,5604260263837,250.0,PorSi,Alho Seco,Embalagem: 250 g  ,1.49,5.96,0,kg,€/Kg,,,https://driveimg1.intermarche.com/pt/Content/images/boitmal/produit/zoom/9CACD04AEB53BB065A4A6DA5A64A1473.jpg,,,,,,,,2026-01-07T23:59:59Z,PROSPECTUS,12,1
12997,2892527000000,300.0,Legumes,Courgette Categoria II,,0.54,1.79,0,,€/Kg,,,https://driveimg1.intermarche.com/pt/Content/images/boitmal/produit/zoom/323B806C0CB557ED0F5B2CB32A998FDE.jpg,,,,,,,,2026-01-07T23:59:59Z,PROSPECTUS,12,1
12909,2892005000000,250.0,Fruta,Laranja Económica,1 un = 250 gr  (aprox.),0.35,1.39,0,,€/Kg,,,https://driveimg1.intermarche.com/pt/Content/images/boitmal/produit/zoom/67E13FD34B36BCD37E12339EB836171D.jpg,,,,,,,,2026-01-07T23:59:59Z,PROSPECTUS,12,1
13914,2891225000000,350.0,Frango,Perna com Costa,1 un. = 300 g (aprox.),0.94,2.69,0,,€/Kg,,,https://driveimg1.intermarche.com/pt/Content/images/boitmal/produit/zoom/D1297D1CD095629263E582A65B4C3857.jpg,,,,,,,,2026-01-07T23:59:59Z,PROSPECTUS,12,1
13934,2891062000000,250.0,Porco,Rojões,1 un = 250 gr  (aprox.),1.0,3.99,0,,€/Kg,,,https://driveimg1.intermarche.com/pt/Content/images/boitmal/produit/zoom/925F2FDC1F925A7FD71EE6165315B22E.jpg,,,,,,,,2026-01-07T23:59:59Z,PROSPECTUS,12,1
42776,5604260304714,200.0,PorSi,Fiambre da Pá Fatiado 200g,,1.59,7.95,0,kg,€/Kg,,,https://driveimg1.intermarche.com/pt/Content/images/boitmal/produit/zoom/96696B16BD79A06D0941D803193430BB.jpg,https://driveimg1.intermarche.com/pt/Content/images/boitmal/produit/zoom/4BF6C4B7F27D2FA729AB427C5AFC4D32.jpg,https://driveimg1.intermarche.com/pt/Content/images/boitmal/produit/zoom/4BF6C4B7F27D2FA729AB427C5AFC4D32.jpg,https://driveimg1.intermarche.com/pt/Content/images/boitmal/produit/zoom/4BF6C4B7F27D2FA729AB427C5AFC4D32.jpg,https://driveimg1.intermarche.com/pt/Content/images/boitmal/produit/zoom/4BF6C4B7F27D2FA729AB427C5AFC4D32.jpg,https://driveimg1.intermarche.com/pt/Content/images/boitmal/produit/zoom/4BF6C4B7F27D2FA729AB427C5AFC4D32.jpg,https://driveimg1.intermarche.com/pt/Content/images/boitmal/produit/zoom/4BF6C4B7F27D2FA729AB427C5AFC4D32.jpg,https://driveimg1.intermarche.com/pt/Content/images/boitmal/produit/zoom/4BF6C4B7F27D2FA729AB427C5AFC4D32.jpg,2026-01-07T23:59:59Z,PROSPECTUS,12,1
13893,2891043000000,1000.0,Porco,Entrecosto,Vendido ao peso a partir de 1 kg,4.99,4.99,0,,€/Kg,,,https://driveimg1.intermarche.com/pt/Content/images/boitmal/produit/zoom/AA05EE99D302D59771FCC108473E0700.jpg,,,,,,,,2026-01-07T23:59:59Z,PROSPECTUS,12,1
13897,2891053000000,1000.0,Porco,Lombo sem Osso,Vendido ao peso a partir de 1 kg,3.99,3.99,0,,€/Kg,,,https://driveimg1.intermarche.com/pt/Content/images/boitmal/produit/zoom/415564DA70574ED3C1D7475F1F28BDB6.jpg,,,,,,,,2026-01-07T23:59:59Z,PROSPECTUS,12,1
13966,2696019000000,450.0,Padaria,Pão Regional Rio Maior Inteiro,1 unidade= 450 g,1.09,2.42,0,kg,€/Kg,,,https://driveimg1.intermarche.com/pt/Content/images/boitmal/produit/zoom/868CC38F01B8F1FD056036A7F49504A8.jpg,,,,,,,,2026-01-07T23:59:59Z,PROSPECTUS,12,1
15010,2892545000000,1000.0,Programa Origens,Couve Flor,1 un = 1 kg (aprox.),1.99,1.99,0,,€/Kg,,,https://driveimg1.intermarche.com/pt/Content/images/boitmal/produit/zoom/93AF9BD404AC9C131A6A0C88150C31D1.jpg,,,,,,,,2026-01-07T23:59:59Z,PROSPECTUS,12,1
12718,5604260297023,230.0,PorSi,Massa Folhada 230g,,0.89,3.87,0,kg,€/Kg,,,https://driveimg1.intermarche.com/pt/Content/images/boitmal/produit/zoom/005BB39643ECEEEE18D4155B1DA9B91E.jpg,,,,,,,,2026-01-07T23:59:59Z,PROSPECTUS,12,1
34239,5604260285495,1500.0,PorSi,Pera rocha categoria II Programa Origens,Embalagem de 1.5 kg,2.49,1.66,0,kg,€/Kg,,,https://driveimg1.intermarche.com/pt/Content/images/boitmal/produit/zoom/F6E3096BF97BB2633EACD15A32FEACF7.jpg,https://driveimg1.intermarche.com/pt/Content/images/boitmal/produit/zoom/11ABC193A8AF1413E11E1849F00D2775.jpg,,,,,,,2026-01-07T23:59:59Z,PROSPECTUS,12,1
36170,5604260295654,1000.0,PorSi,Batata Pré-frita Palitos 1kg,Embalagem de 1 kg,1.85,1.85,0,kg,€/Kg,,Tipo de stockagem,https://driveimg1.intermarche.com/pt/Content/images/boitmal/produit/zoom/3CCF0DFFCA76AEE7F401DF2681D9A02B.jpg,,,,,,,,2026-01-07T23:59:59Z,PROSPECTUS,12,1
36774,5604260300686,640.0,PorSi,Iogurte Líquido Stracciatella 4x160g,,1.35,2.11,0,kg,€/Kg,,,https://driveimg1.intermarche.com/pt/Content/images/boitmal/produit/zoom/C2FFBE33474D478DB26278409ED4B240.jpg,,,,,,,,2026-01-07T23:59:59Z,PROSPECTUS,12,1
41384,5601050036602,440.0,Danone,"Iogurte grego oikos stracciatella, embalagem de 4 x 110g",,1.99,4.52,0,kg,€/Kg,,,https://driveimg1.intermarche.com/pt/Content/images/boitmal/produit/zoom/4F7A349ED222FA644F51711D6A4D74B4.jpg,,,,,,,,2026-01-07T23:59:59Z,PROSPECTUS,12,1
44956,2696878000000,,Padaria,Bola de mistura centeio Baviera,90 g,0.18,0.18,0,,€/Unidade,,,https://driveimg1.intermarche.com/pt/Content/images/boitmal/produit/zoom/09DB4B39AC0AAE5D11E868A906EFB364.jpg,,,,,,,,2026-01-07T23:59:59Z,PROSPECTUS,12,1
51838,8436048961898,140.0,Artiach,Bolachas Chiquilin Chiquichocs Energy,Embalagem de 140g,1.79,12.79,0,kg,€/Kg,,,https://driveimg1.intermarche.com/pt/Content/images/boitmal/produit/zoom/E6376C8AE9CD397A70E82D7137FEC051.jpg,,,,,,,,2026-01-07T23:59:59Z,PROSPECTUS,12,1
52359,5604260329953,450.0,PorSi,Pão de Forma sem Côdea 450 G,,1.29,2.87,0,kg,€/Kg,,,https://driveimg1.intermarche.com/pt/Content/images/boitmal/produit/zoom/E06008FDA9192BAB0002DE1A243B1AF2.jpg,,,,,,,,2026-01-07T23:59:59Z,PROSPECTUS,12,1
9691,5604260270613,500.0,PorSi,Queijo Flamengo Fatiado 500g,,3.99,7.98,0,kg,€/Kg,,,https://driveimg1.intermarche.com/pt/Content/images/boitmal/produit/zoom/C8998B7CDC65CD8030539E0414C45C30.jpg,,,,,,,,2026-01-07T23:59:59Z,PROSPECTUS,12,1
12939,2892073000000,100.0,Legumes,Gengibre,1 un = 100 gr (aprox.),0.4,3.99,0,,€/Kg,,,https://driveimg1.intermarche.com/pt/Content/images/boitmal/produit/zoom/5DD27F4B431D4A23DEA88B654F1DDE48.jpg,,,,,,,,2026-01-07T23:59:59Z,PROSPECTUS,12,1
13048,2893561000000,250.0,Marisco,Ameijoa Branca Vietnamita Congelada,Vendido a partir de 250 gr  (aprox.),0.5,1.99,0,,€/Kg,,Avantages !,https://driveimg1.intermarche.com/pt/Content/images/boitmal/produit/zoom/EB1BC296FF41180E6F3E1626AD4F78AA.jpg,,,,,,,,2026-01-07T23:59:59Z,PROSPECTUS,12,1
13892,2891041000000,1000.0,Porco,Costeletas do Lombo,Vendido ao peso a partir de 1 kg,3.99,3.99,0,,€/Kg,,,https://driveimg1.intermarche.com/pt/Content/images/boitmal/produit/zoom/589E4AFE71E19AF7FEB32FB0C0E176FF.jpg,,,,,,,,2026-01-07T23:59:59Z,PROSPECTUS,12,1
13947,2891125000000,150.0,Peru,Espetadas de Peru,1 un = 150 gr (aprox.),1.02,6.79,0,,€/Kg,,,https://driveimg1.intermarche.com/pt/Content/images/boitmal/produit/zoom/7051DD49B64096A6B46E7815DD618A85.jpg,,,,,,,,2026-01-07T23:59:59Z,PROSPECTUS,12,1
15060,2892453000000,1000.0,Programa Origens,Abóbora Butternut,1 un = 1 kg (aprox.),0.99,0.99,0,,€/Kg,,,https://driveimg1.intermarche.com/pt/Content/images/boitmal/produit/zoom/B52C2C8A1B11C26BA2F358A3355C1A17.jpg,,,,,,,,2026-01-07T23:59:59Z,PROSPECTUS,12,1
17272,2891375000000,800.0,Novilho,Carne p/ Estufar,Vendido ao peso a partir de 800 g,9.59,11.99,0,,€/Kg,,,https://driveimg1.intermarche.com/pt/Content/images/boitmal/produit/zoom/74A9E71258207F3FD300DB35B0F5BB18.jpg,,,,,,,,2026-01-07T23:59:59Z,PROSPECTUS,12,1
18298,5604260278459,640.0,PorSi,Iogurte Líquido Morango 4x160g,,1.35,2.11,0,kg,€/Kg,,,https://driveimg1.intermarche.com/pt/Content/images/boitmal/produit/zoom/BE51EE5E15324D84DD1CD633B09B61D4.jpg,,,,,,,,2026-01-07T23:59:59Z,PROSPECTUS,12,1
28608,5604260282821,640.0,PorSi,Iogurte Líquido Frutos Tropicais 4x160g,,1.29,2.02,0,kg,€/Kg,,,https://driveimg1.intermarche.com/pt/Content/images/boitmal/produit/zoom/B152BCFD6AE7E62A7FDFE1104F2B5961.jpg,,,,,,,,2026-01-07T23:59:59Z,PROSPECTUS,12,1
53901,5604260330805,1000.0,PorSi,Massa Esparguete 1kg,,0.99,0.99,0,kg,€/Kg,,,https://driveimg1.intermarche.com/pt/Content/images/boitmal/produit/zoom/D7D001EB905343E24B78BB6F9F4F1199.jpg,,,,,,,,2026-01-07T23:59:59Z,PROSPECTUS,12,1
53942,5603722523298,1000.0,Matinal,"Bebida de leite sem lactose livre, 1l",,1.25,1.25,1000,L,€/L,,,https://driveimg1.intermarche.com/pt/Content/images/boitmal/produit/zoom/3F3F185EBF624903AC3031EAC11A6631.jpg,,,,,,,,2026-01-07T23:59:59Z,PROSPECTUS,12,1
11463,5601018001642,250.0,Gresso,"Manteiga com sal, embalagem de 250g",,2.14,8.56,0,kg,€/Kg,,,https://driveimg1.intermarche.com/pt/Content/images/boitmal/produit/zoom/3A5F1036925C0C6B8D6C067104A96CDE.jpg,https://driveimg1.intermarche.com/pt/Content/images/boitmal/produit/zoom/7AC5179CFF33BEA38B382077FB05A477.jpg,,,,,,,2026-01-07T23:59:59Z,PROSPECTUS,12,1
11942,5603533492202,1000.0,Frize,"Água com gás groselha, pack 4 x 0.25 l",,2.09,2.09,1000,L,€/L,,,https://driveimg1.intermarche.com/pt/Content/images/boitmal/produit/zoom/9F272D120CD1620A52E8FDFD1398797A.jpg,,,,,,,,2026-01-07T23:59:59Z,PROSPECTUS,12,1
12943,2892087000000,1500.0,Fruta,Mamão,"1 un = 1,5 kg (aprox.)",5.84,3.89,0,,€/Kg,,,https://driveimg1.intermarche.com/pt/Content/images/boitmal/produit/zoom/E92859558CF3617793775ADAD1A11B14.jpg,,,,,,,,2026-01-07T23:59:59Z,PROSPECTUS,12,1
13817,2892582000000,250.0,Legumes,Pimento Verde,1 un = 250 gr  (aprox.),0.6,2.39,0,,€/Kg,,,https://driveimg1.intermarche.com/pt/Content/images/boitmal/produit/zoom/65E0131049B6BD4E669549F70B795EC0.jpg,,,,,,,,2026-01-07T23:59:59Z,PROSPECTUS,12,1
13866,2891048000000,1000.0,Porco,Bifanas,Vendido ao peso a partir de 1 kg,3.99,3.99,0,,€/Kg,,,https://driveimg1.intermarche.com/pt/Content/images/boitmal/produit/zoom/72DE0DA6B485199AC995C629E3E4D279.jpg,,,,,,,,2026-01-07T23:59:59Z,PROSPECTUS,12,1
13869,2891126000000,1000.0,PorSi,Coelho inteiro,Vendido ao peso,6.59,6.59,0,,€/Kg,,,https://driveimg1.intermarche.com/pt/Content/images/boitmal/produit/zoom/52C51860E551A8D97DAB91398A81FDB2.jpg,,,,,,,,2026-01-07T23:59:59Z,PROSPECTUS,12,1
1439,5601260127107,1000.0,Cigala,"Arroz vaporizado, embalagem de 1 kg",,1.38,1.38,0,kg,€/Kg,,,https://driveimg1.intermarche.com/pt/Content/images/boitmal/produit/zoom/4B2862217CBB7515902C0E411B46053F.jpg,,,,,,,,2026-01-07T23:59:59Z,PROSPECTUS,12,1
14879,2696313000000,,Pastelaria,Croissant Brioche 85 g,,0.55,0.55,0,,€/Unidade,,,https://driveimg1.intermarche.com/pt/Content/images/boitmal/produit/zoom/53A872BBC45BBDDAC9749CC51F8CB1EC.jpg,,,,,,,,2026-01-07T23:59:59Z,PROSPECTUS,12,1
19166,5604260274185,1000.0,PorSi,Kiwi,embalagem de 1Kg,2.49,2.49,0,kg,€/Kg,,,https://driveimg1.intermarche.com/pt/Content/images/boitmal/produit/zoom/4B3FD551DB4B491A1542FF19FDA92048.jpg,,,,,,,,2026-01-07T23:59:59Z,PROSPECTUS,12,1
19447,5604260278473,640.0,PorSi,Iogurte Líquido Frutos Vermelhos 4x160g,,1.35,2.11,0,kg,€/Kg,,,https://driveimg1.intermarche.com/pt/Content/images/boitmal/produit/zoom/8581A11FFE819B3D2A07520BA73EC4AF.jpg,,,,,,,,2026-01-07T23:59:59Z,PROSPECTUS,12,1
2314,5604260271856,185.0,PorSi,Cogumelos Inteiros 355g,,1.25,6.76,0,kg,€/Kg,,,https://driveimg1.intermarche.com/pt/Content/images/boitmal/produit/zoom/01F5BA204144BDCBC76F253B25332909.jpg,,,,,,,,2026-01-07T23:59:59Z,PROSPECTUS,12,1
40493,5604260296125,,PorSi,30 Saco Lixo Wc 5l,,0.86,0.86,0,,€/Unidade,,,https://driveimg1.intermarche.com/pt/Content/images/boitmal/produit/zoom/71190204B6BA7B59B49CD014C9D15AF9.jpg,,,,,,,,2026-01-07T23:59:59Z,PROSPECTUS,12,1
40654,5604260295708,,PorSi,10 Sacos de Lixo com Fecho 50l,,1.03,1.03,0,,€/Unidade,,,https://driveimg1.intermarche.com/pt/Content/images/boitmal/produit/zoom/26D085B0AD6F18827C0DB222DE504A7D.jpg,,,,,,,,2026-01-07T23:59:59Z,PROSPECTUS,12,1
41041,8001480703001,700.0,Neoblanc,Tira nódoas em spray cores,Embalagem de 700 ml,1.99,2.84,700,L,€/L,,,https://driveimg1.intermarche.com/pt/Content/images/boitmal/produit/zoom/1B7BCC034AAC45310DFFCE9E289F80C7.jpg,,,,,,,,2026-01-07T23:59:59Z,PROSPECTUS,12,1
45212,5604260313440,,PorSi,Toalhitas Bebé Recarga Basic X72,Embalagem de 72 unidades,0.95,0.95,0,,€/Unidade,,,https://driveimg1.intermarche.com/pt/Content/images/boitmal/produit/zoom/2A8840C4D3591A0FCF0D30701819AA3F.jpg,,,,,,,,2026-01-07T23:59:59Z,PROSPECTUS,12,1
48366,5604260321742,,PorSi,15 Sacos Lixo Fecho Fácil Eco 50l,,1.21,1.21,0,,€/Unidade,,,https://driveimg1.intermarche.com/pt/Content/images/boitmal/produit/zoom/5D412390968DA58F3373B0AE00F192C4.jpg,,,,,,,,2026-01-07T23:59:59Z,PROSPECTUS,12,1
56276,5604260334186,220.0,PorSi,Bolachas Cacau com Recheio 220g,,0.99,4.5,0,kg,€/Kg,,,https://driveimg1.intermarche.com/pt/Content/images/boitmal/produit/zoom/55B93F47F44FB0AE2D894C4BDC43AE83.jpg,,,,,,,,2026-01-07T23:59:59Z,PROSPECTUS,12,1
7126,2895005000000,100.0,PorSi,Queijo flamengo barra,"Vendido ao peso, fatiado a partir de 100 gr",0.7,6.99,0,,€/Kg,,,https://driveimg1.intermarche.com/pt/Content/images/boitmal/produit/zoom/C58710AC482B79ADD159B3D70167D585.jpg,https://driveimg1.intermarche.com/pt/Content/images/boitmal/produit/zoom/429C8DD5EB6268845AF5C452EB2A1C3C.jpg,,,,,,,2026-01-07T23:59:59Z,PROSPECTUS,12,1
1011,5601043111019,1000.0,Branca de neve,"Farinha de Trigo Fina com Fermento, emb. 1 kg",,1.39,1.39,0,kg,€/Kg,,,https://driveimg1.intermarche.com/pt/Content/images/boitmal/produit/zoom/D6747B38ADBB658B352D698D9667A42C.jpg,,,,,,,,2026-01-07T23:59:59Z,PROSPECTUS,12,1
1188,5601119007970,200.0,Nobre,"Salsichas Frankfurt Originais Lata 8 un, emb. 200 gr",,1.39,6.95,0,kg,€/Kg,,,https://driveimg1.intermarche.com/pt/Content/images/boitmal/produit/zoom/F480FC52D56464F3C1B867155F4A37B9.jpg,,,,,,,,2026-01-07T23:59:59Z,PROSPECTUS,12,1
12051,5604260129546,1000.0,PorSi,Iogurte Aroma Frutos Vermelhos 8x125g,,1.79,1.79,0,kg,€/Kg,,,https://driveimg1.intermarche.com/pt/Content/images/boitmal/produit/zoom/3E196B0E3D9B7EE0675CBE85C304ECE2.jpg,,,,,,,,2026-01-07T23:59:59Z,PROSPECTUS,12,1
15353,5604260270767,800.0,PorSi,Tentáculos Pota 800g,,5.99,7.49,0,kg,€/Kg,,Tipo de stockagem,https://driveimg1.intermarche.com/pt/Content/images/boitmal/produit/zoom/49398B6B79D4038703598D2AD5AB070C.jpg,,,,,,,,2026-01-07T23:59:59Z,PROSPECTUS,12,1
1611,5601736901293,250.0,Mar Ibérica,"Cubos de Tamboril, emb. 250 gr",Embalagem de 250 g,3.39,13.56,0,kg,€/Kg,,Tipo de stockagem,https://driveimg1.intermarche.com/pt/Content/images/boitmal/produit/zoom/B7F6A60B0D063C4286B9079B713072D6.jpg,,,,,,,,2026-01-07T23:59:59Z,PROSPECTUS,12,1
17665,8712100745591,754.0,Calvé,"Maionese XXL Top Down, emb. 754 gr",,3.49,4.63,0,kg,€/Kg,,,https://driveimg1.intermarche.com/pt/Content/images/boitmal/produit/zoom/C6F00A8AA4D7D21E56D34CFA61170423.jpg,,,,,,,,2026-01-07T23:59:59Z,PROSPECTUS,12,1
18161,5601164884465,1320.0,Somersby,Sidra frutos vermelhos,pack 4 x 0.33 l,3.89,2.95,1320,L,€/L,,,https://driveimg1.intermarche.com/pt/Content/images/boitmal/produit/zoom/507246A606E1CB1D17B01F2DC7199F50.jpg,,,,,,,,2026-01-07T23:59:59Z,PROSPECTUS,12,1
18350,8410320148245,80.0,Campofrio,"Chourição Gran Doblón Fatiado, emb. 80 gr",Embalagem de 80g,1.59,19.88,0,kg,€/Kg,,,https://driveimg1.intermarche.com/pt/Content/images/boitmal/produit/zoom/C3DD6539D50EC6C28C822B12B80D5795.jpg,,,,,,,,2026-01-07T23:59:59Z,PROSPECTUS,12,1
18628,5601028002707,,Renova,Rolo de Cozinha Multi,4 Rolos,1.49,1.49,0,,€/Unidade,,,https://driveimg1.intermarche.com/pt/Content/images/boitmal/produit/zoom/A6A18C9DEB55952EA54214B88A2CC38D.jpg,,,,,,,,2026-01-07T23:59:59Z,PROSPECTUS,12,1
1949,5604260056958,200.0,PorSi,Massa de Pimentão 200g,,0.85,4.25,0,kg,€/Kg,,,https://driveimg1.intermarche.com/pt/Content/images/boitmal/produit/zoom/06719CB99B4D5420820EA0F88FE0319A.jpg,,,,,,,,2026-01-07T23:59:59Z,PROSPECTUS,12,1
20918,5000116110964,840.0,Capitão Iglo,"30 douradinhos, embalagem de 840g",,8.99,10.7,0,kg,€/Kg,,Tipo de stockagem,https://driveimg1.intermarche.com/pt/Content/images/boitmal/produit/zoom/3C52B0905F2F1ACE3D67359B13FE0331.jpg,,,,,,,,2026-01-07T23:59:59Z,PROSPECTUS,12,1
2403,5608543000072,20.0,Tetley,"Chá de mel, limão e ginseng",Embalagem de 20g,0.94,47.0,0,kg,€/Kg,,,https://driveimg1.intermarche.com/pt/Content/images/boitmal/produit/zoom/9B1217457C8CB66C8447C64453800613.jpg,,,,,,,,2026-01-07T23:59:59Z,PROSPECTUS,12,1
25597,5601151979303,1200.0,Bongo,"Néctar 8 Frutos, emb. 6 x 20 cl",,2.29,1.91,1200,L,€/L,,,https://driveimg1.intermarche.com/pt/Content/images/boitmal/produit/zoom/58E322AC82399BF9CBCFBEBC2BD370F4.jpg,,,,,,,,2026-01-07T23:59:59Z,PROSPECTUS,12,1
26047,8412600070994,650.0,Bimbo,Pão de forma s/ côdea,Embalagem de 650 g,2.14,3.29,0,kg,€/Kg,,,https://driveimg1.intermarche.com/pt/Content/images/boitmal/produit/zoom/5D9620F17746A1D49642D0DCBD72A2D3.jpg,,,,,,,,2026-01-07T23:59:59Z,PROSPECTUS,12,1
35560,5601151973745,3500.0,Seven Up,"Refrigerante de lima e limão com gás regular, pack de 2 x 1.75 l",,2.99,0.85,3500,L,€/L,,,https://driveimg1.intermarche.com/pt/Content/images/boitmal/produit/zoom/5CD5A622753D3356E9D019035298E5D4.jpg,,,,,,,,2026-01-07T23:59:59Z,PROSPECTUS,12,2
36945,8719200009899,500.0,Vaqueiro,"Margarina líquida, embalagem de 500 ml",,2.59,5.18,500,L,€/L,,,https://driveimg1.intermarche.com/pt/Content/images/boitmal/produit/zoom/03FECF6E7878193CA48B473E5C2E3939.jpg,,,,,,,,2026-01-07T23:59:59Z,PROSPECTUS,12,2
36952,7613036862295,,Nescafé,"Cápsulas de Café Espresso Intenso Int 7, emb. 16 un",,5.89,5.89,16,,€/Unidade,,,https://driveimg1.intermarche.com/pt/Content/images/boitmal/produit/zoom/E961429E3414F1C39643E5CB1F2C82A7.jpg,,,,,,,,2026-01-07T23:59:59Z,PROSPECTUS,12,2
37981,5604260295760,,PorSi,15 Sacos Lixo Lavanda 50l,,1.7,1.7,0,,€/Unidade,,,https://driveimg1.intermarche.com/pt/Content/images/boitmal/produit/zoom/87BB39A7028A7AC67136CE76F8517017.jpg,,,,,,,,2026-01-07T23:59:59Z,PROSPECTUS,12,2
41065,5604649919805,300.0,Fruta,Abacate categoria II,Embalagem de 300 g,1.99,6.63,0,kg,€/Kg,,,https://driveimg1.intermarche.com/pt/Content/images/boitmal/produit/zoom/93A72763F7A087227DE3798E6EF50F82.jpg,,,,,,,,2026-01-07T23:59:59Z,PROSPECTUS,12,2
41226,5601050036572,440.0,Danone,"Oikos morango, embalagem de 4 x 110g",,1.99,4.52,0,kg,€/Kg,,,https://driveimg1.intermarche.com/pt/Content/images/boitmal/produit/zoom/2653493E2B1190B7D8AE6B95BAB9D958.jpg,,,,,,,,2026-01-07T23:59:59Z,PROSPECTUS,12,2
41297,5601050036534,440.0,Danone,"Iogurte oikos pêssego, embalagem de 4 x 110g",,1.99,4.52,0,kg,€/Kg,,,https://driveimg1.intermarche.com/pt/Content/images/boitmal/produit/zoom/C2BCC90FB2B192B3C8BC1E9CCF0DA4AF.jpg,,,,,,,,2026-01-07T23:59:59Z,PROSPECTUS,12,2
41774,5604260306718,640.0,PorSi,Iogurte Líquido Melão e Melancia 4x160g,,1.35,2.11,0,kg,€/Kg,,,https://driveimg1.intermarche.com/pt/Content/images/boitmal/produit/zoom/3D049EBF98180DDB91D9E9C5FEA0AFE0.jpg,,,,,,,,2026-01-07T23:59:59Z,PROSPECTUS,12,2
44104,2696661000000,90.0,Padaria,Cacetinho de trigo integral,90 g,0.19,2.11,0,kg,€/Kg,,,https://driveimg1.intermarche.com/pt/Content/images/boitmal/produit/zoom/DC4B31D5116A1A43F4BD72090A42EAD2.jpg,,,,,,,,2026-01-07T23:59:59Z,PROSPECTUS,12,2
46824,5603722518270,720.0,Mimosa,"Iogurte magro aroma multi sabores de morango/coco, 6x120g",,1.99,2.76,0,kg,€/Kg,,,https://driveimg1.intermarche.com/pt/Content/images/boitmal/produit/zoom/C1F13564A32ADE4727C9B834FE2B8090.jpg,,,,,,,,2026-01-07T23:59:59Z,PROSPECTUS,12,2
991,5601029004090,120.0,Bom Petisco,"Atum posta em azeite, embalagem de 120g",,1.54,12.83,0,kg,€/Kg,,,https://driveimg1.intermarche.com/pt/Content/images/boitmal/produit/zoom/7303762D9C0618FC9C75C481CF52C5DB.jpg,,,,,,,,2026-01-07T23:59:59Z,PROSPECTUS,12,2
1039,5601045300008,1500.0,Antartica,"Refrigerante com Gás Guaraná, garrafa 1,5 lt",,1.79,1.19,1500,L,€/L,,,https://driveimg1.intermarche.com/pt/Content/images/boitmal/produit/zoom/649D7CD5951BC9EA2CEFF9A7816AFF2E.jpg,,,,,,,,2026-01-07T23:59:59Z,PROSPECTUS,12,2
11465,5601018003608,1000.0,Matinal,"Leite seleccionado magro, de 1l",,1.0,1.0,1000,L,€/L,,,https://driveimg1.intermarche.com/pt/Content/images/boitmal/produit/zoom/F46A1F399BBA63407EB01F30929F5649.jpg,,,,,,,,2026-01-07T23:59:59Z,PROSPECTUS,12,2
11466,5601018004605,200.0,Gresso,Nata uht para bater 200 ml,,0.85,4.25,200,L,€/L,,,https://driveimg1.intermarche.com/pt/Content/images/boitmal/produit/zoom/6D55411BE639B830632A68D20D002036.jpg,,,,,,,,2026-01-07T23:59:59Z,PROSPECTUS,12,2
11655,5601195101142,1980.0,Pedras Salgadas,"Água com gás natural pet, pack 6 x 0.33 l",,2.99,1.51,1980,L,€/L,,,https://driveimg1.intermarche.com/pt/Content/images/boitmal/produit/zoom/702FFA9017CB152B0B80B7BA93CF9B54.jpg,,,,,,,,2026-01-07T23:59:59Z,PROSPECTUS,12,2
12723,5604260297030,230.0,PorSi,Massa Quebrada 230g,,0.89,3.87,0,kg,€/Kg,,,https://driveimg1.intermarche.com/pt/Content/images/boitmal/produit/zoom/17FAD14347B9FE1A3325BEAD6BF49081.jpg,,,,,,,,2026-01-07T23:59:59Z,PROSPECTUS,12,2
12892,2892508000000,400.0,Legumes,Beringela,1 un=400 gr (aprox.),0.88,2.19,0,,€/Kg,,,https://driveimg1.intermarche.com/pt/Content/images/boitmal/produit/zoom/5B7B3A896213DE67893050A67A6D9D9B.jpg,,,,,,,,2026-01-07T23:59:59Z,PROSPECTUS,12,2
12996,2892526000000,250.0,Legumes,Chuchu,1 un = 250 gr  (aprox.),0.6,2.39,0,,€/Kg,,,https://driveimg1.intermarche.com/pt/Content/images/boitmal/produit/zoom/9B3515E273EECDE0B69B6402C7F1BEB4.jpg,,,,,,,,2026-01-07T23:59:59Z,PROSPECTUS,12,2
13126,2893105000000,600.0,Peixaria,Dourada de Viveiro,de 600 a 800g,4.79,7.99,0,,€/Kg,,,https://driveimg1.intermarche.com/pt/Content/images/boitmal/produit/zoom/6E8A33BF89ACC347EAD33BE9A6FF5B5C.jpg,,,,,,,,2026-01-07T23:59:59Z,PROSPECTUS,12,2
1323,5601163020512,9000.0,Luso,"Água sem gás, pack 6 x 1.5 l",,3.59,0.4,9000,L,€/L,,,https://driveimg1.intermarche.com/pt/Content/images/boitmal/produit/zoom/001A786D3A6068914B18C4EF27206C2E.jpg,,,,,,,,2026-01-07T23:59:59Z,PROSPECTUS,12,2
13529,2893521000000,1000.0,Peixaria,Pescada do Chile Congelada Nº3,1 un= 1 kg (aprox.),9.99,9.99,0,,€/Kg,,Avantages !,https://driveimg1.intermarche.com/pt/Content/images/boitmal/produit/zoom/40D57D35BBDBDF72027C959F41A6E90C.jpg,,,,,,,,2026-01-07T23:59:59Z,PROSPECTUS,12,2
13567,2893562000000,250.0,Marisco,Ameijoa Castanha Vietnamita Congelada,vendido ao peso a partir de 250 g,0.75,2.99,0,,€/Kg,,Avantages !,https://driveimg1.intermarche.com/pt/Content/images/boitmal/produit/zoom/33CC3279E2741F227440A7AFDC3AEEF9.jpg,,,,,,,,2026-01-07T23:59:59Z,PROSPECTUS,12,2
14301,5000116105199,1125.0,Iglo,"Ervilhas, embalagem de 1,125 kg",,4.99,4.44,0,kg,€/Kg,,Tipo de stockagem,https://driveimg1.intermarche.com/pt/Content/images/boitmal/produit/zoom/2A12D381A70EA524D1800DAB02CBAB7B.jpg,,,,,,,,2026-01-07T23:59:59Z,PROSPECTUS,12,2
14458,7613034678607,90.0,Nestlé,"Fruta para bebé banana maçã +4 meses, embalagem de 90g",,0.65,7.22,0,kg,€/Kg,,,https://driveimg1.intermarche.com/pt/Content/images/boitmal/produit/zoom/0F3547F16577E97D821E3E9FDD9F17B9.jpg,,,,,,,,2026-01-07T23:59:59Z,PROSPECTUS,12,2
14865,2696212000000,,Pastelaria,Folhado Misto 90 g,,0.69,0.69,0,,€/Unidade,,,https://driveimg1.intermarche.com/pt/Content/images/boitmal/produit/zoom/164C27A781A7C68A965295D85BB7D95F.jpg,,,,,,,,2026-01-07T23:59:59Z,PROSPECTUS,12,2
16003,5000116109630,300.0,Capitão Iglo,"12 douradinhos forníssimo, embalagem de 300g",,3.98,13.27,0,kg,€/Kg,,Tipo de stockagem,https://driveimg1.intermarche.com/pt/Content/images/boitmal/produit/zoom/544992A31EAE2C5ED6C344C7B21BC2DA.jpg,,,,,,,,2026-01-07T23:59:59Z,PROSPECTUS,12,2
16607,8712561521529,700.0,Cif,"Creme abrasivo original, de 700 ml",,2.69,3.84,700,L,€/L,,,https://driveimg1.intermarche.com/pt/Content/images/boitmal/produit/zoom/30CCCA0B503F489882A8FCB31275E9C6.jpg,,,,,,,,2026-01-07T23:59:59Z,PROSPECTUS,12,2
16675,8431890051971,,Polident,Pastilhas de Limpeza Dentífrica Branqueadora,Embalagem com 30 unidades ,3.34,3.34,0,,€/Unidade,,,https://driveimg1.intermarche.com/pt/Content/images/boitmal/produit/zoom/0B9937D0AD58082EAB8D0E9C6AC86794.jpg,,,,,,,,2026-01-07T23:59:59Z,PROSPECTUS,12,2
17523,2891246000000,1000.0,Porco,Pá York c/ Osso c/ Couro,Vendido ao peso a partir de 1 kg,3.99,3.99,0,,€/Kg,,,https://driveimg1.intermarche.com/pt/Content/images/boitmal/produit/zoom/B1774B7150E1E65399A00A5F3DC93922.jpg,,,,,,,,2026-01-07T23:59:59Z,PROSPECTUS,12,2
17900,8001480023277,700.0,Neoblanc,"Lixívia Spray Mousse Flor, 700ml",,2.99,4.27,700,L,€/L,,,https://driveimg1.intermarche.com/pt/Content/images/boitmal/produit/zoom/4C9540C630C990410131B89E1C2C75B8.jpg,,,,,,,,2026-01-07T23:59:59Z,PROSPECTUS,12,2
18595,8410500016012,400.0,Danonino Danone,"Iogurte líquido danonino morango, embalagem de 4 x 100g",,2.09,5.23,0,kg,€/Kg,,,https://driveimg1.intermarche.com/pt/Content/images/boitmal/produit/zoom/00E1EF11C0C6DBF4F5207E20D5392DA2.jpg,,,,,,,,2026-01-07T23:59:59Z,PROSPECTUS,12,2
20202,5601151976456,1000.0,Frize,"Água com gás limão/pepino/gengibre, pack 4 x 0.25 l",,2.09,2.09,1000,L,€/L,,,https://driveimg1.intermarche.com/pt/Content/images/boitmal/produit/zoom/8CC607BECDA933771553297655559077.jpg,,,,,,,,2026-01-07T23:59:59Z,PROSPECTUS,12,2
20967,5601027002593,175.0,Manhãzitos,5 manhãzitos choco chips,Embalagem de 175 g,2.29,13.09,0,kg,€/Kg,,,https://driveimg1.intermarche.com/pt/Content/images/boitmal/produit/zoom/BE4C58F28F8A49ACD807D3815C0F8DEB.jpg,,,,,,,,2026-01-07T23:59:59Z,PROSPECTUS,12,2
22307,5601019012647,390.0,Guloso,"Tomate em pedaços, embalagem de 390g",,1.46,3.74,0,kg,€/Kg,,,https://driveimg1.intermarche.com/pt/Content/images/boitmal/produit/zoom/85FEDF14479D5ED36078754920648A80.jpg,,,,,,,,2026-01-07T23:59:59Z,PROSPECTUS,12,2
26091,7613036115575,550.0,Nestlé,Cereais estrelitas,Embalagem de 550g,2.49,4.53,0,kg,€/Kg,,,https://driveimg1.intermarche.com/pt/Content/images/boitmal/produit/zoom/90505B63FB20AF187537F3B46DDB9B86.jpg,,,,,,,,2026-01-07T23:59:59Z,PROSPECTUS,12,2
26414,5000116110919,1042.0,Capitão Iglo,"50 nuggets de frango, embalagem de 1042g",,12.99,12.47,0,kg,€/Kg,,Tipo de stockagem,https://driveimg1.intermarche.com/pt/Content/images/boitmal/produit/zoom/D97E3080A57234D7462734347713E694.jpg,,,,,,,,2026-01-07T23:59:59Z,PROSPECTUS,12,2
2740,8410063016627,400.0,Pescanova,"4 filetes de pescada panados com limão, embalagem de 400g",,4.99,12.48,0,kg,€/Kg,,Tipo de stockagem,https://driveimg1.intermarche.com/pt/Content/images/boitmal/produit/zoom/793D04BEFB15F5DF82BA7896A4F9F018.jpg,,,,,,,,2026-01-07T23:59:59Z,PROSPECTUS,12,2
30168,2696660000000,80.0,Padaria,Cacetinho de Trigo,80 g,0.19,2.38,0,kg,€/Kg,,,https://driveimg1.intermarche.com/pt/Content/images/boitmal/produit/zoom/061A32F66C5467484869F7F4ECEA0767.jpg,,,,,,,,2026-01-07T23:59:59Z,PROSPECTUS,12,2
34385,5604260285754,,PorSi,Papel Higiénico 2 Folhas Reciclado 6 Rolos,,2.09,2.09,0,,€/Unidade,,,https://driveimg1.intermarche.com/pt/Content/images/boitmal/produit/zoom/A1DBFD368962CC2E7DAC05F669F9A1E3.jpg,,,,,,,,2026-01-07T23:59:59Z,PROSPECTUS,12,2
3526,2894034000000,150.0,Nobre,Fiambre da Perna Extra,1 un = 150 gr (aprox.),2.4,15.99,0,,€/Kg,,,https://driveimg1.intermarche.com/pt/Content/images/boitmal/produit/zoom/C76D05EF052819EDC79567520AD2D260.jpg,,,,,,,,2026-01-07T23:59:59Z,PROSPECTUS,12,2
35441,5604260291168,420.0,PorSi,Cogumelos Laminados 780g,,2.19,5.21,0,kg,€/Kg,,,https://driveimg1.intermarche.com/pt/Content/images/boitmal/produit/zoom/F874C2D913FFAAA6855A523B2803F053.jpg,,,,,,,,2026-01-07T23:59:59Z,PROSPECTUS,12,2
35849,5601050035353,440.0,Danone,"Iogurte oikos cheesecake de mirtilo, embalagem de 4 x 110g",,1.99,4.52,0,kg,€/Kg,,,https://driveimg1.intermarche.com/pt/Content/images/boitmal/produit/zoom/4A1EC89AAD14F77718D5CC67F571432A.jpg,,,,,,,,2026-01-07T23:59:59Z,PROSPECTUS,12,2
36712,5604260294879,200.0,PorSi,Queijo Gouda Fatiado 200g,,1.69,8.45,0,kg,€/Kg,,,https://driveimg1.intermarche.com/pt/Content/images/boitmal/produit/zoom/DA95A9507FFD36014042570F7367B99A.jpg,,,,,,,,2026-01-07T23:59:59Z,PROSPECTUS,12,2
37574,8717163836835,2000.0,Lipton,"Ice tea de pêssego sem açúcar, garrafa de 2l",,2.39,1.2,2000,L,€/L,,,https://driveimg1.intermarche.com/pt/Content/images/boitmal/produit/zoom/B0D164F35BECC5A6CA9E515D71ED323C.jpg,,,,,,,,2026-01-07T23:59:59Z,PROSPECTUS,12,2
40495,5604260296071,,PorSi,50 Saco Lixo 20l Atilho,,1.79,1.79,0,,€/Unidade,,,https://driveimg1.intermarche.com/pt/Content/images/boitmal/produit/zoom/09451DAED034B47C1C9D6F554E340140.jpg,,,,,,,,2026-01-07T23:59:59Z,PROSPECTUS,12,2
40769,5604260301942,300.0,PorSi,Alimento Humido Cão Vaca 300g,Embalagem de 300 g,0.75,2.5,0,kg,€/Kg,,,https://driveimg1.intermarche.com/pt/Content/images/boitmal/produit/zoom/D9C4A619B4359B319F6376BE6477D965.jpg,,,,,,,,2026-01-07T23:59:59Z,PROSPECTUS,12,2
40834,8718951333390,1000.0,Ajax,"Lava tudo boost vinagre, 1 l",,1.99,1.99,1000,L,€/L,,,https://driveimg1.intermarche.com/pt/Content/images/boitmal/produit/zoom/AA079AF8B407E3DB4BE3429621BC2D32.jpg,,,,,,,,2026-01-07T23:59:59Z,PROSPECTUS,12,2
40848,5604260296118,,PorSi,15 Saco Lixo Resistente 50l,,1.97,1.97,0,,€/Unidade,,,https://driveimg1.intermarche.com/pt/Content/images/boitmal/produit/zoom/53339BC26922912810A74230DB210BFC.jpg,,,,,,,,2026-01-07T23:59:59Z,PROSPECTUS,12,2
40969,5601151972557,1000.0,Frize,"Água com gás sabor a maracujá, pack 4x 0,25l",,2.09,2.09,1000,L,€/L,,,https://driveimg1.intermarche.com/pt/Content/images/boitmal/produit/zoom/AF6318AC77392E694BAA2AC34B4CAA04.jpg,,,,,,,,2026-01-07T23:59:59Z,PROSPECTUS,12,2
41300,5601050036596,440.0,Danone,"Iogurte oikos manga papaya, embalagem de 4 x 110g",,1.99,4.52,0,kg,€/Kg,,,https://driveimg1.intermarche.com/pt/Content/images/boitmal/produit/zoom/407B76EA9B8AB5CE288E3F687A8DBF84.jpg,,,,,,,,2026-01-07T23:59:59Z,PROSPECTUS,12,2
41622,5604260304585,5000.0,PorSi,Areia para Gatos Mineral Perfumada 5kg,,1.79,0.36,0,kg,€/Kg,,,https://driveimg1.intermarche.com/pt/Content/images/boitmal/produit/zoom/471523428A34BCB5DDD5150968022974.jpg,,,,,,,,2026-01-07T23:59:59Z,PROSPECTUS,12,2
43012,5604260307197,300.0,PorSi,Alimento Húmido Cão Frango 300g,Embalagem de 300 g,0.75,2.5,0,kg,€/Kg,,,https://driveimg1.intermarche.com/pt/Content/images/boitmal/produit/zoom/2225898E3C121DD19FEF9F2C0CEB962C.jpg,https://driveimg1.intermarche.com/pt/Content/images/boitmal/produit/zoom/3FD0F0D9955E6135023C13E6B1D173A7.jpg,https://driveimg1.intermarche.com/pt/Content/images/boitmal/produit/zoom/3FD0F0D9955E6135023C13E6B1D173A7.jpg,https://driveimg1.intermarche.com/pt/Content/images/boitmal/produit/zoom/3FD0F0D9955E6135023C13E6B1D173A7.jpg,https://driveimg1.intermarche.com/pt/Content/images/boitmal/produit/zoom/3FD0F0D9955E6135023C13E6B1D173A7.jpg,https://driveimg1.intermarche.com/pt/Content/images/boitmal/produit/zoom/3FD0F0D9955E6135023C13E6B1D173A7.jpg,https://driveimg1.intermarche.com/pt/Content/images/boitmal/produit/zoom/3FD0F0D9955E6135023C13E6B1D173A7.jpg,,2026-01-07T23:59:59Z,PROSPECTUS,12,2
43541,5604260309955,2000.0,PorSi,Amaciador Concentrado Floral 2L,,1.79,0.9,2000,L,€/L,,,https://driveimg1.intermarche.com/pt/Content/images/boitmal/produit/zoom/051755203CB0DF5DAB3A4311EAE749EB.jpg,,,,,,,,2026-01-07T23:59:59Z,PROSPECTUS,12,2
43543,5604260309931,2000.0,PorSi,Amaciador Concentrado Alfazema 2L,,1.79,0.9,2000,L,€/L,,,https://driveimg1.intermarche.com/pt/Content/images/boitmal/produit/zoom/F8E88AC1CB7816A8CC2A3C634DC21E96.jpg,,,,,,,,2026-01-07T23:59:59Z,PROSPECTUS,12,2
44234,8710522854815,257.0,Calvé,"Mostarda Top Down, emb. 257 gr",,1.68,6.54,0,kg,€/Kg,,,https://driveimg1.intermarche.com/pt/Content/images/boitmal/produit/zoom/63AC7BC5BB2C7D5CE58B458BE855CC4A.jpg,,,,,,,,2026-01-07T23:59:59Z,PROSPECTUS,12,2
44665,8711327488069,1000.0,Lipton,"Ice tea pêssego zero açúcar, garrafa de 1l",,1.39,1.39,1000,L,€/L,,,https://driveimg1.intermarche.com/pt/Content/images/boitmal/produit/zoom/622DEE19E0BF974598DA26024FB08C2F.jpg,,,,,,,,2026-01-07T23:59:59Z,PROSPECTUS,12,2
45773,5054563087829,75.0,Aquafresh,"Pasta dentífrica eucalipto, lima e menta",Embalagem de 75ml,1.84,24.53,75,L,€/L,,,https://driveimg1.intermarche.com/pt/Content/images/boitmal/produit/zoom/1F94A046F2A6C727F7B6BE2D468B428F.jpg,,,,,,,,2026-01-07T23:59:59Z,PROSPECTUS,12,2
4687,5000116105212,375.0,Iglo,"Ervilhas, embalagem de 375g",,1.89,5.04,0,kg,€/Kg,,Tipo de stockagem,https://driveimg1.intermarche.com/pt/Content/images/boitmal/produit/zoom/6C528FEBBEDC5462386A3AB117EEBFD4.jpg,,,,,,,,2026-01-07T23:59:59Z,PROSPECTUS,12,2
47807,5604260316724,250.0,Porsi Select - Programa Origens,Secretos de Porco Preto do Alentejo 250 G,,3.99,15.96,0,kg,€/Kg,,,https://driveimg1.intermarche.com/pt/Content/images/boitmal/produit/zoom/A1188505A5921D717B8B546770374A47.jpg,,,,,,,,2026-01-07T23:59:59Z,PROSPECTUS,12,2
48147,5604260319473,375.0,PorSi,Cereais Bolas de Chocolate 375g,,1.99,5.31,0,kg,€/Kg,,,https://driveimg1.intermarche.com/pt/Content/images/boitmal/produit/zoom/A2B702166C838C0223DAE1A342BA25DD.jpg,https://driveimg1.intermarche.com/pt/Content/images/boitmal/produit/zoom/97B9E90D32C20B8DE50A5D91D0038712.jpg,,,,,,,2026-01-07T23:59:59Z,PROSPECTUS,12,2
48368,5604260321735,,PorSi,20 Sacos Lixo Eco com Atilho 30l,,0.8,0.8,0,,€/Unidade,,,https://driveimg1.intermarche.com/pt/Content/images/boitmal/produit/zoom/265A59AC39DAD564BB7550DBB887E284.jpg,,,,,,,,2026-01-07T23:59:59Z,PROSPECTUS,12,2
48902,5604260321711,,PorSi,30 Sacos Lixo com Alças 25l,,1.03,1.03,0,,€/Unidade,,,https://driveimg1.intermarche.com/pt/Content/images/boitmal/produit/zoom/66D97D73EDD1D5743BB9A1F349A046C8.jpg,https://driveimg1.intermarche.com/pt/Content/images/boitmal/produit/zoom/A13AC84351A23B8471C8D2EE6071B99D.jpg,https://driveimg1.intermarche.com/pt/Content/images/boitmal/produit/zoom/A13AC84351A23B8471C8D2EE6071B99D.jpg,https://driveimg1.intermarche.com/pt/Content/images/boitmal/produit/zoom/A13AC84351A23B8471C8D2EE6071B99D.jpg,https://driveimg1.intermarche.com/pt/Content/images/boitmal/produit/zoom/A13AC84351A23B8471C8D2EE6071B99D.jpg,,,,2026-01-07T23:59:59Z,PROSPECTUS,12,2
49085,5604260323555,300.0,PorSi,Rissóis de Camarão 300g,,1.15,3.83,0,kg,€/Kg,,Tipo de stockagem,https://driveimg1.intermarche.com/pt/Content/images/boitmal/produit/zoom/61EB4306415FCE700EFC0803FE2462D1.jpg,,,,,,,,2026-01-07T23:59:59Z,PROSPECTUS,12,2
49767,5601151969106,1000.0,Frize,"Água com gás ananás, pack 4 x 0.25 l",,2.09,2.09,1000,L,€/L,,,https://driveimg1.intermarche.com/pt/Content/images/boitmal/produit/zoom/894FBD4D289713EED7DB570E33675A74.jpg,,,,,,,,2026-01-07T23:59:59Z,PROSPECTUS,12,2
50386,8445290290014,30.0,Maggi,"Molho suculento frango no forno com alho e cebola em saqueta, 30g",,0.89,29.67,0,kg,€/Kg,,,https://driveimg1.intermarche.com/pt/Content/images/boitmal/produit/zoom/0DEECC66FD9482A59A0436C06913C5D2.jpg,,,,,,,,2026-01-07T23:59:59Z,PROSPECTUS,12,2
50405,8445290489173,900.0,Cerelac,"Papa Infantil Farinha Láctea +12M, emb. 900 gr",,6.29,6.99,0,kg,€/Kg,,,https://driveimg1.intermarche.com/pt/Content/images/boitmal/produit/zoom/79C2E535CBAB06EFF8E7EE2B8A2191BC.jpg,,,,,,,,2026-01-07T23:59:59Z,PROSPECTUS,12,2
50601,5601082053561,220.0,Delta,"Café Moído Torrado Moagem Universal Lote Ritual Int 13, emb. 220 gr",Embalagem de 220g,3.24,14.73,0,kg,€/Kg,,,https://driveimg1.intermarche.com/pt/Content/images/boitmal/produit/zoom/A70BF1149BAF3B16F9194947D8DA1DC7.jpg,,,,,,,,2026-01-07T23:59:59Z,PROSPECTUS,12,2
51925,8711327587632,2000.0,Lipton,Ice tea lipton chá preto manga zero 2l,,2.39,1.2,2000,L,€/L,,,https://driveimg1.intermarche.com/pt/Content/images/boitmal/produit/zoom/241DBF240C312378317C24947EDC5453.jpg,,,,,,,,2026-01-07T23:59:59Z,PROSPECTUS,12,2
52152,5604260327874,400.0,Porsi Vivabem,"Gelatina de Morango 8kcal,  4x100g",,1.09,2.73,0,kg,€/Kg,,,https://driveimg1.intermarche.com/pt/Content/images/boitmal/produit/zoom/A27BB13F3AC0F7C4289D8CAAD30D8C91.jpg,,,,,,,,2026-01-07T23:59:59Z,PROSPECTUS,12,2
52935,5603722522628,200.0,Matinal,"Manteiga magra sem lactose, 200g",,1.99,9.95,0,kg,€/Kg,,,https://driveimg1.intermarche.com/pt/Content/images/boitmal/produit/zoom/8CBD1054729AF9FC46683642CA3D0920.jpg,https://driveimg1.intermarche.com/pt/Content/images/boitmal/produit/zoom/2A7DC81F20D438007A5500C63648E75B.jpg,https://driveimg1.intermarche.com/pt/Content/images/boitmal/produit/zoom/2A7DC81F20D438007A5500C63648E75B.jpg,,,,,,2026-01-07T23:59:59Z,PROSPECTUS,12,2
53344,3665468500973,750.0,Harpic,"Gel Sanitário Anticalcário, 750ml",,1.99,2.65,750,L,€/L,,,https://driveimg1.intermarche.com/pt/Content/images/boitmal/produit/zoom/962E310CD2BDB96B6F0D962949C9D00A.jpg,https://driveimg1.intermarche.com/pt/Content/images/boitmal/produit/zoom/7DB98AB086C29F9305C325CE18FE2677.jpg,https://driveimg1.intermarche.com/pt/Content/images/boitmal/produit/zoom/7DB98AB086C29F9305C325CE18FE2677.jpg,https://driveimg1.intermarche.com/pt/Content/images/boitmal/produit/zoom/7DB98AB086C29F9305C325CE18FE2677.jpg,,,,,2026-01-07T23:59:59Z,PROSPECTUS,12,2
53361,5029053580753,,Scottex,"Papel Higienico Senitive, emb. 18 rolos",,5.99,5.99,0,,€/Unidade,,,https://driveimg1.intermarche.com/pt/Content/images/boitmal/produit/zoom/9968833B676A4DAAFF241D4D3185820C.jpg,https://driveimg1.intermarche.com/pt/Content/images/boitmal/produit/zoom/449A7C060AED192A33CF62B9797621C7.jpg,https://driveimg1.intermarche.com/pt/Content/images/boitmal/produit/zoom/449A7C060AED192A33CF62B9797621C7.jpg,https://driveimg1.intermarche.com/pt/Content/images/boitmal/produit/zoom/449A7C060AED192A33CF62B9797621C7.jpg,https://driveimg1.intermarche.com/pt/Content/images/boitmal/produit/zoom/449A7C060AED192A33CF62B9797621C7.jpg,https://driveimg1.intermarche.com/pt/Content/images/boitmal/produit/zoom/449A7C060AED192A33CF62B9797621C7.jpg,,,2026-01-07T23:59:59Z,PROSPECTUS,12,2
54804,5603722521584,604.0,Mimosa,"Iogurte liquido pinacolada, 4x151 ml",,1.39,2.3,604,L,€/L,,,https://driveimg1.intermarche.com/pt/Content/images/boitmal/produit/zoom/8E6126D08298F97351679D3A95D611FA.jpg,,,,,,,,2026-01-07T23:59:59Z,PROSPECTUS,12,2
55317,5601809017258,750.0,Riberalves,"Postas do Lombo de Bacalhau 4 Meses de Cura MSC Ultracongelado, 750g",,17.69,23.59,0,kg,€/Kg,,Tipo de stockagem,https://driveimg1.intermarche.com/pt/Content/images/boitmal/produit/zoom/3EF65A98E369EBAA72C7B97185D84C40.jpg,,,,,,,,2026-01-07T23:59:59Z,PROSPECTUS,12,2
55538,8711327629028,2000.0,Lipton,"Ice Tea Manga, 2L",,2.39,1.2,2000,L,€/L,,,https://driveimg1.intermarche.com/pt/Content/images/boitmal/produit/zoom/EE658F311958138E137C06A1B588782D.jpg,,,,,,,,2026-01-07T23:59:59Z,PROSPECTUS,12,2
56290,5604260336708,450.0,PorSi,Marmelada 450g,,1.49,3.31,0,kg,€/Kg,,,https://driveimg1.intermarche.com/pt/Content/images/boitmal/produit/zoom/94BCDDFCA0846A4FAC0F2CA762310E1A.jpg,,,,,,,,2026-01-07T23:59:59Z,PROSPECTUS,12,2
56299,5604260327973,2000.0,PorSi,Azeite Virgem Extra 2l,,12.99,6.5,2000,L,€/L,,,https://driveimg1.intermarche.com/pt/Content/images/boitmal/produit/zoom/960B488E1819EDECFB6A243E3EB463FB.jpg,,,,,,,,2026-01-07T23:59:59Z,PROSPECTUS,12,2
56395,5604260334636,640.0,Porsi Vivabem,Iogurte Líquido Magro Piña Colada 4x160g,,1.35,2.11,0,kg,€/Kg,,,https://driveimg1.intermarche.com/pt/Content/images/boitmal/produit/zoom/56E2584E43311EB3153172BA46A745DF.jpg,,,,,,,,2026-01-07T23:59:59Z,PROSPECTUS,12,2
57348,8721274802894,825.0,Carte d'or,"Gelado Chocolate Cornetto Soft, emb. 825 ml",,3.17,3.84,825,L,€/L,,Tipo de stockagem,https://driveimg1.intermarche.com/pt/Content/images/boitmal/produit/zoom/6698E0847B11B9FCE91373A85B3DB8B1.jpg,,,,,,,,2026-01-07T23:59:59Z,PROSPECTUS,12,2
5802,5604260055807,1000.0,PorSi,Lixívia Tradicional 1l,,0.8,0.8,1000,L,€/L,,,https://driveimg1.intermarche.com/pt/Content/images/boitmal/produit/zoom/BCED94EABDE98B5CAB02624A604290B0.jpg,,,,,,,,2026-01-07T23:59:59Z,PROSPECTUS,12,2
6476,8410436242295,1100.0,Sonasol,"Lava Tudo Brilhante Universal, embalagem 1,1l",,2.99,2.72,1100,L,€/L,,,https://driveimg1.intermarche.com/pt/Content/images/boitmal/produit/zoom/D0CE1B4731EB3A85F4B6D327C2738F50.jpg,,,,,,,,2026-01-07T23:59:59Z,PROSPECTUS,12,2
9292,5603722493812,250.0,Matinal,"Manteiga magra, embalagem de 250g",,2.49,9.96,0,kg,€/Kg,,,https://driveimg1.intermarche.com/pt/Content/images/boitmal/produit/zoom/AA91DFCE88DA98DA1BB05E606B3C1FF9.jpg,,,,,,,,2026-01-07T23:59:59Z,PROSPECTUS,12,2
959,5601019012418,1000.0,Guloso,Polpa de Tomate,Embalagem de 1 kg,1.99,1.99,0,kg,€/Kg,,,https://driveimg1.intermarche.com/pt/Content/images/boitmal/produit/zoom/287E0DC8A48662DD805F77C3CA0D6A49.jpg,,,,,,,,2026-01-07T23:59:59Z,PROSPECTUS,12,2
973,5601024105020,1000.0,Fula,"Óleo Alimentar, emb. 1 lt",Embalagem 1L,1.99,1.99,1000,L,€/L,,,https://driveimg1.intermarche.com/pt/Content/images/boitmal/produit/zoom/322383F88535C8A24498724B92188318.jpg,,,,,,,,2026-01-07T23:59:59Z,PROSPECTUS,12,2
10065,8410063044606,255.0,Pescanova,"Delícias do Mar em Forma de Lagosta Ultracongeladas, emb. 255 gr",,2.19,8.59,0,kg,€/Kg,,Tipo de stockagem,https://driveimg1.intermarche.com/pt/Content/images/boitmal/produit/zoom/AE290AE6F57FE3D6649376D93272D7F4.jpg,,,,,,,,2026-01-07T23:59:59Z,PROSPECTUS,12,2
1009,5601038300077,80.0,Knorr,"Caldo de galinha 8 cubos, embalagem de 80g",,1.69,21.13,0,kg,€/Kg,,,https://driveimg1.intermarche.com/pt/Content/images/boitmal/produit/zoom/CFDBB6C1885F48FB7941F504CD886192.jpg,,,,,,,,2026-01-07T23:59:59Z,PROSPECTUS,12,2
10274,8410436242172,1100.0,Sonasol,"Lava Tudo Brilhante Floral, embalagem 1,1l",,2.99,2.72,1100,L,€/L,,,https://driveimg1.intermarche.com/pt/Content/images/boitmal/produit/zoom/01F5925CB3ADDDABA2B9F66C7D55728C.jpg,,,,,,,,2026-01-07T23:59:59Z,PROSPECTUS,12,2
10351,8411134103338,,Control,6 Preservativos Adapta Nature,,3.84,3.84,0,,€/Unidade,,,https://driveimg1.intermarche.com/pt/Content/images/boitmal/produit/zoom/48CE3E2F5F38469DD564602B7B9F53DF.jpg,https://driveimg1.intermarche.com/pt/Content/images/boitmal/produit/zoom/E904E0E3DEA92FC0A6E00A850118F1A2.jpg,,,,,,,2026-01-07T23:59:59Z,PROSPECTUS,12,2
10849,2895261000000,250.0,Dom Pedro,Queijo meio gordo,Vendido ao peso a partir de 250 gr,2.5,9.99,0,,€/Kg,,,https://driveimg1.intermarche.com/pt/Content/images/boitmal/produit/zoom/2E32C351CB5E4755DE882B4BFEA56EE3.jpg,,,,,,,,2026-01-07T23:59:59Z,PROSPECTUS,12,2
11464,5601018003400,1000.0,Matinal,"Leite seleccionado meio gordo, de 1l",,1.0,1.0,1000,L,€/L,,,https://driveimg1.intermarche.com/pt/Content/images/boitmal/produit/zoom/5F34056BF2D07C9D39E218B31081D1FC.jpg,,,,,,,,2026-01-07T23:59:59Z,PROSPECTUS,12,2
1189,5601119007987,250.0,Nobre,"Salsichas Frankfurt Originais Lata 10 un, emb. 250 gr",,1.67,6.68,0,kg,€/Kg,,,https://driveimg1.intermarche.com/pt/Content/images/boitmal/produit/zoom/0B023C2ECBDBE7AB09A89A8810925D65.jpg,,,,,,,,2026-01-07T23:59:59Z,PROSPECTUS,12,2
1196,5601119942608,200.0,Nobre,"Salsichas de Aves Lata 8 un, emb. 200 gr",,1.39,6.95,0,kg,€/Kg,,,https://driveimg1.intermarche.com/pt/Content/images/boitmal/produit/zoom/C3D289F4C441D4785985F7C225CA4543.jpg,,,,,,,,2026-01-07T23:59:59Z,PROSPECTUS,12,2
12074,5604260251384,40.0,PorSi,Refresco Pó Manga 40g,,0.75,18.75,0,kg,€/Kg,,,https://driveimg1.intermarche.com/pt/Content/images/boitmal/produit/zoom/E9B1DE692C29B02520B50617AD33CCFD.jpg,,,,,,,,2026-01-07T23:59:59Z,PROSPECTUS,12,2
12145,5604260272747,2500.0,Kingsbräu,"Cerveja 10x0,25l",,3.76,1.5,2500,L,€/L,,,https://driveimg1.intermarche.com/pt/Content/images/boitmal/produit/zoom/BC01F63A58CE74F4A1E0D069CF35DBF5.jpg,,,,,,,,2026-01-07T23:59:59Z,PROSPECTUS,12,2
1218,5601126039148,1000.0,Sical,"Café em Grão Torrado 5 Estrelas Lote Clássico Int 10, emb. 1 kg",,17.49,17.49,0,kg,€/Kg,,,https://driveimg1.intermarche.com/pt/Content/images/boitmal/produit/zoom/F30913D07FB49FD462FB35C8623DC586.jpg,https://driveimg1.intermarche.com/pt/Content/images/boitmal/produit/zoom/352FFCFAE868D5178905BD9725C43B6E.jpg,,,,,,,2026-01-07T23:59:59Z,PROSPECTUS,12,2
1325,5601163120816,750.0,Luso,"Água Mineral sem gás Sport, garrafa 75 cl",,0.74,0.99,750,L,€/L,,,https://driveimg1.intermarche.com/pt/Content/images/boitmal/produit/zoom/AA1A6E591B93610CCB3C24631D9E85B8.jpg,,,,,,,,2026-01-07T23:59:59Z,PROSPECTUS,12,2
1327,5601164115606,1000.0,Super Bock,"Cerveja com Álcool, garrafa 1 lt",,1.79,1.79,1000,L,€/L,,,https://driveimg1.intermarche.com/pt/Content/images/boitmal/produit/zoom/73F2D859CCD8D2800F2C691289AD7AE3.jpg,,,,,,,,2026-01-07T23:59:59Z,PROSPECTUS,12,2
13523,2893515000000,250.0,Peixaria,Lula Congelada,1 un= 250 gr (aprox.),1.25,4.99,0,,€/Kg,,Avantages !,https://driveimg1.intermarche.com/pt/Content/images/boitmal/produit/zoom/B2B7BBDC4CDC3C912C9CD2FEC6D3B682.jpg,,,,,,,,2026-01-07T23:59:59Z,PROSPECTUS,12,2
13577,2893572000000,200.0,Peixaria,Pota Inteira Congelada,1 un= 200 gr (aprox.),1.0,4.99,0,,€/Kg,,Avantages !,https://driveimg1.intermarche.com/pt/Content/images/boitmal/produit/zoom/B2D6321EA80C5271A6C9DE3162C36D95.jpg,,,,,,,,2026-01-07T23:59:59Z,PROSPECTUS,12,2
13839,2891006000000,800.0,Novilho,Bife da Pá,Vendido ao peso a partir de 800 g,10.39,12.99,0,,€/Kg,,,https://driveimg1.intermarche.com/pt/Content/images/boitmal/produit/zoom/5626B1315F40E59D057B37FBCA18064B.jpg,,,,,,,,2026-01-07T23:59:59Z,PROSPECTUS,12,2
13861,2691127000000,,Aves,Codornizes,1 un. = 150 g (aprox.),1.09,1.09,0,,€/Unidade,,,https://driveimg1.intermarche.com/pt/Content/images/boitmal/produit/zoom/49A0BEA3AB28A38ED8B2B84EBCB7B813.jpg,,,,,,,,2026-01-07T23:59:59Z,PROSPECTUS,12,3
14217,7613033174667,,Nescafé,"Café em cápsulas dolce gusto galão, embalagem de 16 cápsulas",,5.89,5.89,16,,€/Unidade,,,https://driveimg1.intermarche.com/pt/Content/images/boitmal/produit/zoom/FEB34449ED6EA4F21A684A5D79C90ED5.jpg,,,,,,,,2026-01-07T23:59:59Z,PROSPECTUS,12,3
14711,5601286402332,180.0,Nacional,"Bolacha alfa, embalagem de 180g",,1.04,5.78,0,kg,€/Kg,,,https://driveimg1.intermarche.com/pt/Content/images/boitmal/produit/zoom/EEAED8EB73A6124CF9DC2D1D89DF265E.jpg,,,,,,,,2026-01-07T23:59:59Z,PROSPECTUS,12,3
14971,3083681022803,400.0,Bonduelle,"Brócolos, emb. 400 gr",Embalagem de 400g,1.69,4.23,0,kg,€/Kg,,Tipo de stockagem,https://driveimg1.intermarche.com/pt/Content/images/boitmal/produit/zoom/BAD37548AE8D4A0D4C5D58D6BD0B7B47.jpg,,,,,,,,2026-01-07T23:59:59Z,PROSPECTUS,12,3
15012,2892549000000,1000.0,PorSi,Couve Penca (Portuguesa) Programa Origens,1 un = 1 kg (aprox.),1.39,1.39,0,,€/Kg,,,https://driveimg1.intermarche.com/pt/Content/images/boitmal/produit/zoom/2D88A7369B0931B4598995700335AAA4.jpg,,,,,,,,2026-01-07T23:59:59Z,PROSPECTUS,12,3
15315,3250391455591,170.0,Bouton D'or,Tuiles Sabor Nata e Cebola 170g,Embalagem de 170 g,1.99,11.71,0,kg,€/Kg,,,https://driveimg1.intermarche.com/pt/Content/images/boitmal/produit/zoom/53ECE25B42BD58A938957AF7D2F88D5F.jpg,,,,,,,,2026-01-07T23:59:59Z,PROSPECTUS,12,3
15507,5601050031621,480.0,Danone,"Iogurte activia cremoso coco,  4 x 120 g",,1.99,4.15,0,kg,€/Kg,,,https://driveimg1.intermarche.com/pt/Content/images/boitmal/produit/zoom/C7C13400244FC9F141DCEBAD00E0F9D5.jpg,,,,,,,,2026-01-07T23:59:59Z,PROSPECTUS,12,3
15879,5601164902282,3000.0,Super Bock,"Cerveja com Álcool Mini, emb. 15 x 20 cl",,7.29,2.43,3000,L,€/L,,,https://driveimg1.intermarche.com/pt/Content/images/boitmal/produit/zoom/F51CB7668EA2A2D5B4B811ABB528133B.jpg,,,,,,,,2026-01-07T23:59:59Z,PROSPECTUS,12,3
16022,5601146703609,5000.0,Sagres,"Cerveja com Álcool, emb. 20 x 25 cl",20 x 0.25 l,9.79,1.96,5000,L,€/L,,,https://driveimg1.intermarche.com/pt/Content/images/boitmal/produit/zoom/CF0AC3A8EDB171FA4E35FF0504CF12A8.jpg,,,,,,,,2026-01-07T23:59:59Z,PROSPECTUS,12,3
16532,8410104156640,250.0,Air Wick,"Ambientador recarga delícias de verão, de 250 ml",,3.59,14.36,250,L,€/L,,,https://driveimg1.intermarche.com/pt/Content/images/boitmal/produit/zoom/D59CDBF009CEE64C14901102B4C0C5EA.jpg,,,,,,,,2026-01-07T23:59:59Z,PROSPECTUS,12,3
16608,8712561521437,700.0,Cif,"Creme abrasivo limão, de 700 ml",,2.69,3.84,700,L,€/L,,,https://driveimg1.intermarche.com/pt/Content/images/boitmal/produit/zoom/734448B6276EB5C2CFFCEBF5E628AF6D.jpg,,,,,,,,2026-01-07T23:59:59Z,PROSPECTUS,12,3
16609,8712561846530,700.0,Cif,"Creme abrasivo pink flowers, de 700 ml",,2.79,3.99,700,L,€/L,,,https://driveimg1.intermarche.com/pt/Content/images/boitmal/produit/zoom/C71BC29DB02419E55AB519313E13B11B.jpg,,,,,,,,2026-01-07T23:59:59Z,PROSPECTUS,12,3
16693,5601066400916,120.0,Nacional,"Bolacha chocomax mini, embalagem de 120g",,1.24,10.33,0,kg,€/Kg,,,https://driveimg1.intermarche.com/pt/Content/images/boitmal/produit/zoom/3DB56A546076CEE7A0263616FFAC5173.jpg,,,,,,,,2026-01-07T23:59:59Z,PROSPECTUS,12,3
16780,8001480023307,700.0,Neoblanc,Gel WC Flores,Embalagem de 700 ml,1.49,2.13,700,L,€/L,,,https://driveimg1.intermarche.com/pt/Content/images/boitmal/produit/zoom/5D87D2909856E8874A999239B80A7102.jpg,,,,,,,,2026-01-07T23:59:59Z,PROSPECTUS,12,3
16933,5604260277292,55.0,PorSi,Cápsulas Café Fortissimo Cnpx10,,2.29,41.64,0,kg,€/Kg,,,https://driveimg1.intermarche.com/pt/Content/images/boitmal/produit/zoom/D2685B35A81DF08A80F802272D6D4C46.jpg,,,,,,,,2026-01-07T23:59:59Z,PROSPECTUS,12,3
17114,5000116110148,320.0,Capitão Iglo,"4 hamburguers vaca sem glúten, embalagem de 320g",,4.49,14.03,0,kg,€/Kg,,Tipo de stockagem,https://driveimg1.intermarche.com/pt/Content/images/boitmal/produit/zoom/F31F98EC751272F860D1F790EE53DF35.jpg,,,,,,,,2026-01-07T23:59:59Z,PROSPECTUS,12,3
1712,5604170000027,500.0,Jorge v.f.,Mel em frasco de vidro,Embalagem de 500g,2.69,5.38,0,kg,€/Kg,,,https://driveimg1.intermarche.com/pt/Content/images/boitmal/produit/zoom/693292E1451C1DACF9088820AF4FE2DC.jpg,,,,,,,,2026-01-07T23:59:59Z,PROSPECTUS,12,3
17887,8410104447526,210.0,Air Wick,"Ambientador vela duo exotic baunilha, embalagem de 2x105g",,4.89,23.29,0,kg,€/Kg,,,https://driveimg1.intermarche.com/pt/Content/images/boitmal/produit/zoom/7D7AB5FDCDCE7BE1F7187AA9236F42F9.jpg,,,,,,,,2026-01-07T23:59:59Z,PROSPECTUS,12,3
17897,8001480021440,700.0,Neoblanc,"Lixívia Spray Mousse, 700ml",,2.99,4.27,700,L,€/L,,,https://driveimg1.intermarche.com/pt/Content/images/boitmal/produit/zoom/B78A8E12ED4E3F00F2585698427E34C3.jpg,,,,,,,,2026-01-07T23:59:59Z,PROSPECTUS,12,3
17899,8001480021464,700.0,Neoblanc,Lixívia WC Gel Higienizante,Embalagem de 700ml,1.49,2.13,700,L,€/L,,,https://driveimg1.intermarche.com/pt/Content/images/boitmal/produit/zoom/D4F754D17699E0C60DE2BF6BDECBD171.jpg,,,,,,,,2026-01-07T23:59:59Z,PROSPECTUS,12,3
18596,8410500016029,400.0,Danone,"Iogurte líquido danonino morango/banana, embalagem de 4 x 100 g",,2.09,5.23,0,kg,€/Kg,,,https://driveimg1.intermarche.com/pt/Content/images/boitmal/produit/zoom/79AABB1D751FE6F57112090F819DD6BE.jpg,,,,,,,,2026-01-07T23:59:59Z,PROSPECTUS,12,3
19203,5000116110407,240.0,Capitão Iglo,"4 hamburguers frango sem glúten, embalagem de 240g",,4.49,18.71,0,kg,€/Kg,,Tipo de stockagem,https://driveimg1.intermarche.com/pt/Content/images/boitmal/produit/zoom/DBCAABB905B293E30250F00FBA9411C4.jpg,,,,,,,,2026-01-07T23:59:59Z,PROSPECTUS,12,3
19345,5604260275328,600.0,PorSi,Pão de Ló,Embalagem 600g,5.49,9.15,0,kg,€/Kg,,,https://driveimg1.intermarche.com/pt/Content/images/boitmal/produit/zoom/098798FB68715E857F77A25772793400.jpg,,,,,,,,2026-01-07T23:59:59Z,PROSPECTUS,12,3
1960,5604260301706,260.0,PorSi,Feijao Encarnado Cozido 420g,,0.84,3.23,0,kg,€/Kg,,,https://driveimg1.intermarche.com/pt/Content/images/boitmal/produit/zoom/F80D4DE63873B2D291A90A19B419B307.jpg,,,,,,,,2026-01-07T23:59:59Z,PROSPECTUS,12,3
19608,7613035376861,90.0,Nestlé,Fruta para bebé maçã cenoura manga +6 meses,Embalagem de 90g,0.65,7.22,0,kg,€/Kg,,,https://driveimg1.intermarche.com/pt/Content/images/boitmal/produit/zoom/E13C913249530CE7ED9D191950EA3924.jpg,,,,,,,,2026-01-07T23:59:59Z,PROSPECTUS,12,3
1982,5604260062768,500.0,PorSi,Mostarda Top Down 500g,,1.98,3.96,0,kg,€/Kg,,,https://driveimg1.intermarche.com/pt/Content/images/boitmal/produit/zoom/D6C181660EA01FCCBFCCCE2AF9CE1997.jpg,,,,,,,,2026-01-07T23:59:59Z,PROSPECTUS,12,3
19940,7613035619456,300.0,Nestlé,"Granola Aveia e Mel, emb. 300 gr",Embalagem de 300g,3.29,10.97,0,kg,€/Kg,,,https://driveimg1.intermarche.com/pt/Content/images/boitmal/produit/zoom/EAEAF515FE565B8F35270BCD3427077E.jpg,,,,,,,,2026-01-07T23:59:59Z,PROSPECTUS,12,3
20221,8410500020071,460.0,Danone,"Iogurte activia aveia nozes, embalagem de 4 x 120g",,2.49,5.41,0,kg,€/Kg,,,https://driveimg1.intermarche.com/pt/Content/images/boitmal/produit/zoom/95DB5CF2D3415DECF98AD16FB13B5950.jpg,,,,,,,,2026-01-07T23:59:59Z,PROSPECTUS,12,3
20631,5601286260338,500.0,Milaneza,"Massa macarrão wok, embalagem de 500g",,1.38,2.76,0,kg,€/Kg,,,https://driveimg1.intermarche.com/pt/Content/images/boitmal/produit/zoom/A3674B5211DD18D183AE2690405D18DA.jpg,,,,,,,,2026-01-07T23:59:59Z,PROSPECTUS,12,3
20632,5601286260321,500.0,Milaneza,"Massa espirais wok, embalagem de 500g",,1.38,2.76,0,kg,€/Kg,,,https://driveimg1.intermarche.com/pt/Content/images/boitmal/produit/zoom/BDD12F5314F37F77B2CB6335A6006020.jpg,,,,,,,,2026-01-07T23:59:59Z,PROSPECTUS,12,3
2113,5604260251353,40.0,PorSi,Refresco Pó Laranja 40g,,0.75,18.75,0,kg,€/Kg,,,https://driveimg1.intermarche.com/pt/Content/images/boitmal/produit/zoom/0BD7609141091E335DD63DC07F7F01F7.jpg,,,,,,,,2026-01-07T23:59:59Z,PROSPECTUS,12,3
2115,5604260251377,40.0,PorSi,Refresco Pó Ananas 40g,,0.75,18.75,0,kg,€/Kg,,,https://driveimg1.intermarche.com/pt/Content/images/boitmal/produit/zoom/217CCB94190B59C44F164FC193DC67D0.jpg,,,,,,,,2026-01-07T23:59:59Z,PROSPECTUS,12,3
21767,7613035487871,90.0,Nestlé,"Saqueta de Fruta Multifrutas +6M, emb. 90 gr",,0.65,7.22,0,kg,€/Kg,,,https://driveimg1.intermarche.com/pt/Content/images/boitmal/produit/zoom/1B1A7DCEC52C23E2760C4FE3A24A75EE.jpg,,,,,,,,2026-01-07T23:59:59Z,PROSPECTUS,12,3
22232,8410320104500,80.0,Campofrio,"Salame fatiado, embalagem de 80g",,1.59,19.88,0,kg,€/Kg,,,https://driveimg1.intermarche.com/pt/Content/images/boitmal/produit/zoom/B989DC79BAD10F2BF93E42F2FFD0E3D8.jpg,,,,,,,,2026-01-07T23:59:59Z,PROSPECTUS,12,3
23353,5000116112197,375.0,Capitão Iglo,"18 nuggets de frango, embalagem de 380g",,4.99,13.31,0,kg,€/Kg,,Tipo de stockagem,https://driveimg1.intermarche.com/pt/Content/images/boitmal/produit/zoom/F26C89B365D9DC17E138C74AB049DE6B.jpg,,,,,,,,2026-01-07T23:59:59Z,PROSPECTUS,12,3
2407,5608543000133,18.0,Tetley,Chá verde,Embalagem de 20g,0.94,52.22,0,kg,€/Kg,,,https://driveimg1.intermarche.com/pt/Content/images/boitmal/produit/zoom/41193B0BE32FD225777DDB9DE2467E1D.jpg,,,,,,,,2026-01-07T23:59:59Z,PROSPECTUS,12,3
24838,5601164903722,7500.0,Super Bock,"Cerveja com Álcool Mini, emb. 30 x 25 cl",,14.95,1.99,7500,L,€/L,,,https://driveimg1.intermarche.com/pt/Content/images/boitmal/produit/zoom/F70F225DD8BCAD2EFB4E63DAAFD05BBF.jpg,,,,,,,,2026-01-07T23:59:59Z,PROSPECTUS,12,3
24843,5604655005158,400.0,Peixaria,Paloco desfiado do pacifico,Embalagem de 400 g,2.49,6.23,0,kg,€/Kg,,,https://driveimg1.intermarche.com/pt/Content/images/boitmal/produit/zoom/A6D43F84A49577D695E61B0D7FE082C0.jpg,,,,,,,,2026-01-07T23:59:59Z,PROSPECTUS,12,3
24927,5601066632676,17.0,Margão,"Tempero segredos grelhados, 17g",,2.19,128.82,0,kg,€/Kg,,,https://driveimg1.intermarche.com/pt/Content/images/boitmal/produit/zoom/B4041781BC6EFD50E653514699394961.jpg,,,,,,,,2026-01-07T23:59:59Z,PROSPECTUS,12,3
25153,5000146400042,750.0,Harpic,"Líquido wc duraguard pinho da montanha, de 750 ml",,1.99,2.65,750,L,€/L,,,https://driveimg1.intermarche.com/pt/Content/images/boitmal/produit/zoom/60482C1A42B437AF7EE7BE6BA2170110.jpg,,,,,,,,2026-01-07T23:59:59Z,PROSPECTUS,12,3
25215,7613035930582,90.0,Nestlé,"Fruta para bebé maçã manga +6 meses, embalagem de 90g",,0.65,7.22,0,kg,€/Kg,,,https://driveimg1.intermarche.com/pt/Content/images/boitmal/produit/zoom/1A0BFDB38CDBA8991FD9074B384368B9.jpg,,,,,,,,2026-01-07T23:59:59Z,PROSPECTUS,12,3
25735,5000116112173,208.0,Capitão Iglo,"10 nuggets peito de frango e queijo, embalagem de 210g",,3.49,16.78,0,kg,€/Kg,,Tipo de stockagem,https://driveimg1.intermarche.com/pt/Content/images/boitmal/produit/zoom/C51CDDEB144DBFB12E5D153B5560BAD5.jpg,,,,,,,,2026-01-07T23:59:59Z,PROSPECTUS,12,3
25811,8426617013400,90.0,Haribo,"Gomas favoritos pica, 90g",,1.04,11.56,0,kg,€/Kg,,,https://driveimg1.intermarche.com/pt/Content/images/boitmal/produit/zoom/33E0E3ED8FD9A68C6E97AEF4666848E9.jpg,,,,,,,,2026-01-07T23:59:59Z,PROSPECTUS,12,3
25812,8426617013455,90.0,Haribo,"Gomas starmix, 90g",,1.04,11.56,0,kg,€/Kg,,,https://driveimg1.intermarche.com/pt/Content/images/boitmal/produit/zoom/B35ED05D8A260D8F3E2AE1035993071B.jpg,,,,,,,,2026-01-07T23:59:59Z,PROSPECTUS,12,3
26063,5601082041711,220.0,Delta,"Café Moído Torrado Moagem Universal Origins Brasil Int 9, emb. 220 gr",Embalagem de 220g,3.89,17.68,0,kg,€/Kg,,,https://driveimg1.intermarche.com/pt/Content/images/boitmal/produit/zoom/6E173E774FBACCD1F9AA0858129F6C59.jpg,,,,,,,,2026-01-07T23:59:59Z,PROSPECTUS,12,3
26177,5603722514470,1000.0,Matinal,"Leite seleccionado leve, de 1l",,1.1,1.1,1000,L,€/L,,,https://driveimg1.intermarche.com/pt/Content/images/boitmal/produit/zoom/3414EC19C8611CE7E0D99781254117D1.jpg,,,,,,,,2026-01-07T23:59:59Z,PROSPECTUS,12,3
2629,8000300264388,100.0,Crunch,"Tablete de Chocolate de Leite, emb. 100 gr",,2.39,23.9,0,kg,€/Kg,,,https://driveimg1.intermarche.com/pt/Content/images/boitmal/produit/zoom/2024D1DCB1E4C35894840DBD022C97DE.jpg,,,,,,,,2026-01-07T23:59:59Z,PROSPECTUS,12,3
26300,4000388177000,250.0,Dove,"Sabonete líquido original, 250 ml",,2.39,9.56,250,L,€/L,,,https://driveimg1.intermarche.com/pt/Content/images/boitmal/produit/zoom/E48FE147EDAF5E4C408B9B5A3DC58EA7.jpg,,,,,,,,2026-01-07T23:59:59Z,PROSPECTUS,12,3
2788,8410199790958,130.0,Cheetos,"Aperitivos futebolas, embalagem de 130g",,1.69,13.0,0,kg,€/Kg,,,https://driveimg1.intermarche.com/pt/Content/images/boitmal/produit/zoom/6E3E638A2C20F2794B685C451FDB40F7.jpg,,,,,,,,2026-01-07T23:59:59Z,PROSPECTUS,12,3
2813,8410376037784,250.0,Gullón,"Diet nature recheado de chocolate, embalagem de 250g",,1.84,7.36,0,kg,€/Kg,,,https://driveimg1.intermarche.com/pt/Content/images/boitmal/produit/zoom/30414AA93585D592E30D5CCFDF4C5F1C.jpg,,,,,,,,2026-01-07T23:59:59Z,PROSPECTUS,12,3
29271,2895030000000,200.0,Agros,Queijo Flamengo Bola,Vendido ao peso,1.9,9.49,0,,€/Kg,,,https://driveimg1.intermarche.com/pt/Content/images/boitmal/produit/zoom/4C4B9766D3CBE00237D8217293FC8A7D.jpg,,,,,,,,2026-01-07T23:59:59Z,PROSPECTUS,12,3
29378,8714100894156,1000.0,Lipton,"Chá verde hortelã e lima, garrafa de 1l",,1.45,1.45,1000,L,€/L,,,https://driveimg1.intermarche.com/pt/Content/images/boitmal/produit/zoom/B56A0D70AD27B771E6C8F417AC3F146D.jpg,,,,,,,,2026-01-07T23:59:59Z,PROSPECTUS,12,3
29899,2696008000000,,Padaria,Bola Rústica,85 g,0.24,0.24,0,,€/Unidade,,,https://driveimg1.intermarche.com/pt/Content/images/boitmal/produit/zoom/06C705452DA793A390CC49C0690F6BDD.jpg,,,,,,,,2026-01-07T23:59:59Z,PROSPECTUS,12,3
30846,5601385505392,,Sensodyne,Escovilhão Interdental,,3.96,3.96,0,,€/Unidade,,,https://driveimg1.intermarche.com/pt/Content/images/boitmal/produit/zoom/0889339A58CA490536F7607E947E1381.jpg,,,,,,,,2026-01-07T23:59:59Z,PROSPECTUS,12,3
33537,7322540851946,,Tena,"Pensos Incontinência Discreet Normal, emb. 24 un.",,4.19,4.19,0,,€/Unidade,,,https://driveimg1.intermarche.com/pt/Content/images/boitmal/produit/zoom/7C59E6324002FD297B7822230472C200.jpg,https://driveimg1.intermarche.com/pt/Content/images/boitmal/produit/zoom/CB70A1227AD176055ED5E5D7CFE5FA5C.jpg,https://driveimg1.intermarche.com/pt/Content/images/boitmal/produit/zoom/239247C82FD5A3214B6AAB7D9E485524.jpg,https://driveimg1.intermarche.com/pt/Content/images/boitmal/produit/zoom/56D712C22E1950AC6B27A5FB93C6EE48.jpg,,,,,2026-01-07T23:59:59Z,PROSPECTUS,12,3
33661,5054563056832,,Sensodyne,Escova dentes sensibilidade e gengivas,1 un.,3.34,3.34,0,,€/Unidade,,,https://driveimg1.intermarche.com/pt/Content/images/boitmal/produit/zoom/4B37423477E0F6328E3D3DEA90633C4B.jpg,,,,,,,,2026-01-07T23:59:59Z,PROSPECTUS,12,3
34878,5604260285471,1500.0,PorSi,Maçã fuji categoria II Origens,Embalagem de 1.5 kg,1.79,1.19,0,kg,€/Kg,,,https://driveimg1.intermarche.com/pt/Content/images/boitmal/produit/zoom/4C54AE3F50E349B56A904BBA50CB93F2.jpg,,,,,,,,2026-01-07T23:59:59Z,PROSPECTUS,12,3
3493,0000056003703,80.0,Pitéu,Filete de anchovas em azeite,Embalagem de 80 g,2.9,36.25,0,kg,€/Kg,,,https://driveimg1.intermarche.com/pt/Content/images/boitmal/produit/zoom/BE573B29E6CEB71A0582FD9364F1002E.jpg,,,,,,,,2026-01-07T23:59:59Z,PROSPECTUS,12,3
35284,5601050035346,180.0,Danone,"Queijo cottage corpos danone, embalagem de 180g",,1.59,8.83,0,kg,€/Kg,,,https://driveimg1.intermarche.com/pt/Content/images/boitmal/produit/zoom/C86A359D58727710BAFB085D7C202008.jpg,,,,,,,,2026-01-07T23:59:59Z,PROSPECTUS,12,3
36263,5601027973060,480.0,Bimbo,"Pão de Forma Integral com Côdea, emb. 480 gr",Embalagem de 480 g,1.79,3.73,0,kg,€/Kg,,,https://driveimg1.intermarche.com/pt/Content/images/boitmal/produit/zoom/D41990E6C0A0B7F82C9AD26E46EBDC0E.jpg,,,,,,,,2026-01-07T23:59:59Z,PROSPECTUS,12,3
372,8711200532391,260.0,Calvé,"Molho Burger Top Down, emb. 260 gr",,1.94,7.46,0,kg,€/Kg,,,https://driveimg1.intermarche.com/pt/Content/images/boitmal/produit/zoom/274182EF6D0EFA8A84998CA913A7016C.jpg,https://driveimg1.intermarche.com/pt/Content/images/boitmal/produit/zoom/122719564EBC4BB4D52F039A6C0EDAF1.jpg,,,,,,,2026-01-07T23:59:59Z,PROSPECTUS,12,3
38557,5601027004764,315.0,Manhãzitos,Manhãzitos® planetus 9x2 un.,Embalagem de 315g,3.19,10.13,0,kg,€/Kg,,,https://driveimg1.intermarche.com/pt/Content/images/boitmal/produit/zoom/8BC9A4B8955F0072A9A69D2A17EA2C77.jpg,,,,,,,,2026-01-07T23:59:59Z,PROSPECTUS,12,3
40498,5604260296101,,PorSi,15 Saco Lixo 100l Atilho,,1.74,1.74,0,,€/Unidade,,,https://driveimg1.intermarche.com/pt/Content/images/boitmal/produit/zoom/52236672C0ACB8BB799D3EBEA8C2ECEB.jpg,,,,,,,,2026-01-07T23:59:59Z,PROSPECTUS,12,3
40925,8710522652138,240.0,Calvé,"Maionese Top Down, emb. 240 gr",,1.48,6.17,0,kg,€/Kg,,,https://driveimg1.intermarche.com/pt/Content/images/boitmal/produit/zoom/ECF2C8ABFC985CAC5B87AA78A2E96931.jpg,https://driveimg1.intermarche.com/pt/Content/images/boitmal/produit/zoom/8E23B17512BCD2C444A6228885CC4217.jpg,https://driveimg1.intermarche.com/pt/Content/images/boitmal/produit/zoom/8E23B17512BCD2C444A6228885CC4217.jpg,https://driveimg1.intermarche.com/pt/Content/images/boitmal/produit/zoom/8E23B17512BCD2C444A6228885CC4217.jpg,https://driveimg1.intermarche.com/pt/Content/images/boitmal/produit/zoom/8E23B17512BCD2C444A6228885CC4217.jpg,,,,2026-01-07T23:59:59Z,PROSPECTUS,12,3
41078,8718951333420,1250.0,Ajax,"Detergente líquido lava-tudo festa das flores primavera, 1.25 litros",,2.24,1.79,1250,L,€/L,,,https://driveimg1.intermarche.com/pt/Content/images/boitmal/produit/zoom/67E1C6EE2E3883C90BF505A7EA63B51E.jpg,,,,,,,,2026-01-07T23:59:59Z,PROSPECTUS,12,3
41079,8718951337770,1250.0,Ajax,"Detergente líquido lava tudo festa das flores lavanda, embalagem de 1.25l",,2.24,1.79,1250,L,€/L,,,https://driveimg1.intermarche.com/pt/Content/images/boitmal/produit/zoom/9AF3F843CD8D9DB932E9E6D241AC411E.jpg,,,,,,,,2026-01-07T23:59:59Z,PROSPECTUS,12,3
41299,5601050036565,440.0,Danone,"Iogurte oikos maracujá, embalagem de 4 x 110g",,1.99,4.52,0,kg,€/Kg,,,https://driveimg1.intermarche.com/pt/Content/images/boitmal/produit/zoom/29553156A2F0422FEBEDFC7E0CF7883D.jpg,,,,,,,,2026-01-07T23:59:59Z,PROSPECTUS,12,3
41309,8410376059380,180.0,Gullón,"Wafer baunilha diet nature, 180g",,1.59,8.83,0,kg,€/Kg,,,https://driveimg1.intermarche.com/pt/Content/images/boitmal/produit/zoom/B8B278F9CEABFABE96439AD294DD16A0.jpg,,,,,,,,2026-01-07T23:59:59Z,PROSPECTUS,12,3
41661,5603769000752,750.0,Piano,Vinho DOC Douro Tinto Reserva,Garrafa de 0.75 l,6.74,8.99,750,L,€/L,,,https://driveimg1.intermarche.com/pt/Content/images/boitmal/produit/zoom/B0DFAFE37BB6D8C6F3E4E55468B7B398.jpg,,,,,,,,2026-01-07T23:59:59Z,PROSPECTUS,12,3
43009,5604260307180,300.0,PorSi,Alimento Húmido Cão Borrego 300g,Embalagem de 300 g,0.75,2.5,0,kg,€/Kg,,,https://driveimg1.intermarche.com/pt/Content/images/boitmal/produit/zoom/46BB006F9006760CC3B996BFB49A1540.jpg,https://driveimg1.intermarche.com/pt/Content/images/boitmal/produit/zoom/2B27BF4714216FFB4E9E5882412593BE.jpg,https://driveimg1.intermarche.com/pt/Content/images/boitmal/produit/zoom/2B27BF4714216FFB4E9E5882412593BE.jpg,https://driveimg1.intermarche.com/pt/Content/images/boitmal/produit/zoom/2B27BF4714216FFB4E9E5882412593BE.jpg,https://driveimg1.intermarche.com/pt/Content/images/boitmal/produit/zoom/2B27BF4714216FFB4E9E5882412593BE.jpg,https://driveimg1.intermarche.com/pt/Content/images/boitmal/produit/zoom/2B27BF4714216FFB4E9E5882412593BE.jpg,,,2026-01-07T23:59:59Z,PROSPECTUS,12,3
43010,5604260307203,300.0,PorSi,Alimento Húmido Cão Pato 300g,Embalagem de 300 g,0.75,2.5,0,kg,€/Kg,,,https://driveimg1.intermarche.com/pt/Content/images/boitmal/produit/zoom/EF517BDA6432D171B79789F9639F2D05.jpg,https://driveimg1.intermarche.com/pt/Content/images/boitmal/produit/zoom/4C76F71764FDB9631AA346622B304BFC.jpg,https://driveimg1.intermarche.com/pt/Content/images/boitmal/produit/zoom/4C76F71764FDB9631AA346622B304BFC.jpg,https://driveimg1.intermarche.com/pt/Content/images/boitmal/produit/zoom/4C76F71764FDB9631AA346622B304BFC.jpg,https://driveimg1.intermarche.com/pt/Content/images/boitmal/produit/zoom/4C76F71764FDB9631AA346622B304BFC.jpg,https://driveimg1.intermarche.com/pt/Content/images/boitmal/produit/zoom/4C76F71764FDB9631AA346622B304BFC.jpg,https://driveimg1.intermarche.com/pt/Content/images/boitmal/produit/zoom/4C76F71764FDB9631AA346622B304BFC.jpg,,2026-01-07T23:59:59Z,PROSPECTUS,12,3
43011,5604260307210,300.0,PorSi,Alimento Húmido Cão Peru 300g,Embalagem de 300 g,0.75,2.5,0,kg,€/Kg,,,https://driveimg1.intermarche.com/pt/Content/images/boitmal/produit/zoom/AE75F326B51996BD6ABA74276377C9ED.jpg,https://driveimg1.intermarche.com/pt/Content/images/boitmal/produit/zoom/A5C82BE522F15BBA14EEE2D9C8DA8265.jpg,https://driveimg1.intermarche.com/pt/Content/images/boitmal/produit/zoom/A5C82BE522F15BBA14EEE2D9C8DA8265.jpg,https://driveimg1.intermarche.com/pt/Content/images/boitmal/produit/zoom/A5C82BE522F15BBA14EEE2D9C8DA8265.jpg,https://driveimg1.intermarche.com/pt/Content/images/boitmal/produit/zoom/A5C82BE522F15BBA14EEE2D9C8DA8265.jpg,https://driveimg1.intermarche.com/pt/Content/images/boitmal/produit/zoom/A5C82BE522F15BBA14EEE2D9C8DA8265.jpg,https://driveimg1.intermarche.com/pt/Content/images/boitmal/produit/zoom/A5C82BE522F15BBA14EEE2D9C8DA8265.jpg,,2026-01-07T23:59:59Z,PROSPECTUS,12,3
43542,5604260309962,2000.0,PorSi,Amaciador Concentrado Jojoba 2l,,1.79,0.9,2000,L,€/L,,,https://driveimg1.intermarche.com/pt/Content/images/boitmal/produit/zoom/6B2C0ED9EBB7028DFF63C98BA2CD7526.jpg,,,,,,,,2026-01-07T23:59:59Z,PROSPECTUS,12,3
43780,5900020036988,300.0,Nestlé,"Cereais Cheerios Aveia Original, emb. 300 gr",,2.99,9.97,0,kg,€/Kg,,,https://driveimg1.intermarche.com/pt/Content/images/boitmal/produit/zoom/3CA38EDA05B7EB510885558D8C7C8029.jpg,,,,,,,,2026-01-07T23:59:59Z,PROSPECTUS,12,3
44295,5601163080714,330.0,Luso,"Água sem gás, garrafa de 330 ml",,0.36,1.09,330,L,€/L,,,https://driveimg1.intermarche.com/pt/Content/images/boitmal/produit/zoom/B86A54C3A1C1F94A10C49307949976CF.jpg,,,,,,,,2026-01-07T23:59:59Z,PROSPECTUS,12,3
44634,8711327485082,330.0,Magnum,"Gelados mini double gold caramel billionaire, embalagem de 6x55 ml",,4.49,13.61,330,L,€/L,,Tipo de stockagem,https://driveimg1.intermarche.com/pt/Content/images/boitmal/produit/zoom/42AC7934AA428100845DBDC81A00E314.jpg,,,,,,,,2026-01-07T23:59:59Z,PROSPECTUS,12,3
44761,5601146050505,500.0,Bandida do Pomar,"Sidra com Álcool Frutos Vermelhos, emb. 50 cl",,1.19,2.38,500,L,€/L,,,https://driveimg1.intermarche.com/pt/Content/images/boitmal/produit/zoom/3DF7967B62A6AA597E8EA0E6EC701FC9.jpg,,,,,,,,2026-01-07T23:59:59Z,PROSPECTUS,12,3
44795,5601151971437,1000.0,Pepsi,"Refrigerante com gás, garrafa de 1l",,0.99,0.99,1000,L,€/L,,,https://driveimg1.intermarche.com/pt/Content/images/boitmal/produit/zoom/06485FC8AB0FFA567627AA53F8FE6729.jpg,,,,,,,,2026-01-07T23:59:59Z,PROSPECTUS,12,3
44796,5601151989531,1000.0,Pepsi,"Refrigerante com gás, garrafa de 1l",,1.09,1.09,1000,L,€/L,,,https://driveimg1.intermarche.com/pt/Content/images/boitmal/produit/zoom/031E6B99C9BCC792F67281C081D59C6C.jpg,,,,,,,,2026-01-07T23:59:59Z,PROSPECTUS,12,3
44817,5601063060144,39.0,Margão,"Segredos provençais, 39g",,2.19,56.15,0,kg,€/Kg,,,https://driveimg1.intermarche.com/pt/Content/images/boitmal/produit/zoom/06002552CAD2332D1D848E23360FB9E7.jpg,,,,,,,,2026-01-07T23:59:59Z,PROSPECTUS,12,3
4518,4005808222728,200.0,Nivea Men,"Espuma de Barbear Men Sensitive, emb. 200 ml",,4.34,21.7,200,L,€/L,,,https://driveimg1.intermarche.com/pt/Content/images/boitmal/produit/zoom/9AF3B663B63233EAB64D4447A50969A6.jpg,,,,,,,,2026-01-07T23:59:59Z,PROSPECTUS,12,3
45380,5601050036954,620.0,Danone,"Iogurte magro corpos danone líquido frutos tropicais, 4 x 155 g",,1.89,3.05,0,kg,€/Kg,,,https://driveimg1.intermarche.com/pt/Content/images/boitmal/produit/zoom/231284A4A018EB1BDB97D1E53DC7ECFE.jpg,,,,,,,,2026-01-07T23:59:59Z,PROSPECTUS,12,3
46255,5601151971154,1500.0,Sumol,"Refrigerante com gás laranjas do algarve, garrafa de 1.5 l",,1.39,0.93,1500,L,€/L,,,https://driveimg1.intermarche.com/pt/Content/images/boitmal/produit/zoom/FC682E13D4CAF638D1B335B8521E2196.jpg,,,,,,,,2026-01-07T23:59:59Z,PROSPECTUS,12,3
46333,5054563107510,75.0,Sensodyne,Dentífrico sensibilidade e gengivas,Embalagem de 75 ml,3.96,52.8,75,L,€/L,,,https://driveimg1.intermarche.com/pt/Content/images/boitmal/produit/zoom/FB46A103FD259F3133F02CC556AD6D4A.jpg,,,,,,,,2026-01-07T23:59:59Z,PROSPECTUS,12,3
46919,2782188000000,600.0,PorSi,"Canjinha de Frango, embalagem de 600g (aprox.)",,2.21,3.69,0,,€/Kg,,,https://driveimg1.intermarche.com/pt/Content/images/boitmal/produit/zoom/A71DE7C009681F0BB65F84174F205062.jpg,,,,,,,,2026-01-07T23:59:59Z,PROSPECTUS,12,3
47109,7613287218704,110.0,Nestlé,"Saqueta de Frutas Variadas +12M, emb. 110 gr",,0.79,7.18,0,kg,€/Kg,,,https://driveimg1.intermarche.com/pt/Content/images/boitmal/produit/zoom/AAE972318DF3C7B29E7A2F9B4E66DEFB.jpg,,,,,,,,2026-01-07T23:59:59Z,PROSPECTUS,12,3
47110,7613287218766,110.0,Nestlé,"Saqueta de Fruta Tutti Frutti +12M, emb. 110 gr",Embalagem de 110g,0.79,7.18,0,kg,€/Kg,,,https://driveimg1.intermarche.com/pt/Content/images/boitmal/produit/zoom/3A0DC006BA90FE4ED51AF00C38870697.jpg,,,,,,,,2026-01-07T23:59:59Z,PROSPECTUS,12,3
47981,5000116126828,360.0,Capitão Iglo,"12 douradinhos de peixe sem glúten, embalagem de 360g",,4.97,13.81,0,kg,€/Kg,,Tipo de stockagem,https://driveimg1.intermarche.com/pt/Content/images/boitmal/produit/zoom/E088C1996A4222DF68B662FD3DF061BC.jpg,,,,,,,,2026-01-07T23:59:59Z,PROSPECTUS,12,3
48030,7613287495259,1020.0,Felix,"Fantastic seleção de peixes em gelatina, embalagem de 12x100g",,5.99,5.87,0,kg,€/Kg,,,https://driveimg1.intermarche.com/pt/Content/images/boitmal/produit/zoom/6C8C86286E27A01458DD382E5FE02A80.jpg,,,,,,,,2026-01-07T23:59:59Z,PROSPECTUS,12,3
48040,5604260320615,640.0,Porsi Vivabem,Iogurte Líquido Magro Frutos Vermelhos 4x160g,,1.29,2.02,0,kg,€/Kg,,,https://driveimg1.intermarche.com/pt/Content/images/boitmal/produit/zoom/A4279AEF35ED360CFDE5A7B8499B9C67.jpg,https://driveimg1.intermarche.com/pt/Content/images/boitmal/produit/zoom/8BCFC316C76164C4EB30E1CA8663C5AA.jpg,,,,,,,2026-01-07T23:59:59Z,PROSPECTUS,12,3
48071,5604260320820,,PorSi,Pensos Higiénicos Ultrafinos Normal Aloe Vera - 14 Unidades,,1.15,1.15,0,,€/Unidade,,,https://driveimg1.intermarche.com/pt/Content/images/boitmal/produit/zoom/815DF50B80084FFCFAF450337E1C211C.jpg,,,,,,,,2026-01-07T23:59:59Z,PROSPECTUS,12,3
48074,5604260320851,,PorSi,Pensos Higiénicos Ultrafinos Super com Abas - 24 Unidades,,1.79,1.79,0,,€/Unidade,,,https://driveimg1.intermarche.com/pt/Content/images/boitmal/produit/zoom/90AB9FF27B8F72B08805182DF7AAA143.jpg,,,,,,,,2026-01-07T23:59:59Z,PROSPECTUS,12,3
48097,5604260321216,40.0,PorSi Select,Tempero Alho e Pimentão Doce 40g,,1.09,27.25,0,kg,€/Kg,,,https://driveimg1.intermarche.com/pt/Content/images/boitmal/produit/zoom/2B20D15280444841C839BB9A0C88CD96.jpg,,,,,,,,2026-01-07T23:59:59Z,PROSPECTUS,12,3
48262,5604260321858,375.0,PorSi,Cereais Fruta e Fibra 375g,,1.89,5.04,0,kg,€/Kg,,,https://driveimg1.intermarche.com/pt/Content/images/boitmal/produit/zoom/FCF4ACF7C60B73C2BBF42AA1DCB47310.jpg,,,,,,,,2026-01-07T23:59:59Z,PROSPECTUS,12,3
48369,5604260321773,,PorSi,15 Sacos Lixo com Atilho Eco 50l,,1.03,1.03,0,,€/Unidade,,,https://driveimg1.intermarche.com/pt/Content/images/boitmal/produit/zoom/DC3FB64CCEE2C6111E1FFC5F91642D44.jpg,,,,,,,,2026-01-07T23:59:59Z,PROSPECTUS,12,3
48393,2757509000000,200.0,PorSi,"Bifinhos do Lombo de Porco Finíssimos, embalagem de 200g (aprox.)",,1.6,7.98,0,,€/Kg,,,https://driveimg1.intermarche.com/pt/Content/images/boitmal/produit/zoom/27981781C3C214C992EEFDB89F8AAD1B.jpg,,,,,,,,2026-01-07T23:59:59Z,PROSPECTUS,12,3
48773,2743226000000,200.0,PorSi,"Entremeadas de Porco Fatiadas Finíssimas, embalagem de 200g (aprox.)",,1.6,7.98,0,,€/Kg,,,https://driveimg1.intermarche.com/pt/Content/images/boitmal/produit/zoom/1144763FCA0503CD11AE70EE0C1533AE.jpg,,,,,,,,2026-01-07T23:59:59Z,PROSPECTUS,12,3
48862,5604260320592,640.0,Porsi Vivabem,Iogurte Líquido Magro Morango 4x160g,,1.35,2.11,0,kg,€/Kg,,,https://driveimg1.intermarche.com/pt/Content/images/boitmal/produit/zoom/7A77D9267199C24CFF08CB3E2AFF1971.jpg,,,,,,,,2026-01-07T23:59:59Z,PROSPECTUS,12,3
48904,5604260321766,,PorSi,20 Sacos Lixo Fecho Fácil Limão 30l,,1.07,1.07,0,,€/Unidade,,,https://driveimg1.intermarche.com/pt/Content/images/boitmal/produit/zoom/303B1F388FE60632D971E44E3C03A77A.jpg,https://driveimg1.intermarche.com/pt/Content/images/boitmal/produit/zoom/AD42FD8771DE307AF3C162A41EB06D96.jpg,https://driveimg1.intermarche.com/pt/Content/images/boitmal/produit/zoom/AD42FD8771DE307AF3C162A41EB06D96.jpg,https://driveimg1.intermarche.com/pt/Content/images/boitmal/produit/zoom/AD42FD8771DE307AF3C162A41EB06D96.jpg,https://driveimg1.intermarche.com/pt/Content/images/boitmal/produit/zoom/AD42FD8771DE307AF3C162A41EB06D96.jpg,https://driveimg1.intermarche.com/pt/Content/images/boitmal/produit/zoom/AD42FD8771DE307AF3C162A41EB06D96.jpg,,,2026-01-07T23:59:59Z,PROSPECTUS,12,3
49084,5604260323562,300.0,PorSi,Rissóis de Carne 300g,,1.15,3.83,0,kg,€/Kg,,Tipo de stockagem,https://driveimg1.intermarche.com/pt/Content/images/boitmal/produit/zoom/C730A8C18F6C7422A8CA4892DCCC8D59.jpg,,,,,,,,2026-01-07T23:59:59Z,PROSPECTUS,12,3
49763,5601050037579,460.0,Danone,"Iogurte activia fibras aveia & frutos secos, 4x115g",,2.49,5.41,0,kg,€/Kg,,,https://driveimg1.intermarche.com/pt/Content/images/boitmal/produit/zoom/D3105D0A7021B60785802EF13F61AE8F.jpg,,,,,,,,2026-01-07T23:59:59Z,PROSPECTUS,12,4
49819,5603722517327,600.0,Matinal,"Leite seleccionado leve, pack 3 x 200 ml",,1.43,2.38,600,L,€/L,,,https://driveimg1.intermarche.com/pt/Content/images/boitmal/produit/zoom/4E1E39519082067F8E10CE178A1C4928.jpg,,,,,,,,2026-01-07T23:59:59Z,PROSPECTUS,12,4
49831,8445290157348,390.0,Nesquik,"Achocolatado em pó, embalagem de 390g",,3.49,8.95,0,kg,€/Kg,,,https://driveimg1.intermarche.com/pt/Content/images/boitmal/produit/zoom/1C8D0ADDD419DD646B2CF36E18D3378F.jpg,,,,,,,,2026-01-07T23:59:59Z,PROSPECTUS,12,4
50018,8719200230989,225.0,ProActiv,"Creme vegetal para barrar, embalagem de 225g",,2.99,13.29,0,kg,€/Kg,,,https://driveimg1.intermarche.com/pt/Content/images/boitmal/produit/zoom/4E33C3DF4860E83D0E311E086A3B8ED1.jpg,,,,,,,,2026-01-07T23:59:59Z,PROSPECTUS,12,4
50654,7613287218797,110.0,Nestlé,"Saqueta de fruta banana e morango +12m, 110g",,0.79,7.18,0,kg,€/Kg,,,https://driveimg1.intermarche.com/pt/Content/images/boitmal/produit/zoom/F59987C4DA3FED323F3E6B858D23FD51.jpg,,,,,,,,2026-01-07T23:59:59Z,PROSPECTUS,12,4
51046,8410436430302,,Persil,Detergente máquina roupa 4 em 1 higiene,40 cápsulas,9.99,9.99,0,,€/Unidade,,,https://driveimg1.intermarche.com/pt/Content/images/boitmal/produit/zoom/1A35A40B1D47567C66546C5B85A9EC6E.jpg,,,,,,,,2026-01-07T23:59:59Z,PROSPECTUS,12,4
5135,5601077111023,750.0,Velhotes,"Vinho do porto tawny, garrafa de 0,75 l",,4.99,6.65,750,L,€/L,,,https://driveimg1.intermarche.com/pt/Content/images/boitmal/produit/zoom/C1D5B8EA9BF6276DDBD0FBBB4AE1E08B.jpg,,,,,,,,2026-01-07T23:59:59Z,PROSPECTUS,12,4
51382,8434165608030,150.0,Cuétara,Cuetara marinheiros classicas  *9,Embalagem de 150g,1.59,10.6,0,kg,€/Kg,,,https://driveimg1.intermarche.com/pt/Content/images/boitmal/produit/zoom/3333EEF869CDC53A2CB138941A0845C5.jpg,,,,,,,,2026-01-07T23:59:59Z,PROSPECTUS,12,4
51383,8434165608023,150.0,Cuétara,Cuet marinheiros chia-quinoa-lin *9,Embalagem de 150g,1.59,10.6,0,kg,€/Kg,,,https://driveimg1.intermarche.com/pt/Content/images/boitmal/produit/zoom/12296D3DBC6CE8CBB7918AE72A6F0B1F.jpg,,,,,,,,2026-01-07T23:59:59Z,PROSPECTUS,12,4
51660,8410136026355,340.0,Whiskas,"Comida húmida gato selection gelatina de aves, embalagem de 4 x 85 g",,2.24,6.59,0,kg,€/Kg,,,https://driveimg1.intermarche.com/pt/Content/images/boitmal/produit/zoom/F00234A72EC56D3E41DD66E6581EF1A9.jpg,,,,,,,,2026-01-07T23:59:59Z,PROSPECTUS,12,4
51837,8711327587205,2000.0,Lipton,Ice tea lipton pessego 2l,,2.39,1.2,2000,L,€/L,,,https://driveimg1.intermarche.com/pt/Content/images/boitmal/produit/zoom/337078DD8DFA2309401BA5C925E0DABA.jpg,,,,,,,,2026-01-07T23:59:59Z,PROSPECTUS,12,4
51917,8410500020644,280.0,Danone,Iogurte infantil danonino morango banana 4x70g,,2.19,7.82,0,kg,€/Kg,,,https://driveimg1.intermarche.com/pt/Content/images/boitmal/produit/zoom/3220973BC3DB4CAD23E73E6374D1D5D5.jpg,,,,,,,,2026-01-07T23:59:59Z,PROSPECTUS,12,4
52295,3023290072073,160.0,Lindahls,"Iogurte sólido proteico framboesa, embalagem de 160 g",,0.99,6.19,0,kg,€/Kg,,,https://driveimg1.intermarche.com/pt/Content/images/boitmal/produit/zoom/C87353FCE0F8B5DFB52D6384E482BABB.jpg,,,,,,,,2026-01-07T23:59:59Z,PROSPECTUS,12,4
52297,3023290072134,160.0,Lindahls,"Iogurte sólido proteico pêssego maracujá, embalagem de 160 g",,0.99,6.19,0,kg,€/Kg,,,https://driveimg1.intermarche.com/pt/Content/images/boitmal/produit/zoom/8E044D245812210B87881DDCE4C62971.jpg,,,,,,,,2026-01-07T23:59:59Z,PROSPECTUS,12,4
52298,3023290072011,160.0,Lindahls,"Iogurte sólido proteico limão cookies, embalagem de 160 g",,0.99,6.19,0,kg,€/Kg,,,https://driveimg1.intermarche.com/pt/Content/images/boitmal/produit/zoom/8056AA56818872116BB891895188AEE8.jpg,,,,,,,,2026-01-07T23:59:59Z,PROSPECTUS,12,4
52900,5601217138088,720.0,Quanto,"Intensificador perfume líquido lavanda 36d, 720ml",,3.99,5.54,720,L,€/L,,,https://driveimg1.intermarche.com/pt/Content/images/boitmal/produit/zoom/DDFE09EA7BECC3C23C7C284449FD5594.jpg,https://driveimg1.intermarche.com/pt/Content/images/boitmal/produit/zoom/CAC5CEAACB3DCE6D8F3FF5B4761BDD42.jpg,https://driveimg1.intermarche.com/pt/Content/images/boitmal/produit/zoom/CAC5CEAACB3DCE6D8F3FF5B4761BDD42.jpg,,,,,,2026-01-07T23:59:59Z,PROSPECTUS,12,4
53007,5603722520105,1000.0,Milhafre,"Leite De Pastagem Magro, 1l",,0.89,0.89,1000,L,€/L,,,https://driveimg1.intermarche.com/pt/Content/images/boitmal/produit/zoom/299C37D166CA38EDBA2E0A4C61421ACE.jpg,,,,,,,,2026-01-07T23:59:59Z,PROSPECTUS,12,4
53077,8711327483071,255.0,Magnum,"Gelado double gold caramelo billionaire, 3 x 85ml",,3.99,15.65,255,L,€/L,,Tipo de stockagem,https://driveimg1.intermarche.com/pt/Content/images/boitmal/produit/zoom/42B8EC9CDDC9A5A64A8B9BF8DDBBF480.jpg,https://driveimg1.intermarche.com/pt/Content/images/boitmal/produit/zoom/74238D995E9DE969AA617757BB3DA134.jpg,https://driveimg1.intermarche.com/pt/Content/images/boitmal/produit/zoom/74238D995E9DE969AA617757BB3DA134.jpg,https://driveimg1.intermarche.com/pt/Content/images/boitmal/produit/zoom/74238D995E9DE969AA617757BB3DA134.jpg,,,,,2026-01-07T23:59:59Z,PROSPECTUS,12,4
53349,5000204314595,250.0,Pronto,"Limpa Móveis, 250ml",,3.39,13.56,250,L,€/L,,,https://driveimg1.intermarche.com/pt/Content/images/boitmal/produit/zoom/B67A395061B35EF34EAA1625DF9B6EA1.jpg,https://driveimg1.intermarche.com/pt/Content/images/boitmal/produit/zoom/1D217222CE95C7E20C669A2882D0AEE6.jpg,https://driveimg1.intermarche.com/pt/Content/images/boitmal/produit/zoom/1D217222CE95C7E20C669A2882D0AEE6.jpg,,,,,,2026-01-07T23:59:59Z,PROSPECTUS,12,4
53459,5054563019332,,Sensodyne,Escova de Dentes Repair&Protect Suave,,3.34,3.34,1,,€/Unidade,,,https://driveimg1.intermarche.com/pt/Content/images/boitmal/produit/zoom/58B53020E4B47EE01415ED2155734701.jpg,https://driveimg1.intermarche.com/pt/Content/images/boitmal/produit/zoom/6EED9F7E683BE9D1839B0B05D60BA43E.jpg,https://driveimg1.intermarche.com/pt/Content/images/boitmal/produit/zoom/6EED9F7E683BE9D1839B0B05D60BA43E.jpg,https://driveimg1.intermarche.com/pt/Content/images/boitmal/produit/zoom/6EED9F7E683BE9D1839B0B05D60BA43E.jpg,https://driveimg1.intermarche.com/pt/Content/images/boitmal/produit/zoom/6EED9F7E683BE9D1839B0B05D60BA43E.jpg,https://driveimg1.intermarche.com/pt/Content/images/boitmal/produit/zoom/6EED9F7E683BE9D1839B0B05D60BA43E.jpg,,,2026-01-07T23:59:59Z,PROSPECTUS,12,4
53470,5601028031288,,Renova,"Papel Higiénico Húmido, 60 unidades",,1.59,1.59,60,,€/Unidade,,,https://driveimg1.intermarche.com/pt/Content/images/boitmal/produit/zoom/9829A7AAA374301D47766A923A3E4F3B.jpg,,,,,,,,2026-01-07T23:59:59Z,PROSPECTUS,12,4
53598,3574669907675,300.0,Johnson's Baby,Champô Bons Sonhos,Embalagem de 300ml,2.99,9.97,300,L,€/L,,,https://driveimg1.intermarche.com/pt/Content/images/boitmal/produit/zoom/AE7378B139D7E5EE860621E9D729DCDC.jpg,,,,,,,,2026-01-07T23:59:59Z,PROSPECTUS,12,4
53633,3600551133195,50.0,Narta,Desodorizante Roll On Biotic Sensível,Embalagem de 50ml,2.79,55.8,50,L,€/L,,,https://driveimg1.intermarche.com/pt/Content/images/boitmal/produit/zoom/7CE370B00E4EAD1C6F36DF4186DB8914.jpg,https://driveimg1.intermarche.com/pt/Content/images/boitmal/produit/zoom/027D18E2E70AE5E18E54E723C698A1D0.jpg,https://driveimg1.intermarche.com/pt/Content/images/boitmal/produit/zoom/027D18E2E70AE5E18E54E723C698A1D0.jpg,,,,,,2026-01-07T23:59:59Z,PROSPECTUS,12,4
53809,5604260330652,90.0,Labell,Sabonete Lavanda - 90 G,,0.64,7.11,0,kg,€/Kg,,,https://driveimg1.intermarche.com/pt/Content/images/boitmal/produit/zoom/64E8FE24E5D202DCB538A2800CF4F48C.jpg,,,,,,,,2026-01-07T23:59:59Z,PROSPECTUS,12,4
53906,5604260331307,,PorSi,Poupança - 40 Sacos Lixo Fecho Fácil Perfumados 30l,,2.06,2.06,0,,€/Unidade,,,https://driveimg1.intermarche.com/pt/Content/images/boitmal/produit/zoom/140CD5746FAE69EA3441AD5562371E77.jpg,,,,,,,,2026-01-07T23:59:59Z,PROSPECTUS,12,4
53907,5604260331314,,PorSi,Poupança - 30 Sacos Lixo Fecho Fácil Perfumados 50l,,3.23,3.23,0,,€/Unidade,,,https://driveimg1.intermarche.com/pt/Content/images/boitmal/produit/zoom/E301F96E6FCCA8D77D5E3B30E261578C.jpg,,,,,,,,2026-01-07T23:59:59Z,PROSPECTUS,12,4
540,3222270158428,1500.0,Friskies,"Ração para Gato Adulto de Interior Frango, Peru e Legumes, emb. 1,5 kg","Embalagem de 1,5 kg",5.84,3.89,0,kg,€/Kg,,,https://driveimg1.intermarche.com/pt/Content/images/boitmal/produit/zoom/CD7C5B2E4322F0515EAC25F0F1ADD782.jpg,,,,,,,,2026-01-07T23:59:59Z,PROSPECTUS,12,4
54236,5601217138699,228.0,Air Wick,"Ambientador Active Fresh Comp Lavanda e Liro, 228ml",,7.99,35.04,228,L,€/L,,,https://driveimg1.intermarche.com/pt/Content/images/boitmal/produit/zoom/53362394D4946B9BE93FFB7E8CF649BB.jpg,,,,,,,,2026-01-07T23:59:59Z,PROSPECTUS,12,4
54346,8435495843733,,Gama,"Detergente Roupa Máquina Líquido Cuidado Diário, 80D",,5.99,5.99,0,,€/Unidade,,,https://driveimg1.intermarche.com/pt/Content/images/boitmal/produit/zoom/E5D9177D92E6E9DF5147C07C4D5C380F.jpg,,,,,,,,2026-01-07T23:59:59Z,PROSPECTUS,12,4
54348,5601217138064,1332.0,Quanto,"Amaciador roupa concentrado ouro e orquídea branca, 74d",,2.99,2.24,1332,L,€/L,,,https://driveimg1.intermarche.com/pt/Content/images/boitmal/produit/zoom/0C119962D33161B345F6A902867F6FC1.jpg,,,,,,,,2026-01-07T23:59:59Z,PROSPECTUS,12,4
54365,8410104915209,,Finish,"Detergente Loiça Máquina Quantum Limão, 64 Pastilhas",,12.99,12.99,0,,€/Unidade,,,https://driveimg1.intermarche.com/pt/Content/images/boitmal/produit/zoom/D395D7FB7505791938B52E99053AC6D0.jpg,,,,,,,,2026-01-07T23:59:59Z,PROSPECTUS,12,4
54373,8435495842828,,A+,"Detergente Máquina Roupa Líquido Optimal, 56D",,8.99,8.99,0,,€/Unidade,,,https://driveimg1.intermarche.com/pt/Content/images/boitmal/produit/zoom/1E48C4CC1DB3FDB2A49FC1D0EA8EC591.jpg,,,,,,,,2026-01-07T23:59:59Z,PROSPECTUS,12,4
54596,5054563218117,75.0,Aquafresh,"Pasta de Dentes Proteção Completa Ação Antibacteriana, 75ml",,1.99,26.53,75,L,€/L,,,https://driveimg1.intermarche.com/pt/Content/images/boitmal/produit/zoom/019BA74FC7AA9EC4A4AEF77AD9C57A95.jpg,,,,,,,,2026-01-07T23:59:59Z,PROSPECTUS,12,4
54612,5054563183330,,Aquafresh,"Escova de Dentes Limpeza Flexível, 2un.",,2.24,2.24,0,,€/Unidade,,,https://driveimg1.intermarche.com/pt/Content/images/boitmal/produit/zoom/826FAC2563D601279F150CE5D88047DA.jpg,,,,,,,,2026-01-07T23:59:59Z,PROSPECTUS,12,4
54642,8435495842767,,A+,"Detergente Máquina Roupa Líquido Ocean Dream, 56D",,8.99,8.99,0,,€/Unidade,,,https://driveimg1.intermarche.com/pt/Content/images/boitmal/produit/zoom/E7AE89CC1AED35A9F40B3BB43FB44390.jpg,https://driveimg1.intermarche.com/pt/Content/images/boitmal/produit/zoom/1D0AC6E88574EFCB8CB4DBDB7E50F801.jpg,,,,,,,2026-01-07T23:59:59Z,PROSPECTUS,12,4
54646,8720181542121,,Skip,"Detergente Máquina Roupa Líquido Active Clean, 100D",,15.99,15.99,0,,€/Unidade,,,https://driveimg1.intermarche.com/pt/Content/images/boitmal/produit/zoom/D3E9B1DE5F09D8B3FD221502F3C133F1.jpg,,,,,,,,2026-01-07T23:59:59Z,PROSPECTUS,12,4
54647,8720181542169,,Skip,"Detergente Máquina Roupa Líquido Active Fresh, 100D",,14.99,14.99,0,,€/Unidade,,,https://driveimg1.intermarche.com/pt/Content/images/boitmal/produit/zoom/69D15CDE37B1E6AB89791358688DF042.jpg,,,,,,,,2026-01-07T23:59:59Z,PROSPECTUS,12,4
54669,5000116128754,200.0,Iglo,"Cordon bleu, 200g",,3.99,19.95,0,kg,€/Kg,,Tipo de stockagem,https://driveimg1.intermarche.com/pt/Content/images/boitmal/produit/zoom/9A94E635EDF0DAF7EF8F166E06599C57.jpg,,,,,,,,2026-01-07T23:59:59Z,PROSPECTUS,12,4
54671,8711327587199,2000.0,Lipton,"Ice tea limao, 2 l",,2.39,1.2,2000,L,€/L,,,https://driveimg1.intermarche.com/pt/Content/images/boitmal/produit/zoom/50E0AE93B7B2DC79031DA2E6F9D15838.jpg,,,,,,,,2026-01-07T23:59:59Z,PROSPECTUS,12,4
54674,5000159555715,37.0,Maltesers,"Chocolate, 37 g",,1.08,29.19,0,kg,€/Kg,,,https://driveimg1.intermarche.com/pt/Content/images/boitmal/produit/zoom/F5B898CD07B002EA17954B2B09790E98.jpg,,,,,,,,2026-01-07T23:59:59Z,PROSPECTUS,12,4
54728,5603722522253,1000.0,Pleno,"Bebida vegetal de amêndoa, 1 litro",,1.79,1.79,1000,L,€/L,,,https://driveimg1.intermarche.com/pt/Content/images/boitmal/produit/zoom/6C713903044BD7E4AEAF0041C790EBCD.jpg,,,,,,,,2026-01-07T23:59:59Z,PROSPECTUS,12,4
54734,5601164906174,2400.0,Somersby,"Sidra com álcool maçã, 12 x 20 cl",,8.49,3.54,2400,L,€/L,,,https://driveimg1.intermarche.com/pt/Content/images/boitmal/produit/zoom/B977873E36981559BC398D6FE0E99BDC.jpg,,,,,,,,2026-01-07T23:59:59Z,PROSPECTUS,12,4
54765,8711327616165,825.0,Carte DOr,"Gelado caramelo salgado les dessertz, 825 ml",,3.59,4.35,825,L,€/L,,Tipo de stockagem,https://driveimg1.intermarche.com/pt/Content/images/boitmal/produit/zoom/A5FE262C7D7C5F17B290BA4B9BC148EC.jpg,,,,,,,,2026-01-07T23:59:59Z,PROSPECTUS,12,4
54802,5603722521539,604.0,Mimosa,"Iogurte liquido morango, 4 x 151 ml",,1.39,2.3,604,L,€/L,,,https://driveimg1.intermarche.com/pt/Content/images/boitmal/produit/zoom/FB51425211E1948B683D88C51AE1A4C5.jpg,,,,,,,,2026-01-07T23:59:59Z,PROSPECTUS,12,4
54803,5603722521577,604.0,Mimosa,"Iogurte liquido pêssego, 4 x 151 ml",,1.39,2.3,604,L,€/L,,,https://driveimg1.intermarche.com/pt/Content/images/boitmal/produit/zoom/FCB49B6E55B0295598FF4782F772063D.jpg,,,,,,,,2026-01-07T23:59:59Z,PROSPECTUS,12,4
55029,8711327639942,204.0,Magnum,"Gelado Bombom Double Gold Caramelo Billionaire, 12 x 17ml",,3.59,17.6,204,L,€/L,,Tipo de stockagem,https://driveimg1.intermarche.com/pt/Content/images/boitmal/produit/zoom/EDB82BC88AFCBD43955BC7A7D7026E84.jpg,,,,,,,,2026-01-07T23:59:59Z,PROSPECTUS,12,4
55037,8445291306288,350.0,Nesquik,"Bebida de Morango Solúvel Milk-Mix, emb. 350 gr",,3.49,9.97,0,kg,€/Kg,,,https://driveimg1.intermarche.com/pt/Content/images/boitmal/produit/zoom/690D3E97DFD68799EB9025A7CB1F7A17.jpg,,,,,,,,2026-01-07T23:59:59Z,PROSPECTUS,12,4
55156,8719200274150,500.0,Vaqueiro,"Creme Culinário, 500g",,1.99,3.98,0,kg,€/Kg,,,https://driveimg1.intermarche.com/pt/Content/images/boitmal/produit/zoom/EE4037CFA60F756DCD627E782CDE4558.jpg,,,,,,,,2026-01-07T23:59:59Z,PROSPECTUS,12,4
55207,8445291179684,,Nescafé,"Cápsulas de Achocolatado Kit Kat, emb. 16 un",,5.89,5.89,16,,€/Unidade,,,https://driveimg1.intermarche.com/pt/Content/images/boitmal/produit/zoom/6E32D338EDE643DDBA69644FE859F168.jpg,https://driveimg1.intermarche.com/pt/Content/images/boitmal/produit/zoom/BF7469941F142C4223F4AA363B6728FD.jpg,https://driveimg1.intermarche.com/pt/Content/images/boitmal/produit/zoom/0335FC8798148F62A8A8DB28E765DE28.jpg,https://driveimg1.intermarche.com/pt/Content/images/boitmal/produit/zoom/1E7A04BC70202CFF06807A484D4EC68D.jpg,,,,,2026-01-07T23:59:59Z,PROSPECTUS,12,4
55318,5601809017388,260.0,Riberalves,"Postas de Bacalhau 4 Meses de Cura MSC Ultracongelado, 260g",,6.59,25.35,0,kg,€/Kg,,Tipo de stockagem,https://driveimg1.intermarche.com/pt/Content/images/boitmal/produit/zoom/894C07828E472E62F9671D24270E8FFE.jpg,,,,,,,,2026-01-07T23:59:59Z,PROSPECTUS,12,4
55502,8445290870889,,Nescafe,"Cápsulas Café Dolce Gusto Ristretto Ardenza Intensidade 11, 64un.",,19.99,19.99,64,,€/Unidade,,,https://driveimg1.intermarche.com/pt/Content/images/boitmal/produit/zoom/9CF1EF8BA12135493F691EC971749195.jpg,,,,,,,,2026-01-07T23:59:59Z,PROSPECTUS,12,4
55512,8445291512900,136.0,Nescafé,"Café Solúvel Gold Mocha, emb. 8 x 17 gr",,2.99,21.99,0,kg,€/Kg,,,https://driveimg1.intermarche.com/pt/Content/images/boitmal/produit/zoom/0F06FA6CF75ED42875D25F8DE0237F61.jpg,,,,,,,,2026-01-07T23:59:59Z,PROSPECTUS,12,4
55561,8445290872005,,Nescafé,"Cápsula de Café Espresso Longo, emb. 16 un.",,5.89,5.89,16,,€/Unidade,,,https://driveimg1.intermarche.com/pt/Content/images/boitmal/produit/zoom/C9CE6C2878A65397D06F32B207D0DC84.jpg,,,,,,,,2026-01-07T23:59:59Z,PROSPECTUS,12,4
56293,5604260339037,500.0,PorSi,Flocos de Batata para Puré 500g,,2.49,4.98,0,kg,€/Kg,,,https://driveimg1.intermarche.com/pt/Content/images/boitmal/produit/zoom/AABCECD61EA7DADE40B7CA447512BBA7.jpg,,,,,,,,2026-01-07T23:59:59Z,PROSPECTUS,12,4
56347,5604260338450,200.0,PorSi,Queijo Fresco com Alho e Ervas para Barrar 200g,,1.29,6.45,0,kg,€/Kg,,,https://driveimg1.intermarche.com/pt/Content/images/boitmal/produit/zoom/663FC3DB0A8C9323C7A618A53EFBE692.jpg,,,,,,,,2026-01-07T23:59:59Z,PROSPECTUS,12,4
56348,5604260338474,200.0,Porsi Vivabem,Queijo Fresco Light para Barrar 200g,,1.29,6.45,0,kg,€/Kg,,,https://driveimg1.intermarche.com/pt/Content/images/boitmal/produit/zoom/73810E59B589F0CB4BA896B98A98545C.jpg,,,,,,,,2026-01-07T23:59:59Z,PROSPECTUS,12,4
