identifier,produitEan13,capacite,marque,libelle,conditionnement,prix,unitPrice,volume,typeProduit_uniteByCode,unit_value,pictogrammes_0,pictogrammes_libelleCategorie,images_0,images_1,images_2,images_3,images_4,images_5,avantages_dateFin,avantages_categorie,nro_paginas,page
8383,5601049132995,1000.0,Mimosa,"Leite uht meio gordo, embalagem de 1litro",,0.86,0.86,1000,L,€/L,,,https://driveimg1.intermarche.com/pt/Content/images/boitmal/produit/zoom/6FB52C843F677BD37D399D45BB10B38B.jpg,https://driveimg1.intermarche.com/pt/Content/images/boitmal/produit/zoom/AE810093A08CEBD60415DCC626CF5804.jpg,https://driveimg1.intermarche.com/pt/Content/images/boitmal/produit/zoom/A0562293538F541B1B99592AA046327B.jpg,,,,2025-01-22T23:59:59.999999999Z,PROSPECTUS,11,1
13865,2891042000000,1000.0,Porco,Costeletas do Cachaço,Vendido ao peso a partir de 1 kg,4.98,4.98,0,,€/Kg,,,https://driveimg1.intermarche.com/pt/Content/images/boitmal/produit/zoom/D0D96FA697CD7DF7D0B353E0ED0B1193.jpg,,,,,,2025-01-22T23:59:59.999999999Z,PROSPECTUS,11,1
1427,5601255322128,1000.0,Caçarola,"Arroz agulha, embalagem de 1 kg",,1.35,1.35,0,kg,€/Kg,,,https://driveimg1.intermarche.com/pt/Content/images/boitmal/produit/zoom/5909BD82C9A83624AB1295F48ED2D005.jpg,,,,,,2025-01-22T23:59:59.999999999Z,PROSPECTUS,11,1
1322,5601163011114,5400.0,Luso,"Água sem gás, garrafa de 5,4 l",,1.77,0.33,5400,L,€/L,,,https://driveimg1.intermarche.com/pt/Content/images/boitmal/produit/zoom/AA9320932FF184911C32006B7463EC74.jpg,,,,,,2025-01-22T23:59:59.999999999Z,PROSPECTUS,11,1
12819,3600522023883,400.0,Elvive,Champô total repair,Embalagem de 400 ml,3.99,9.98,400,L,€/L,,,https://driveimg1.intermarche.com/pt/Content/images/boitmal/produit/zoom/EA7D6E07CD09475944FC0B7344377C93.jpg,,,,,,2025-01-22T23:59:59.999999999Z,PROSPECTUS,11,1
20264,5000116110872,180.0,Iglo,"Crocantes frango parmesão e ervas, embalagem de 180g",,3.74,20.78,0,kg,€/Kg,,Tipo de stockagem,https://driveimg1.intermarche.com/pt/Content/images/boitmal/produit/zoom/FA238D0C01D11590AA8A8E09CE288246.jpg,,,,,,2025-01-22T23:59:59.999999999Z,PROSPECTUS,11,1
251,2696001000000,400.0,Padaria,Baguete,400 g,0.79,1.98,0,kg,€/Kg,,,https://driveimg1.intermarche.com/pt/Content/images/boitmal/produit/zoom/42C2E126B9E5B84C243F0668DEC3869F.jpg,,,,,,2025-01-22T23:59:59.999999999Z,PROSPECTUS,11,1
51056,8006540614259,650.0,Fairy,Detergente líquido manual loiça ultra power,Embalagem de 650 ml,3.59,5.52,650,L,€/L,,,https://driveimg1.intermarche.com/pt/Content/images/boitmal/produit/zoom/013BD8DA7E562B3CB09BBCDE80C53A02.jpg,,,,,,2025-01-22T23:59:59.999999999Z,PROSPECTUS,11,1
17920,5602417101575,5000.0,Courelas d'Alqueva,Vinho bag-in-box tinto,Garrafa de 5 l,6.49,1.3,5000,L,€/L,,,https://driveimg1.intermarche.com/pt/Content/images/boitmal/produit/zoom/50F27F2A3BA8F2DFBF7A0B52395D8EDC.jpg,,,,,,2025-01-22T23:59:59.999999999Z,PROSPECTUS,11,1
483,3033710046645,400.0,Nestlé,"Fruta para bebé maçã manga +6 meses, embalagem de 4 x 100g",,2.09,5.23,0,kg,€/Kg,,,https://driveimg1.intermarche.com/pt/Content/images/boitmal/produit/zoom/B957252E4468B4428B54FDF0DEC950C2.jpg,,,,,,2025-01-22T23:59:59.999999999Z,PROSPECTUS,11,1
16607,8712561521529,700.0,Cif,"Creme abrasivo original, de 700 ml",,2.69,3.84,700,L,€/L,,,https://driveimg1.intermarche.com/pt/Content/images/boitmal/produit/zoom/30CCCA0B503F489882A8FCB31275E9C6.jpg,,,,,,2025-01-22T23:59:59.999999999Z,PROSPECTUS,11,1
32408,5601050034967,600.0,Danone,"Danacol aveia, embalagem de 6 x 100g",,2.99,4.98,0,kg,€/Kg,,,https://driveimg1.intermarche.com/pt/Content/images/boitmal/produit/zoom/5CE656F263120C59B9C0953B21D516B7.jpg,,,,,,2025-01-22T23:59:59.999999999Z,PROSPECTUS,11,1
18045,8714789637389,,Colgate,"Escova de dentes max white média, 1 + 1 unidades",,3.99,3.99,1,,€/Unidade,,,https://driveimg1.intermarche.com/pt/Content/images/boitmal/produit/zoom/DA81305E47872C0D2A8BC35B8CC9CB97.jpg,,,,,,2025-01-22T23:59:59.999999999Z,PROSPECTUS,11,1
2740,8410063016627,400.0,Pescanova,"4 filetes de pescada panados com limão, embalagem de 400g",,4.65,11.63,0,kg,€/Kg,,Tipo de stockagem,https://driveimg1.intermarche.com/pt/Content/images/boitmal/produit/zoom/793D04BEFB15F5DF82BA7896A4F9F018.jpg,,,,,,2025-01-22T23:59:59.999999999Z,PROSPECTUS,11,1
10095,8435257040899,640.0,Nestlé,"Iogurte líquido yoggi morango, embalagem de 4 x 160g",,1.99,3.11,0,kg,€/Kg,,,https://driveimg1.intermarche.com/pt/Content/images/boitmal/produit/zoom/BCBB1C4518CDF8045B46EB41CD173E54.jpg,,,,,,2025-01-22T23:59:59.999999999Z,PROSPECTUS,11,1
19931,7613033737046,60.0,Felix,"Snack para gato mixed grill, 60 g",,1.49,24.83,0,kg,€/Kg,,,https://driveimg1.intermarche.com/pt/Content/images/boitmal/produit/zoom/7E2E1FECDD478BE6A1632C053BCB03FD.jpg,,,,,,2025-01-22T23:59:59.999999999Z,PROSPECTUS,11,1
43620,2696665000000,350.0,Padaria,Pão Escuro de Rio Maior,1 unidade= 350 g,1.09,3.11,0,kg,€/Kg,,,https://driveimg1.intermarche.com/pt/Content/images/boitmal/produit/zoom/1DEE250EF533441ED634EA027418C71A.jpg,,,,,,2025-01-22T23:59:59.999999999Z,PROSPECTUS,11,1
35147,5604260282920,3000.0,Selecção de Enófilos,Vinho branco regional alentejano,Bag-in-box de 3 litros,4.85,1.62,3000,L,€/L,,,https://driveimg1.intermarche.com/pt/Content/images/boitmal/produit/zoom/83F5A8EE913F62A4CECF537776BF250E.jpg,,,,,,2025-01-22T23:59:59.999999999Z,PROSPECTUS,11,1
36727,5604260294404,1000.0,PorSi,Arroz basmati,Embalagem de 1 kg,1.99,1.99,0,kg,€/Kg,,,https://driveimg1.intermarche.com/pt/Content/images/boitmal/produit/zoom/4276C26236BCA3B8F3F002AEBC9361B0.jpg,,,,,,2025-01-22T23:59:59.999999999Z,PROSPECTUS,11,1
13914,2891225000000,350.0,Frango,Perna com Costa,1 un. = 300 g (aprox.),0.8,2.29,0,,€/Kg,,,https://driveimg1.intermarche.com/pt/Content/images/boitmal/produit/zoom/D1297D1CD095629263E582A65B4C3857.jpg,,,,,,2025-01-22T23:59:59.999999999Z,PROSPECTUS,11,1
37745,5604260301874,540.0,PorSi,Grão de bico,Frasco com 540 g,0.85,1.57,0,kg,€/Kg,,,https://driveimg1.intermarche.com/pt/Content/images/boitmal/produit/zoom/ABBBFB42757051E49B0E75B4C2EB061F.jpg,,,,,,2025-01-22T23:59:59.999999999Z,PROSPECTUS,11,1
13866,2891048000000,1000.0,Porco,Bifanas,Vendido ao peso a partir de 1 kg,3.75,3.75,0,,€/Kg,,,https://driveimg1.intermarche.com/pt/Content/images/boitmal/produit/zoom/72DE0DA6B485199AC995C629E3E4D279.jpg,,,,,,2025-01-22T23:59:59.999999999Z,PROSPECTUS,11,1
36774,5604260300686,640.0,PorSi,"Iogurte liquido stracciatella,  4 x 160 g",,1.28,2.0,0,kg,€/Kg,,,https://driveimg1.intermarche.com/pt/Content/images/boitmal/produit/zoom/6CC82B08FFB7D4379F1B37DDDE2A4AE9.jpg,,,,,,2025-01-22T23:59:59.999999999Z,PROSPECTUS,11,1
1188,5601119007970,200.0,Nobre,"Salsichas de porco, lata de 200g",,1.39,6.95,0,kg,€/Kg,,,https://driveimg1.intermarche.com/pt/Content/images/boitmal/produit/zoom/F480FC52D56464F3C1B867155F4A37B9.jpg,,,,,,2025-01-22T23:59:59.999999999Z,PROSPECTUS,11,1
36505,5604260294732,1000.0,PorSi,Óleo de girassol,garrafa de 1 litro,1.5,1.5,1000,L,€/L,,,https://driveimg1.intermarche.com/pt/Content/images/boitmal/produit/zoom/7244D65CAED49A0848F5F70ACCADCC80.jpg,,,,,,2025-01-22T23:59:59.999999999Z,PROSPECTUS,11,1
41640,5604260301737,540.0,PorSi,Feijão encarnado em frasco,frasco de 540 g,0.85,1.57,0,kg,€/Kg,,,https://driveimg1.intermarche.com/pt/Content/images/boitmal/produit/zoom/C91F959C8FD02C2055DD0A1A4950A458.jpg,,,,,,2025-01-22T23:59:59.999999999Z,PROSPECTUS,11,1
42853,5604260307289,640.0,PorSi Viva Bem,"Iogurte liquido sem lactose morango e banana,  4 x 160 g",,1.49,2.33,0,kg,€/Kg,,,https://driveimg1.intermarche.com/pt/Content/images/boitmal/produit/zoom/DCB1F8E775A48415D7D8ECF5EAAFB690.jpg,https://driveimg1.intermarche.com/pt/Content/images/boitmal/produit/zoom/3FAE6F6D66D931FA15B9CA64E344E3AA.jpg,https://driveimg1.intermarche.com/pt/Content/images/boitmal/produit/zoom/3FAE6F6D66D931FA15B9CA64E344E3AA.jpg,https://driveimg1.intermarche.com/pt/Content/images/boitmal/produit/zoom/3FAE6F6D66D931FA15B9CA64E344E3AA.jpg,https://driveimg1.intermarche.com/pt/Content/images/boitmal/produit/zoom/3FAE6F6D66D931FA15B9CA64E344E3AA.jpg,https://driveimg1.intermarche.com/pt/Content/images/boitmal/produit/zoom/3FAE6F6D66D931FA15B9CA64E344E3AA.jpg,2025-01-22T23:59:59.999999999Z,PROSPECTUS,11,1
12887,2892089000000,500.0,Fruta,Manga Barco,1 un = 500 gr (aprox.),1.35,2.69,0,,€/Kg,,,https://driveimg1.intermarche.com/pt/Content/images/boitmal/produit/zoom/7DE73DFAB226CDE947BB89C61333D3FE.jpg,,,,,,2025-01-22T23:59:59.999999999Z,PROSPECTUS,11,1
13894,2891044000000,1000.0,Porco,Entremeada sem Entrecosto,Vendido ao peso a partir de 1 kg,4.88,4.88,0,,€/Kg,,,https://driveimg1.intermarche.com/pt/Content/images/boitmal/produit/zoom/033DDCE7C7F9A9CD99F0A4BEB2F74462.jpg,,,,,,2025-01-22T23:59:59.999999999Z,PROSPECTUS,11,1
36926,5604260296729,200.0,PorSi,Queijo flamengo ralado,Embalagem de 200G,1.45,7.25,0,kg,€/Kg,,,https://driveimg1.intermarche.com/pt/Content/images/boitmal/produit/zoom/5080AD1409B4B037F190A3A1EC05EA5E.jpg,,,,,,2025-01-22T23:59:59.999999999Z,PROSPECTUS,11,1
37744,5604260301805,540.0,PorSi,Feijão manteiga,Frasco com 540 g,0.85,1.57,0,kg,€/Kg,,,https://driveimg1.intermarche.com/pt/Content/images/boitmal/produit/zoom/B9B74EE9D5F4C86738772A5B6758433E.jpg,,,,,,2025-01-22T23:59:59.999999999Z,PROSPECTUS,11,1
989,5601029004014,120.0,Bom Petisco,"Atum posta em óleo, embalagem de 120g",,1.18,9.83,0,kg,€/Kg,,,https://driveimg1.intermarche.com/pt/Content/images/boitmal/produit/zoom/0EDE399096BE62933DCF2A734D746C1A.jpg,,,,,,2025-01-22T23:59:59.999999999Z,PROSPECTUS,11,1
11961,5603722505607,1000.0,Mimosa,"Leite sem lactose meio gordo, de 1l",,1.14,1.14,1000,L,€/L,,,https://driveimg1.intermarche.com/pt/Content/images/boitmal/produit/zoom/A98ED8A0E5E675A3AC1A551BCE75B0AB.jpg,https://driveimg1.intermarche.com/pt/Content/images/boitmal/produit/zoom/4E57BFE09E8D859BDBE1705476BB9F1B.jpg,https://driveimg1.intermarche.com/pt/Content/images/boitmal/produit/zoom/E1F70144AAFCC0EAEBFF05614177D009.jpg,,,,2025-01-22T23:59:59.999999999Z,PROSPECTUS,11,1
1293,5601151398104,630.0,Compal,"Pack de 3 embalagens de polpa de tomate, embalagem de 630g",,1.49,2.37,0,kg,€/Kg,,,https://driveimg1.intermarche.com/pt/Content/images/boitmal/produit/zoom/BC7D38B0892D2B72B99AEECF05E81523.jpg,,,,,,2025-01-22T23:59:59.999999999Z,PROSPECTUS,11,1
13813,2892489000000,250.0,Legumes,Batata Doce,1 un = 250 gr  (aprox.),0.31,1.25,0,,€/Kg,,,https://driveimg1.intermarche.com/pt/Content/images/boitmal/produit/zoom/B0785A3D8A1A6773EB1FB43B119AC4D9.jpg,,,,,,2025-01-22T23:59:59.999999999Z,PROSPECTUS,11,1
13839,2891006000000,800.0,Novilho,Bife da Pá,Vendido ao peso a partir de 800 g,8.38,10.48,0,,€/Kg,,,https://driveimg1.intermarche.com/pt/Content/images/boitmal/produit/zoom/5626B1315F40E59D057B37FBCA18064B.jpg,,,,,,2025-01-22T23:59:59.999999999Z,PROSPECTUS,11,1
13915,2891249000000,2000.0,Peru,Perna com Osso,Vendido ao peso,7.9,3.95,0,,€/Kg,,,https://driveimg1.intermarche.com/pt/Content/images/boitmal/produit/zoom/EA6C55F440DB29FDE55EB019973B1FE5.jpg,,,,,,2025-01-22T23:59:59.999999999Z,PROSPECTUS,11,1
1465,5601286234773,250.0,Milaneza,"Massa de letras, embalagem de 250g",,0.62,2.48,0,kg,€/Kg,,,https://driveimg1.intermarche.com/pt/Content/images/boitmal/produit/zoom/93F4FB7CE3C81A4CA398AFB1F88C82DD.jpg,,,,,,2025-01-22T23:59:59.999999999Z,PROSPECTUS,11,1
14879,2696313000000,,Pastelaria,Croissant Brioche 85 g,,0.59,0.59,0,,€/Unidade,,,https://driveimg1.intermarche.com/pt/Content/images/boitmal/produit/zoom/53A872BBC45BBDDAC9749CC51F8CB1EC.jpg,,,,,,2025-01-22T23:59:59.999999999Z,PROSPECTUS,11,1
1847,5604260301683,540.0,PorSi,Feijão branco,Embalagem de 540g,0.85,1.57,0,kg,€/Kg,,,https://driveimg1.intermarche.com/pt/Content/images/boitmal/produit/zoom/65F3549F5DD8B5CB836B8FAB01DCCC43.jpg,,,,,,2025-01-22T23:59:59.999999999Z,PROSPECTUS,11,1
19447,5604260278473,640.0,PorSi,"Iogurte líquido de frutos vermelhos,  4 x 160 g",,1.29,2.02,0,kg,€/Kg,,,https://driveimg1.intermarche.com/pt/Content/images/boitmal/produit/zoom/E5E8E165201F83E6573606F360D4FBE1.jpg,,,,,,2025-01-22T23:59:59.999999999Z,PROSPECTUS,11,1
2204,5604260265060,800.0,PorSi,Posta pescada-do-cabo nº 5 para cozer,Embalagem de 800 g,5.99,7.49,0,kg,€/Kg,,Tipo de stockagem,https://driveimg1.intermarche.com/pt/Content/images/boitmal/produit/zoom/2199C930F5A2CBBFAA405A6AAAD026E2.jpg,,,,,,2025-01-22T23:59:59.999999999Z,PROSPECTUS,11,1
24920,5604260281848,500.0,PorSi,Massas alimentícias laços,Embalagem de 500g,1.09,2.18,0,kg,€/Kg,,,https://driveimg1.intermarche.com/pt/Content/images/boitmal/produit/zoom/C1693538ACC0B37B44EA7A19996490A3.jpg,,,,,,2025-01-22T23:59:59.999999999Z,PROSPECTUS,11,1
26091,7613036115575,550.0,Nestlé,Cereais estrelitas,Embalagem de 550g,2.49,4.53,0,kg,€/Kg,,,https://driveimg1.intermarche.com/pt/Content/images/boitmal/produit/zoom/90505B63FB20AF187537F3B46DDB9B86.jpg,,,,,,2025-01-22T23:59:59.999999999Z,PROSPECTUS,11,1
41129,5604260303762,200.0,PorSi,"8 salsichas aves, embalagem de 200g",,1.09,5.45,0,kg,€/Kg,,,https://driveimg1.intermarche.com/pt/Content/images/boitmal/produit/zoom/9EA05D92F833661969A8EB1078BF37A5.jpg,,,,,,2025-01-22T23:59:59.999999999Z,PROSPECTUS,11,1
48297,5604260320721,200.0,PorSi Viva Bem,Queijo flamengo fatias light,Embalagem de 200g,2.14,10.7,0,kg,€/Kg,,,https://driveimg1.intermarche.com/pt/Content/images/boitmal/produit/zoom/70AA2E56EA03F7DEC7BCFB6E81C245ED.jpg,,,,,,2025-01-22T23:59:59.999999999Z,PROSPECTUS,11,1
10509,8435250297955,256.0,Nestlé,"Iogurte mix in smarties baunilha, embalagem de 2 x 128 g",,1.99,7.77,0,kg,€/Kg,,,https://driveimg1.intermarche.com/pt/Content/images/boitmal/produit/zoom/5355941DC0922592DB9EDB46788FEE19.jpg,,,,,,2025-01-22T23:59:59.999999999Z,PROSPECTUS,11,1
11471,5601029004076,120.0,Bom Petisco,Atum posta ao natural,Embalagem de 120 g,1.29,10.75,0,kg,€/Kg,,,https://driveimg1.intermarche.com/pt/Content/images/boitmal/produit/zoom/D148E1488041C84EB0524ADACAE78B3A.jpg,,,,,,2025-01-22T23:59:59.999999999Z,PROSPECTUS,11,1
11641,5601180001020,1000.0,Vigor,Leite pasteurizado meio gordo,Garrafa de 1 l,0.98,0.98,1000,L,€/L,,,https://driveimg1.intermarche.com/pt/Content/images/boitmal/produit/zoom/C25BCB5001E1A92DAA543A65EC5B2802.jpg,,,,,,2025-01-22T23:59:59.999999999Z,PROSPECTUS,11,1
1191,5601119009660,180.0,Nobre,"Mini salsichas cocktail, lata de 180g",,1.79,9.94,0,kg,€/Kg,,,https://driveimg1.intermarche.com/pt/Content/images/boitmal/produit/zoom/FEBC979069AC159E9B8E5F8DD02E763D.jpg,,,,,,2025-01-22T23:59:59.999999999Z,PROSPECTUS,11,1
1270,5601151023150,500.0,Compal,"Polpa de tomate com cebola e alho, embalagem de 500g",,1.39,2.78,0,kg,€/Kg,,,https://driveimg1.intermarche.com/pt/Content/images/boitmal/produit/zoom/195ABA90C0C8B2FE1D9EE0202B59D28C.jpg,,,,,,2025-01-22T23:59:59.999999999Z,PROSPECTUS,11,1
1323,5601163020512,9000.0,Luso,"Água sem gás, pack 6 x 1.5 l",,3.48,0.39,9000,L,€/L,,,https://driveimg1.intermarche.com/pt/Content/images/boitmal/produit/zoom/001A786D3A6068914B18C4EF27206C2E.jpg,,,,,,2025-01-22T23:59:59.999999999Z,PROSPECTUS,11,1
13852,2891020000000,100.0,Novilho,Fígado,1 un = 100 gr (aprox.),0.55,5.49,0,,€/Kg,,,https://driveimg1.intermarche.com/pt/Content/images/boitmal/produit/zoom/7F21D014BF856223502CE366D77F0F5C.jpg,,,,,,2025-01-22T23:59:59.999999999Z,PROSPECTUS,11,1
15388,8436048431735,140.0,Artiach,"Bolachas dinossauros dinoovos, embalagem de 140g",,1.69,12.07,0,kg,€/Kg,,,https://driveimg1.intermarche.com/pt/Content/images/boitmal/produit/zoom/A0B5DF44DDFBF5333572CFCDB9747444.jpg,,,,,,2025-01-22T23:59:59.999999999Z,PROSPECTUS,11,1
16593,2696081000000,60.0,Padaria,Carcaça Forno de Pedra,1 un = 60 gr (aprox.),0.29,4.83,0,kg,€/Kg,,,https://driveimg1.intermarche.com/pt/Content/images/boitmal/produit/zoom/9ACBFD9AFE6222DA83AEB13A9FD53964.jpg,,,,,,2025-01-22T23:59:59.999999999Z,PROSPECTUS,11,1
17150,8436048440416,120.0,Artiach,"Bolacha infantil dinossaurus mini chocolate, 120g",,1.49,12.42,0,kg,€/Kg,,,https://driveimg1.intermarche.com/pt/Content/images/boitmal/produit/zoom/CC8423CB8DDD3F032D5216356FFB1237.jpg,,,,,,2025-01-22T23:59:59.999999999Z,PROSPECTUS,11,1
18083,5601008200017,258.0,Vieira,Bolacha digestive aveia 258g,,1.79,6.94,0,kg,€/Kg,,,https://driveimg1.intermarche.com/pt/Content/images/boitmal/produit/zoom/74BF051807707504BF4C099005DC7DC3.jpg,,,,,,2025-01-22T23:59:59.999999999Z,PROSPECTUS,11,1
18295,5604260278411,640.0,PorSi,"Iogurte líquido morango/cereais,  4 x 160 g",,1.29,2.02,0,kg,€/Kg,,,https://driveimg1.intermarche.com/pt/Content/images/boitmal/produit/zoom/77FF2EFA6010C76FAECF5B9D28E76BCE.jpg,,,,,,2025-01-22T23:59:59.999999999Z,PROSPECTUS,11,1
2255,5604260267903,500.0,PorSi,"Massa fettuccine, embalagem de 500g",,1.29,2.58,0,kg,€/Kg,,,https://driveimg1.intermarche.com/pt/Content/images/boitmal/produit/zoom/18407BCA8571F0FADB3A4F41B971F2FA.jpg,,,,,,2025-01-22T23:59:59.999999999Z,PROSPECTUS,11,1
25397,8426617014032,90.0,Haribo,"Gomas favoritos açúcar, 90g",,1.04,11.56,0,kg,€/Kg,,,https://driveimg1.intermarche.com/pt/Content/images/boitmal/produit/zoom/1EFF4668A730EBFA293CBDB88FDD711E.jpg,,,,,,2025-01-22T23:59:59.999999999Z,PROSPECTUS,11,1
25808,8426617002510,100.0,Haribo,"Gomas ositos de oro, embalagem de 100g",,1.04,10.4,0,kg,€/Kg,,,https://driveimg1.intermarche.com/pt/Content/images/boitmal/produit/zoom/D707EDE7A37DA83FE8A19E7DC6FBE016.jpg,,,,,,2025-01-22T23:59:59.999999999Z,PROSPECTUS,11,1
2749,8410063046532,350.0,Pescanova,"Miolo de camarão 80/100, embalagem de 350g",,6.99,19.97,0,kg,€/Kg,,Tipo de stockagem,https://driveimg1.intermarche.com/pt/Content/images/boitmal/produit/zoom/0EA75135180DC26543A97F342303334A.jpg,,,,,,2025-01-22T23:59:59.999999999Z,PROSPECTUS,11,1
2779,8410180108038,185.0,Artiach,Bolachas infantil dinossauros,Embalagem de 190g,1.69,9.14,0,kg,€/Kg,,,https://driveimg1.intermarche.com/pt/Content/images/boitmal/produit/zoom/93FFBED3F451AE6676EBADF170E0F9AC.jpg,,,,,,2025-01-22T23:59:59.999999999Z,PROSPECTUS,11,1
28607,5604260278442,640.0,PorSi,"Iogurte líquido morango/banana,  4 x 160 g",,1.28,2.0,0,kg,€/Kg,,,https://driveimg1.intermarche.com/pt/Content/images/boitmal/produit/zoom/447BBD3B74588222DD6837C3B2BE4D8D.jpg,,,,,,2025-01-22T23:59:59.999999999Z,PROSPECTUS,11,1
28608,5604260282821,160.0,PorSi,"Iogurte Líquido Frutos Tropicais, 4 x 160g",,1.28,8.0,0,kg,€/Kg,,,https://driveimg1.intermarche.com/pt/Content/images/boitmal/produit/zoom/98DAB469B1CF7CBC9019272104A0FF20.jpg,,,,,,2025-01-22T23:59:59.999999999Z,PROSPECTUS,11,1
29613,5604260283538,1000.0,PorSi Viva Bem,Bebida de Aveia,1 l,0.99,0.99,1000,L,€/L,,,https://driveimg1.intermarche.com/pt/Content/images/boitmal/produit/zoom/1EE40BC1DA49C5CE3D084214B1D3D3B9.jpg,,,,,,2025-01-22T23:59:59.999999999Z,PROSPECTUS,11,1
31433,5604321027040,200.0,Cemporcento,"Bolachas marinheiras naturais, embalagem de 200g",,1.99,9.95,0,kg,€/Kg,,,https://driveimg1.intermarche.com/pt/Content/images/boitmal/produit/zoom/FF489A385613596F2A9FFE4BEBF4FC13.jpg,,,,,,2025-01-22T23:59:59.999999999Z,PROSPECTUS,11,1
3526,2894034000000,150.0,Nobre,Fiambre da Perna Extra,1 un = 150 gr (aprox.),2.25,14.99,0,,€/Kg,,,https://driveimg1.intermarche.com/pt/Content/images/boitmal/produit/zoom/C76D05EF052819EDC79567520AD2D260.jpg,,,,,,2025-01-22T23:59:59.999999999Z,PROSPECTUS,11,1
36263,5601027973060,480.0,Bimbo,Pão de forma integral,Embalagem de 480 g,1.89,3.94,0,kg,€/Kg,,,https://driveimg1.intermarche.com/pt/Content/images/boitmal/produit/zoom/34F016B3F162809D8E0423F1C3245DFD.jpg,,,,,,2025-01-22T23:59:59.999999999Z,PROSPECTUS,11,1
38148,5603722519123,1000.0,Milhafre,Leite de Pastagem Biológico Meio Gordo,1 litro,1.09,1.09,1000,L,€/L,,Produtos Bio,https://driveimg1.intermarche.com/pt/Content/images/boitmal/produit/zoom/DCB3EAE989BC2DDA8E3D76C140D59BA5.jpg,,,,,,2025-01-22T23:59:59.999999999Z,PROSPECTUS,11,1
42193,5604260310623,400.0,PorSi Viva Bem,Flocos de aveia,Embalagem de 400g,0.72,1.8,0,kg,€/Kg,,,https://driveimg1.intermarche.com/pt/Content/images/boitmal/produit/zoom/B2EFA7CFC0405B2D23802C53BF8F07E7.jpg,,,,,,2025-01-22T23:59:59.999999999Z,PROSPECTUS,11,1
42240,5000396041392,199.0,McVities,"Bolacha digestiva chocolate negro, embalagem de 200g",,1.99,10.0,0,kg,€/Kg,,,https://driveimg1.intermarche.com/pt/Content/images/boitmal/produit/zoom/44933B55AD24092BA19041B105948178.jpg,,,,,,2025-01-22T23:59:59.999999999Z,PROSPECTUS,11,1
43719,5604260312313,450.0,PorSi,"Mistura de frutos exóticos, embalagem de 450g",,2.99,6.64,0,kg,€/Kg,,Tipo de stockagem,https://driveimg1.intermarche.com/pt/Content/images/boitmal/produit/zoom/29016CD4E3CFB1CF21ED9B36ADF36932.jpg,,,,,,2025-01-22T23:59:59.999999999Z,PROSPECTUS,11,1
438,8722700140139,20.0,Lipton,"20 saquetas infusão de cidreira, embalagem de 20g",,1.49,74.5,0,kg,€/Kg,,,https://driveimg1.intermarche.com/pt/Content/images/boitmal/produit/zoom/75772B648D442A3C0BB5D4E8A4601B76.jpg,,,,,,2025-01-22T23:59:59.999999999Z,PROSPECTUS,11,1
47020,5604260318339,150.0,PorSi Viva Bem,"Iogurte natural skyr 0%, 150 g",,0.65,4.33,0,kg,€/Kg,,,https://driveimg1.intermarche.com/pt/Content/images/boitmal/produit/zoom/14D108A9466D4928554A5008915C4E37.jpg,,,,,,2025-01-22T23:59:59.999999999Z,PROSPECTUS,11,1
48032,5603722507861,800.0,Mimosa,"Leite meio gordo sem lactose, pack 4 x 200 ml",,1.77,2.21,800,L,€/L,,,https://driveimg1.intermarche.com/pt/Content/images/boitmal/produit/zoom/78E61BD493498EC75AD19730CB05899D.jpg,,,,,,2025-01-22T23:59:59.999999999Z,PROSPECTUS,11,1
48150,5604260322466,300.0,PorSi Bio,Tofu biológico,Embalagem de 300g,2.29,7.63,0,kg,€/Kg,,Produtos Bio,https://driveimg1.intermarche.com/pt/Content/images/boitmal/produit/zoom/3F6FD5124E18DBA6ED90BF27E5BA978F.jpg,,,,,,2025-01-22T23:59:59.999999999Z,PROSPECTUS,11,1
49545,2706799000000,1100.0,PorSi,Frango aberto para churrasco,Embalagem com 1.1 kg (aprox.),3.83,3.48,0,,€/Kg,,,https://driveimg1.intermarche.com/pt/Content/images/boitmal/produit/zoom/60684C48E5570F56CA28A1727B0F160B.jpg,,,,,,2025-01-22T23:59:59.999999999Z,PROSPECTUS,11,1
49623,5604260320561,800.0,PorSi,Sopa de Legumes,800 g,2.49,3.11,0,kg,€/Kg,,,https://driveimg1.intermarche.com/pt/Content/images/boitmal/produit/zoom/FF3B6724D3B5C254550A716F73EB1264.jpg,,,,,,2025-01-22T23:59:59.999999999Z,PROSPECTUS,11,1
51302,5600961159158,65.0,Prozis,"Barra proteica de amendoim, embalagem de 65g",,1.49,22.92,0,kg,€/Kg,,,https://driveimg1.intermarche.com/pt/Content/images/boitmal/produit/zoom/54B4B59AFCBA57F6B07530E795E0CA56.jpg,,,,,,2025-01-22T23:59:59.999999999Z,PROSPECTUS,11,1
52831,5411188139386,750.0,Alpro,"Bebida soja alto teor proteína, 750 ml",,1.59,2.12,750,L,€/L,,,https://driveimg1.intermarche.com/pt/Content/images/boitmal/produit/zoom/49ADB141EE7D3ED699ADC3A17F20F163.jpg,,,,,,2025-01-22T23:59:59.999999999Z,PROSPECTUS,11,1
544,3228881083326,30.0,Lipton,"20 saquetas chá noite tranquila, embalagem de 30g",,2.09,69.67,0,kg,€/Kg,,,https://driveimg1.intermarche.com/pt/Content/images/boitmal/produit/zoom/918429936BF1A7F518EA4E4A9580CA69.jpg,,,,,,2025-01-22T23:59:59.999999999Z,PROSPECTUS,11,1
54658,5604260332410,120.0,PorSi,"Saqueta de Fruta - Maçã, Morango e Mirtilo, 120g",,0.89,7.42,0,kg,€/Kg,,,https://driveimg1.intermarche.com/pt/Content/images/boitmal/produit/zoom/62A60162B5DEC40E932127F83730D8EC.jpg,,,,,,2025-01-22T23:59:59.999999999Z,PROSPECTUS,11,1
54795,5603722521225,604.0,Mimosa,"Iogurte magro liquido morango, 4x151 ml",,1.59,2.63,604,L,€/L,,,https://driveimg1.intermarche.com/pt/Content/images/boitmal/produit/zoom/075603ECF4916B645B9AA45146480552.jpg,,,,,,2025-01-22T23:59:59.999999999Z,PROSPECTUS,11,1
927,5601001180903,380.0,Nestlé,Cereais chocapic,Embalagem de 375 g,2.29,6.03,0,kg,€/Kg,,,https://driveimg1.intermarche.com/pt/Content/images/boitmal/produit/zoom/EA69C754779AF0C6F4DD36E6F3A8C272.jpg,,,,,,2025-01-22T23:59:59.999999999Z,PROSPECTUS,11,1
9315,5603722509544,1000.0,Mimosa,"Leite 0% lactose magro, de 1l",,1.14,1.14,1000,L,€/L,,,https://driveimg1.intermarche.com/pt/Content/images/boitmal/produit/zoom/0350D0DE44A653A9AB01722B06443E94.jpg,https://driveimg1.intermarche.com/pt/Content/images/boitmal/produit/zoom/DC5219EC1E15E09529E323B7D196FADA.jpg,https://driveimg1.intermarche.com/pt/Content/images/boitmal/produit/zoom/DC48BFFA4281D8016E9FB40168ED4485.jpg,,,,2025-01-22T23:59:59.999999999Z,PROSPECTUS,11,1
9599,5604260256976,300.0,PorSi,Biscoitos canudinho recheio cacau,Embalagem de 300g,2.99,9.97,0,kg,€/Kg,,,https://driveimg1.intermarche.com/pt/Content/images/boitmal/produit/zoom/20488803F24C87CB3AA2C6BC0C5471EF.jpg,,,,,,2025-01-22T23:59:59.999999999Z,PROSPECTUS,11,1
1009,5601038300077,80.0,Knorr,"Caldo de galinha 8 cubos, embalagem de 80g",,1.49,18.63,0,kg,€/Kg,,,https://driveimg1.intermarche.com/pt/Content/images/boitmal/produit/zoom/CFDBB6C1885F48FB7941F504CD886192.jpg,,,,,,2025-01-22T23:59:59.999999999Z,PROSPECTUS,11,1
10091,8410100059839,360.0,Nestlé,"Queijinho petit nesquik, embalagem de 6 x 60g",,2.79,7.75,0,kg,€/Kg,,,https://driveimg1.intermarche.com/pt/Content/images/boitmal/produit/zoom/88B248C453A669F7E350B1DDEC2F3C33.jpg,,,,,,2025-01-22T23:59:59.999999999Z,PROSPECTUS,11,1
1010,5601038300091,240.0,Knorr,"Caldo de galinha 24 cubos, embalagem de 240g",,2.49,10.38,0,kg,€/Kg,,,https://driveimg1.intermarche.com/pt/Content/images/boitmal/produit/zoom/4E25834255892D5C9C1047A286FE9847.jpg,,,,,,2025-01-22T23:59:59.999999999Z,PROSPECTUS,11,1
10858,3023290400111,400.0,Nestlé,"Sobremesa banana/laranja/bolacha, de 4 x 100 g",,1.99,4.98,0,kg,€/Kg,,,https://driveimg1.intermarche.com/pt/Content/images/boitmal/produit/zoom/AA7F3DC46AC09289F6D53195CFF3F502.jpg,,,,,,2025-01-22T23:59:59.999999999Z,PROSPECTUS,11,1
11403,5411188100324,500.0,Alpro,"Yofu com pedaços de mirtilo, embalagem de 4x125g",,2.54,5.08,0,kg,€/Kg,,,https://driveimg1.intermarche.com/pt/Content/images/boitmal/produit/zoom/959AD6E1E1A4574CF66E1AABCA7D1047.jpg,,,,,,2025-01-22T23:59:59.999999999Z,PROSPECTUS,11,1
1189,5601119007987,250.0,Nobre,"Salsichas de porco, lata de 250g",,1.67,6.68,0,kg,€/Kg,,,https://driveimg1.intermarche.com/pt/Content/images/boitmal/produit/zoom/0B023C2ECBDBE7AB09A89A8810925D65.jpg,,,,,,2025-01-22T23:59:59.999999999Z,PROSPECTUS,11,1
1279,5601151123362,1000.0,Bongo,"Néctar de 8 frutos, garrafa de 1l",,1.27,1.27,1000,L,€/L,,,https://driveimg1.intermarche.com/pt/Content/images/boitmal/produit/zoom/DDDD7150C72E25EE2FF7F3F4EC28BE9B.jpg,,,,,,2025-01-22T23:59:59.999999999Z,PROSPECTUS,11,1
12889,2892175000000,150.0,Fruta,Kiwi categoria II,1 un = 150 gr (aprox.),0.52,3.49,0,,€/Kg,,,https://driveimg1.intermarche.com/pt/Content/images/boitmal/produit/zoom/39D74C337E358C98856B0EB2FC79D7A8.jpg,,,,,,2025-01-22T23:59:59.999999999Z,PROSPECTUS,11,1
1307,5601151962152,1000.0,Compal,"Polpa de tomate, embalagem de 1 kg",,2.09,2.09,0,kg,€/Kg,,,https://driveimg1.intermarche.com/pt/Content/images/boitmal/produit/zoom/7F25D2B47A4922FBF9D4F475FD193D2F.jpg,,,,,,2025-01-22T23:59:59.999999999Z,PROSPECTUS,11,1
1310,5601151979969,140.0,Compal,"Compal da horta concentrado tomate, embalagem de 140g",,0.99,7.07,0,kg,€/Kg,,,https://driveimg1.intermarche.com/pt/Content/images/boitmal/produit/zoom/AFB213C2AE47899B42B45E2988A779B7.jpg,,,,,,2025-01-22T23:59:59.999999999Z,PROSPECTUS,11,1
13126,2893105000000,600.0,Peixaria,Dourada de Viveiro,de 600 a 800g,4.37,7.29,0,,€/Kg,,,https://driveimg1.intermarche.com/pt/Content/images/boitmal/produit/zoom/6E8A33BF89ACC347EAD33BE9A6FF5B5C.jpg,,,,,,2025-01-22T23:59:59.999999999Z,PROSPECTUS,11,1
1347,5601170167743,180.0,Vatel,Flôr de sal,Embalagem de 180g,1.59,8.83,0,kg,€/Kg,,,https://driveimg1.intermarche.com/pt/Content/images/boitmal/produit/zoom/EF4C88EA04F040C24B79436492A3A84D.jpg,,,,,,2025-01-22T23:59:59.999999999Z,PROSPECTUS,11,1
13892,2891041000000,1000.0,Porco,Costeletas do Lombo,Vendido ao peso a partir de 1 kg,4.49,4.49,0,,€/Kg,,,https://driveimg1.intermarche.com/pt/Content/images/boitmal/produit/zoom/589E4AFE71E19AF7FEB32FB0C0E176FF.jpg,,,,,,2025-01-22T23:59:59.999999999Z,PROSPECTUS,11,1
14137,5604260302758,250.0,PorSi,Ervilhas cozidas,Embalagem 425 g,0.79,3.16,0,kg,€/Kg,,,https://driveimg1.intermarche.com/pt/Content/images/boitmal/produit/zoom/8E94F2AAC733EB5D413933DD676C8E09.jpg,,,,,,2025-01-22T23:59:59.999999999Z,PROSPECTUS,11,2
14169,5601151734452,1000.0,Compal,"Sumo 100% maçã, 1 litro",,1.35,1.35,1000,L,€/L,,,https://driveimg1.intermarche.com/pt/Content/images/boitmal/produit/zoom/3B7D32B63074578EB7477E7E971C8957.jpg,,,,,,2025-01-22T23:59:59.999999999Z,PROSPECTUS,11,2
14226,5602132656015,500.0,Serramel,Mel rosmaninho 500g,Embalagem de 500G,4.69,9.38,0,kg,€/Kg,,,https://driveimg1.intermarche.com/pt/Content/images/boitmal/produit/zoom/81C953E85A34CFBA4C41A1CB98565D0D.jpg,,,,,,2025-01-22T23:59:59.999999999Z,PROSPECTUS,11,2
1437,5601260046101,1000.0,Saludães,Arroz Carolino,Embalagem de 1 kg,1.39,1.39,0,kg,€/Kg,,,https://driveimg1.intermarche.com/pt/Content/images/boitmal/produit/zoom/844734F94E64C7EE2E76F0FC068B9A4B.jpg,,,,,,2025-01-22T23:59:59.999999999Z,PROSPECTUS,11,2
1438,5601260047108,1000.0,Saludães,Arroz agulha,Embalagem de 1kg,1.35,1.35,0,kg,€/Kg,,,https://driveimg1.intermarche.com/pt/Content/images/boitmal/produit/zoom/B47152EFC4F603CBADD3130829B29F08.jpg,,,,,,2025-01-22T23:59:59.999999999Z,PROSPECTUS,11,2
15013,2892586000000,1000.0,Programa Origens,Couve Roxa,1 un = 1 kg (aprox.),0.89,0.89,0,,€/Kg,,,https://driveimg1.intermarche.com/pt/Content/images/boitmal/produit/zoom/0752C121E89F4808C55CABA6C3E6EA04.jpg,,,,,,2025-01-22T23:59:59.999999999Z,PROSPECTUS,11,2
15800,7613035078369,125.0,Nescafé,"Cappuccino intenso, embalagem de 130g",,2.99,23.92,0,kg,€/Kg,,,https://driveimg1.intermarche.com/pt/Content/images/boitmal/produit/zoom/61DADA7427797DA3A992DAC69018853B.jpg,,,,,,2025-01-22T23:59:59.999999999Z,PROSPECTUS,11,2
16505,8001010085454,280.0,Ponti,"Tomate seco, embalagem de 280g",,2.44,8.71,0,kg,€/Kg,,,https://driveimg1.intermarche.com/pt/Content/images/boitmal/produit/zoom/2298F19E576B3259C716C3773AA1D96D.jpg,,,,,,2025-01-22T23:59:59.999999999Z,PROSPECTUS,11,2
16608,8712561521437,700.0,Cif,"Creme abrasivo limão, de 700 ml",,2.69,3.84,700,L,€/L,,,https://driveimg1.intermarche.com/pt/Content/images/boitmal/produit/zoom/734448B6276EB5C2CFFCEBF5E628AF6D.jpg,,,,,,2025-01-22T23:59:59.999999999Z,PROSPECTUS,11,2
16706,5601260592608,67.0,Cigala,"Noodle banzai carne, embalagem de 70g",,1.09,16.27,0,kg,€/Kg,,,https://driveimg1.intermarche.com/pt/Content/images/boitmal/produit/zoom/82737AEBE736E2B8511494BB15EEB657.jpg,,,,,,2025-01-22T23:59:59.999999999Z,PROSPECTUS,11,2
17149,8436048440393,120.0,Artiach,"Bolacha infantil dinossaurus mini cereais, 120g",,1.49,12.42,0,kg,€/Kg,,,https://driveimg1.intermarche.com/pt/Content/images/boitmal/produit/zoom/1EC8AB1211C60614115937E5C17820A9.jpg,,,,,,2025-01-22T23:59:59.999999999Z,PROSPECTUS,11,2
17402,8412600027233,700.0,Bimbo,Pão forma familiar normal,embalagem de 700 g,1.99,2.84,0,kg,€/Kg,,,https://driveimg1.intermarche.com/pt/Content/images/boitmal/produit/zoom/BD26753EF23D0DF0FDC14FCDC181B902.jpg,,,,,,2025-01-22T23:59:59.999999999Z,PROSPECTUS,11,2
17419,5601119243781,110.0,Nobre,"Peito de frango fatias finas, embalagem de 110g",,2.39,21.73,0,kg,€/Kg,,,https://driveimg1.intermarche.com/pt/Content/images/boitmal/produit/zoom/568E87E8AE328D133D5414163DCC53D1.jpg,,,,,,2025-01-22T23:59:59.999999999Z,PROSPECTUS,11,2
17595,5411188115366,1000.0,Alpro,"Bebida aveia, embalagem de 1 litro",,1.99,1.99,1000,L,€/L,,,https://driveimg1.intermarche.com/pt/Content/images/boitmal/produit/zoom/F5E08DFF719942D46F9D4BF500500435.jpg,,,,,,2025-01-22T23:59:59.999999999Z,PROSPECTUS,11,2
17887,8410104447526,210.0,Air Wick,"Ambientador vela duo exotic baunilha, embalagem de 2x105g",,4.89,23.29,0,kg,€/Kg,,,https://driveimg1.intermarche.com/pt/Content/images/boitmal/produit/zoom/7D7AB5FDCDCE7BE1F7187AA9236F42F9.jpg,,,,,,2025-01-22T23:59:59.999999999Z,PROSPECTUS,11,2
17969,8410104156695,,Air Wick,Recarga ambientador elétrico delícias de verão,,3.59,3.59,1,,€/Unidade,,,https://driveimg1.intermarche.com/pt/Content/images/boitmal/produit/zoom/6FDA4F526BE600B71E3CC2981419E972.jpg,,,,,,2025-01-22T23:59:59.999999999Z,PROSPECTUS,11,2
18296,5604260278428,640.0,PorSi,"Iogurte líquido pinacolada,  4 x 160 g",,1.29,2.02,0,kg,€/Kg,,,https://driveimg1.intermarche.com/pt/Content/images/boitmal/produit/zoom/18CCE0A2A676FEB83BAB491960F20E9E.jpg,,,,,,2025-01-22T23:59:59.999999999Z,PROSPECTUS,11,2
18298,5604260278459,640.0,PorSi,"Iogurte líquido morango,  4 x 160 g",,1.28,2.0,0,kg,€/Kg,,,https://driveimg1.intermarche.com/pt/Content/images/boitmal/produit/zoom/5AA15072FFE4E6E4A9DFE7A08632C5BC.jpg,,,,,,2025-01-22T23:59:59.999999999Z,PROSPECTUS,11,2
18351,8410320029971,80.0,Campofrio,"Salsichão fatiado, embalagem de 80g",,1.59,19.88,0,kg,€/Kg,,,https://driveimg1.intermarche.com/pt/Content/images/boitmal/produit/zoom/C191CA814FABA5218D4DFA0D00F6C92A.jpg,,,,,,2025-01-22T23:59:59.999999999Z,PROSPECTUS,11,2
18618,5601027004870,210.0,Manhãzitos,Manhãzitos -50% açúcares,Embalagem 6x2 unidades,2.44,11.62,0,kg,€/Kg,,,https://driveimg1.intermarche.com/pt/Content/images/boitmal/produit/zoom/08521722BDB8760A47A03446C3145802.jpg,,,,,,2025-01-22T23:59:59.999999999Z,PROSPECTUS,11,2
19664,7613035655782,175.0,Nestlé,"Bebida de cereais e café mokambo intenso, embalagem de 180g",,4.09,23.37,0,kg,€/Kg,,,https://driveimg1.intermarche.com/pt/Content/images/boitmal/produit/zoom/1B5ECD51AB177A7D39D1661129EDF32C.jpg,,,,,,2025-01-22T23:59:59.999999999Z,PROSPECTUS,11,2
19893,5601119250840,160.0,Nobre,"Salsichas de frango, lata de 160g",,1.79,11.19,0,kg,€/Kg,,,https://driveimg1.intermarche.com/pt/Content/images/boitmal/produit/zoom/9BC7CEDE7731E65B0F588C346A868820.jpg,,,,,,2025-01-22T23:59:59.999999999Z,PROSPECTUS,11,2
20221,8410500020071,460.0,Danone,"Iogurte activia aveia nozes, embalagem de 4 x 120g",,2.39,5.2,0,kg,€/Kg,,,https://driveimg1.intermarche.com/pt/Content/images/boitmal/produit/zoom/95DB5CF2D3415DECF98AD16FB13B5950.jpg,,,,,,2025-01-22T23:59:59.999999999Z,PROSPECTUS,11,2
20438,5601119250833,160.0,Nobre,"Salsichas de peru, lata de 160g",,1.79,11.19,0,kg,€/Kg,,,https://driveimg1.intermarche.com/pt/Content/images/boitmal/produit/zoom/80BBF28730DB663941EA7F0C7476DA2E.jpg,https://driveimg1.intermarche.com/pt/Content/images/boitmal/produit/zoom/01A1F1801A838AF8D0A446CB4DE55577.jpg,,,,,2025-01-22T23:59:59.999999999Z,PROSPECTUS,11,2
2082,5604260193684,1000.0,PorSi,Néctar light de manga/laranja prism,Embalagem de 1 l,0.99,0.99,1000,L,€/L,,,https://driveimg1.intermarche.com/pt/Content/images/boitmal/produit/zoom/83DE932D275A10A77BD1B0996587BA04.jpg,,,,,,2025-01-22T23:59:59.999999999Z,PROSPECTUS,11,2
20967,5601027002593,175.0,Manhãzitos,5 manhãzitos choco chips,Embalagem de 175 g,2.24,12.8,0,kg,€/Kg,,,https://driveimg1.intermarche.com/pt/Content/images/boitmal/produit/zoom/6EB4FB571FE310CEFF50998F54BCFA17.jpg,,,,,,2025-01-22T23:59:59.999999999Z,PROSPECTUS,11,2
20988,5601260593605,67.0,Cigala,"Noodle banzai galinha, embalagem de 70g",,1.09,16.27,0,kg,€/Kg,,,https://driveimg1.intermarche.com/pt/Content/images/boitmal/produit/zoom/71C67AA9B3CABECA513D8BECB737982E.jpg,,,,,,2025-01-22T23:59:59.999999999Z,PROSPECTUS,11,2
2203,5604260265053,600.0,PorSi,"Postas pescada nº3, para fritar",Embalagem de 600 g,4.29,7.15,0,kg,€/Kg,,Tipo de stockagem,https://driveimg1.intermarche.com/pt/Content/images/boitmal/produit/zoom/7A77B7539C8308C7CB11C2AB6DA1EAAE.jpg,,,,,,2025-01-22T23:59:59.999999999Z,PROSPECTUS,11,2
22232,8410320104500,80.0,Campofrio,"Salame fatiado, embalagem de 80g",,1.59,19.88,0,kg,€/Kg,,,https://driveimg1.intermarche.com/pt/Content/images/boitmal/produit/zoom/B989DC79BAD10F2BF93E42F2FFD0E3D8.jpg,,,,,,2025-01-22T23:59:59.999999999Z,PROSPECTUS,11,2
22942,5604260280957,130.0,PorSi Viva Bem,Tortitas de milho com sal,Embalagem de 130g,0.79,6.08,0,kg,€/Kg,,,https://driveimg1.intermarche.com/pt/Content/images/boitmal/produit/zoom/562B6DCDAFB6B157FF55E2CE5C354748.jpg,,,,,,2025-01-22T23:59:59.999999999Z,PROSPECTUS,11,2
22943,5604260280964,130.0,PorSi Viva Bem,Tortitas de milho sem sal,Embalagem de 130g,0.79,6.08,0,kg,€/Kg,,,https://driveimg1.intermarche.com/pt/Content/images/boitmal/produit/zoom/E24B7AB652120DBF2BA68756AF0B6F0B.jpg,,,,,,2025-01-22T23:59:59.999999999Z,PROSPECTUS,11,2
23353,5000116112197,375.0,Capitão Iglo,"18 nuggets de frango, embalagem de 380g",,4.99,13.31,0,kg,€/Kg,,Tipo de stockagem,https://driveimg1.intermarche.com/pt/Content/images/boitmal/produit/zoom/F26C89B365D9DC17E138C74AB049DE6B.jpg,,,,,,2025-01-22T23:59:59.999999999Z,PROSPECTUS,11,2
24586,3600541946293,400.0,Garnier,Condicionador Ultra Suave abacate,Embalagem de 400 ml,5.89,14.73,400,L,€/L,,,https://driveimg1.intermarche.com/pt/Content/images/boitmal/produit/zoom/BD38900C3DFE3A9574382D078DA54518.jpg,,,,,,2025-01-22T23:59:59.999999999Z,PROSPECTUS,11,2
24673,5604321002078,400.0,Cemporcento,"Flocos de aveia finos integrais, embalagem de 400g",,0.89,2.23,0,kg,€/Kg,,,https://driveimg1.intermarche.com/pt/Content/images/boitmal/produit/zoom/60772B8F5BA1FBFBDAC178A799C47D3C.jpg,,,,,,2025-01-22T23:59:59.999999999Z,PROSPECTUS,11,2
2518,7613033814693,400.0,Nestlé,"Fruta para bebé 7 frutos +6 meses, embalagem de 4 x 100g",,2.09,5.23,0,kg,€/Kg,,,https://driveimg1.intermarche.com/pt/Content/images/boitmal/produit/zoom/18CF4010C8E037B64FBADB6A5A35AF8F.jpg,,,,,,2025-01-22T23:59:59.999999999Z,PROSPECTUS,11,2
2549,7613034717931,200.0,Nestlé,"Chocolate culinário, embalagem de 200g",,1.86,9.3,0,kg,€/Kg,,,https://driveimg1.intermarche.com/pt/Content/images/boitmal/produit/zoom/3B153FC5DBA6E54FFCBD8019E97BAF3D.jpg,,,,,,2025-01-22T23:59:59.999999999Z,PROSPECTUS,11,2
25513,8410063074924,320.0,Pescanova,"4 filetes de pescada tipo caseiro sem gluten, embalagem com 320 g",,3.79,11.84,0,kg,€/Kg,,Tipo de stockagem,https://driveimg1.intermarche.com/pt/Content/images/boitmal/produit/zoom/223B86A64722EA649978D9F45EF21399.jpg,,,,,,2025-01-22T23:59:59.999999999Z,PROSPECTUS,11,2
25814,8426617003432,75.0,Haribo,"Gomas spaghetti pica morango, 80g",,1.04,13.87,0,kg,€/Kg,,,https://driveimg1.intermarche.com/pt/Content/images/boitmal/produit/zoom/ECC50F272383CBD21A151AB497C2D431.jpg,,,,,,2025-01-22T23:59:59.999999999Z,PROSPECTUS,11,2
26061,5601082041735,220.0,Delta,Café moagem universal angola,Embalagem de 220g,3.09,14.05,0,kg,€/Kg,,,https://driveimg1.intermarche.com/pt/Content/images/boitmal/produit/zoom/5D337D3866314BE280A581C05FCA725F.jpg,,,,,,2025-01-22T23:59:59.999999999Z,PROSPECTUS,11,2
26635,8434165488663,210.0,Cuétara,"Sortido, 210g",,2.49,11.86,0,kg,€/Kg,,,https://driveimg1.intermarche.com/pt/Content/images/boitmal/produit/zoom/720A8963BF780410123ECF0FDCF44FC1.jpg,,,,,,2025-01-22T23:59:59.999999999Z,PROSPECTUS,11,2
2784,8410199021137,160.0,Ruffles,"Batata frita, embalagem de 160 g",,1.39,8.69,0,kg,€/Kg,,,https://driveimg1.intermarche.com/pt/Content/images/boitmal/produit/zoom/99D56823BC057150117915B487192BF1.jpg,,,,,,2025-01-22T23:59:59.999999999Z,PROSPECTUS,11,2
28663,8714789135243,,Colgate,"Escova dentífrica zig zag média, 2 + 1 grátis",,2.99,2.99,3,,€/Unidade,,,https://driveimg1.intermarche.com/pt/Content/images/boitmal/produit/zoom/A98EEC746993A1476711372655871B9C.jpg,,,,,,2025-01-22T23:59:59.999999999Z,PROSPECTUS,11,2
29967,8410104888169,,Air Wick,Recarga ambientador automático lavanda,,4.99,4.99,1,,€/Unidade,,,https://driveimg1.intermarche.com/pt/Content/images/boitmal/produit/zoom/FEE7BF6FFDD6AEEB8488E6103005BF64.jpg,,,,,,2025-01-22T23:59:59.999999999Z,PROSPECTUS,11,2
30348,3600524029920,400.0,Elvive,Champô Hidra Hialurónico,400 ml,3.94,9.85,400,L,€/L,,,https://driveimg1.intermarche.com/pt/Content/images/boitmal/produit/zoom/00D7F464F5357E3A8D0AC719ED012FCF.jpg,,,,,,2025-01-22T23:59:59.999999999Z,PROSPECTUS,11,2
31516,8435257039107,1280.0,Nestlé,"Yoggi liquido morango, embalagem de 8x160g",,3.89,3.04,0,kg,€/Kg,,,https://driveimg1.intermarche.com/pt/Content/images/boitmal/produit/zoom/919C3780A665F064AD1803A3631A5911.jpg,,,,,,2025-01-22T23:59:59.999999999Z,PROSPECTUS,11,2
31576,8008698024188,250.0,Schar,Schär pão rústico fatiado sem glúten,Embalagem de 250g,2.99,11.96,0,kg,€/Kg,,,https://driveimg1.intermarche.com/pt/Content/images/boitmal/produit/zoom/B45C3E3B1D2C6ED89028C1D52D629213.jpg,,,,,,2025-01-22T23:59:59.999999999Z,PROSPECTUS,11,2
35652,5603722517440,750.0,Mimosa,"Bebida cálcio sem lactose + proteína, embalagem de 3 x 250 ml",,2.69,3.59,750,L,€/L,,,https://driveimg1.intermarche.com/pt/Content/images/boitmal/produit/zoom/3BF01E4C848A88E512E9DE591C8608E4.jpg,https://driveimg1.intermarche.com/pt/Content/images/boitmal/produit/zoom/125C9D1092125B3BF7F626465A710366.jpg,https://driveimg1.intermarche.com/pt/Content/images/boitmal/produit/zoom/D55403D07574DB9841CBC2E986BD092B.jpg,https://driveimg1.intermarche.com/pt/Content/images/boitmal/produit/zoom/9CE43F9767873E3B88A8F371593A237D.jpg,,,2025-01-22T23:59:59.999999999Z,PROSPECTUS,11,2
35749,5603722509667,800.0,Mimosa,"Leite bem essencial chocolate , embalagem de 4 x 200 ml",,1.69,2.11,800,L,€/L,,,https://driveimg1.intermarche.com/pt/Content/images/boitmal/produit/zoom/66BA85F80F98E7331B63BC3D4684C6AC.jpg,,,,,,2025-01-22T23:59:59.999999999Z,PROSPECTUS,11,2
35884,7613036886536,400.0,Yogolino,Yogolino morango banana 0% açúcares adicionados 4x100g,Embalagem de 400g,2.19,5.48,0,kg,€/Kg,,,https://driveimg1.intermarche.com/pt/Content/images/boitmal/produit/zoom/7807C1DC6FDB66074A291996AEB79A89.jpg,,,,,,2025-01-22T23:59:59.999999999Z,PROSPECTUS,11,2
35983,5601027972735,700.0,Bimbo,Pão de forma torradas familiares,Embalagem de 700 g,1.99,2.84,0,kg,€/Kg,,,https://driveimg1.intermarche.com/pt/Content/images/boitmal/produit/zoom/6F4E1280EFC32C3DD99C945770A284F8.jpg,,,,,,2025-01-22T23:59:59.999999999Z,PROSPECTUS,11,2
36772,5604260300471,31.0,PorSi,Gelatina melancia 0% açúcar,Embalagem de 31 g,0.97,31.29,0,kg,€/Kg,,,https://driveimg1.intermarche.com/pt/Content/images/boitmal/produit/zoom/1D870FF079289AF0E590E4205DEE946B.jpg,,,,,,2025-01-22T23:59:59.999999999Z,PROSPECTUS,11,2
36898,5604260283330,150.0,PorSi Viva Bem,Sementes de chia,Embalagem de 150 g,1.12,7.47,0,kg,€/Kg,,,https://driveimg1.intermarche.com/pt/Content/images/boitmal/produit/zoom/A6D637610619A091E79E344FF6715B60.jpg,,,,,,2025-01-22T23:59:59.999999999Z,PROSPECTUS,11,2
37923,5604260300990,1000.0,PorSi Viva Bem,Bebida de Amêndoa,1 litro,1.25,1.25,1000,L,€/L,,,https://driveimg1.intermarche.com/pt/Content/images/boitmal/produit/zoom/74B05726BD16B03D5A528D4778757940.jpg,,,,,,2025-01-22T23:59:59.999999999Z,PROSPECTUS,11,2
38557,5601027004764,315.0,Manhãzitos,Manhãzitos® planetus 9x2 un.,Embalagem de 315g,2.94,9.33,0,kg,€/Kg,,,https://driveimg1.intermarche.com/pt/Content/images/boitmal/produit/zoom/C011546637B7E58FA3E5267C7A9C6DFA.jpg,,,,,,2025-01-22T23:59:59.999999999Z,PROSPECTUS,11,2
38984,5604321002023,375.0,Cemporcento,Granola + classica,Embalagem de 375g,1.85,4.93,0,kg,€/Kg,,,https://driveimg1.intermarche.com/pt/Content/images/boitmal/produit/zoom/320FD9F3923F43C55B877C9877492EAE.jpg,,,,,,2025-01-22T23:59:59.999999999Z,PROSPECTUS,11,2
39663,5604321030408,400.0,Cemporcento,"Quinoa real em grão, 400g",,2.19,5.48,0,kg,€/Kg,,,https://driveimg1.intermarche.com/pt/Content/images/boitmal/produit/zoom/8F39D115D0A6FD4970FBB367BD46355D.jpg,,,,,,2025-01-22T23:59:59.999999999Z,PROSPECTUS,11,2
40544,5604260302031,1000.0,PorSi,Néctar de laranja e cenoura light,Embalagem de 1 litro,1.29,1.29,1000,L,€/L,,,https://driveimg1.intermarche.com/pt/Content/images/boitmal/produit/zoom/90AD6663D670ADD8591F162E05082447.jpg,,,,,,2025-01-22T23:59:59.999999999Z,PROSPECTUS,11,2
40583,5604260302741,850.0,PorSi,Ervilhas cozidas,Embalagem 850 g,1.39,1.64,0,kg,€/Kg,,,https://driveimg1.intermarche.com/pt/Content/images/boitmal/produit/zoom/673934E15CAE22B3EBBBEBEB80EAEF0A.jpg,,,,,,2025-01-22T23:59:59.999999999Z,PROSPECTUS,11,2
40592,5603722519420,480.0,Mimosa,"Iogurte fruta batida banana, laranja e bolacha, 4 x 120 g",,1.69,3.52,0,kg,€/Kg,,,https://driveimg1.intermarche.com/pt/Content/images/boitmal/produit/zoom/3DD4F4ED13036BE4F0A8D47DB404A192.jpg,,,,,,2025-01-22T23:59:59.999999999Z,PROSPECTUS,11,2
40594,5603722519468,480.0,Mimosa,"Iogurte fruta batida banana e morango, 4 x 120 g",,1.69,3.52,0,kg,€/Kg,,,https://driveimg1.intermarche.com/pt/Content/images/boitmal/produit/zoom/783BF0B8040C15143355DB1E8A912AD4.jpg,,,,,,2025-01-22T23:59:59.999999999Z,PROSPECTUS,11,2
41714,5604260307746,750.0,PorSi Viva Bem,"Iogurte natural 0%,  6 x 125 g",,1.24,1.65,0,kg,€/Kg,,,https://driveimg1.intermarche.com/pt/Content/images/boitmal/produit/zoom/6F36834B96B5F12A8DC2C812AED78D88.jpg,,,,,,2025-01-22T23:59:59.999999999Z,PROSPECTUS,11,2
41774,5604260306718,160.0,PorSi,"Iogurte líquido melão/melancia ,  4x160 ml",,1.29,8.06,160,L,€/L,,,https://driveimg1.intermarche.com/pt/Content/images/boitmal/produit/zoom/31AEBAAA540739B5D42651F7D28CCD67.jpg,,,,,,2025-01-22T23:59:59.999999999Z,PROSPECTUS,11,2
433,8722700086703,80.0,Knorr,"Caldo para arroz 8 cubos, embalagem de 80g",,1.49,18.63,0,kg,€/Kg,,,https://driveimg1.intermarche.com/pt/Content/images/boitmal/produit/zoom/86EF0F3A35369BBBB925F997B7F539F0.jpg,,,,,,2025-01-22T23:59:59.999999999Z,PROSPECTUS,11,2
43462,5604260310104,3000.0,Selecção de Enófilos,Vinho Regional Alentejano Tinto,Bag-in-box de 3 litros,4.99,1.66,3000,L,€/L,,,https://driveimg1.intermarche.com/pt/Content/images/boitmal/produit/zoom/53FADA83AC2F295204C7449D670813D4.jpg,,,,,,2025-01-22T23:59:59.999999999Z,PROSPECTUS,11,2
43626,5604260302765,500.0,PorSi,Creme vegetal líquido cozinha,Garrafa de 500 ml,1.69,3.38,500,L,€/L,,,https://driveimg1.intermarche.com/pt/Content/images/boitmal/produit/zoom/035BBBF1C7A90921F0F76A66CFD2D6A5.jpg,,,,,,2025-01-22T23:59:59.999999999Z,PROSPECTUS,11,2
44716,5600961109689,250.0,Prozis,"Manteiga de amendoim crocante, 250g",,2.49,9.96,0,kg,€/Kg,,,https://driveimg1.intermarche.com/pt/Content/images/boitmal/produit/zoom/E30480D83856A991B8DDEB5DD0E60694.jpg,,,,,,2025-01-22T23:59:59.999999999Z,PROSPECTUS,11,2
44809,7613035593756,1000.0,Nesquik,"Achocolatado em saco, embalagem de 1 kg",,5.59,5.59,0,kg,€/Kg,,,https://driveimg1.intermarche.com/pt/Content/images/boitmal/produit/zoom/B72BED7B45B21CF0D0F77A499251A582.jpg,,,,,,2025-01-22T23:59:59.999999999Z,PROSPECTUS,11,2
44914,5601119345379,160.0,Nobre,"Vegalia especialidade vegetariana de soja, lata com 8 unidades",,2.09,13.06,0,kg,€/Kg,,,https://driveimg1.intermarche.com/pt/Content/images/boitmal/produit/zoom/8AC478A6669D2DB4609CB7280CA417C4.jpg,,,,,,2025-01-22T23:59:59.999999999Z,PROSPECTUS,11,2
45675,5604260311620,130.0,PorSi Bio,Tortitas arroz bio,Embalagem de 130g,1.29,9.92,0,kg,€/Kg,,Produtos Bio,https://driveimg1.intermarche.com/pt/Content/images/boitmal/produit/zoom/7D4E57EB607C957038F66E2D353FFB30.jpg,,,,,,2025-01-22T23:59:59.999999999Z,PROSPECTUS,11,2
4683,5000116102112,284.0,Iglo green,"10 douradinhos vegetais, embalagem de 280g",,1.99,7.01,0,kg,€/Kg,,Tipo de stockagem,https://driveimg1.intermarche.com/pt/Content/images/boitmal/produit/zoom/9647FA42094BBF886BD913E723EFD96A.jpg,,,,,,2025-01-22T23:59:59.999999999Z,PROSPECTUS,11,2
47034,8714100827666,160.0,Knorr,"Caldo galinha receita económica, embalagem de 160g",,1.29,8.06,0,kg,€/Kg,,,https://driveimg1.intermarche.com/pt/Content/images/boitmal/produit/zoom/54D2297B42302C9BEB14DE9BF8F6F3CF.jpg,,,,,,2025-01-22T23:59:59.999999999Z,PROSPECTUS,11,2
47108,7616100952021,170.0,Nestlé,"Creme de Leite, 170g",,2.14,12.59,0,kg,€/Kg,,,https://driveimg1.intermarche.com/pt/Content/images/boitmal/produit/zoom/F25DF165524A2CFEB905BC02C7E086BA.jpg,,,,,,2025-01-22T23:59:59.999999999Z,PROSPECTUS,11,2
48010,7613287371157,80.0,Felix,Comida Húmida Gato Tasty Shreds Salmão/Atum,Embalagem de 4 x 80 g,2.24,28.0,0,kg,€/Kg,,,https://driveimg1.intermarche.com/pt/Content/images/boitmal/produit/zoom/64CB1D2A808051580AA0B8B03CC6E1AA.jpg,,,,,,2025-01-22T23:59:59.999999999Z,PROSPECTUS,11,2
48345,5604260318414,150.0,PorSi Viva Bem,Queijo gouda fatias 0% lactose,Embalagem de 150g,1.79,11.93,0,kg,€/Kg,,,https://driveimg1.intermarche.com/pt/Content/images/boitmal/produit/zoom/22C952CD8FFE4AA93EF3C9EB4961E5EF.jpg,,,,,,2025-01-22T23:59:59.999999999Z,PROSPECTUS,11,2
48476,5604260323012,400.0,PorSi,Comida húmida para gato júnior,Embalagem de 4 x 100 g,1.89,4.73,0,kg,€/Kg,,,https://driveimg1.intermarche.com/pt/Content/images/boitmal/produit/zoom/132F1547DAD16000C7A850DD746706C0.jpg,,,,,,2025-01-22T23:59:59.999999999Z,PROSPECTUS,11,2
486,3036810207589,210.0,Maille,"Mostarda ancienne, embalagem de 210g",,3.19,15.19,0,kg,€/Kg,,,https://driveimg1.intermarche.com/pt/Content/images/boitmal/produit/zoom/21321CE8B270938C70FEB95F0D4FC3D1.jpg,https://driveimg1.intermarche.com/pt/Content/images/boitmal/produit/zoom/284EA0283DB9A2BF80F56C4DF343C743.jpg,https://driveimg1.intermarche.com/pt/Content/images/boitmal/produit/zoom/284EA0283DB9A2BF80F56C4DF343C743.jpg,https://driveimg1.intermarche.com/pt/Content/images/boitmal/produit/zoom/284EA0283DB9A2BF80F56C4DF343C743.jpg,,,2025-01-22T23:59:59.999999999Z,PROSPECTUS,11,2
49232,5604260324941,,PorSi,"Caixa 2 em 1 vidro quadrada, capacidade 800 ml",,4.99,4.99,0,,€/Unidade,,,https://driveimg1.intermarche.com/pt/Content/images/boitmal/produit/zoom/2F37CD2BEB8775DA33FF714F283A4047.jpg,,,,,,2025-01-22T23:59:59.999999999Z,PROSPECTUS,11,2
49307,5601151969656,1000.0,Compal,"Sumo 100% fruta multifrutos, 1litro",,1.35,1.35,1000,L,€/L,,,https://driveimg1.intermarche.com/pt/Content/images/boitmal/produit/zoom/81AB3775D436693BA0618754D9327208.jpg,,,,,,2025-01-22T23:59:59.999999999Z,PROSPECTUS,11,2
49380,5604260323586,150.0,PorSi,Tiras de bacon 2x75g,Embalagem de 150g,2.49,16.6,0,kg,€/Kg,,,https://driveimg1.intermarche.com/pt/Content/images/boitmal/produit/zoom/A8AE56D02AE6E3AFC7E2E0A4B49E59D7.jpg,,,,,,2025-01-22T23:59:59.999999999Z,PROSPECTUS,11,2
49401,5411188133759,400.0,Alpro,"Soja ananás maracujá sem açúcar, de 400g",,2.54,6.35,0,kg,€/Kg,,,https://driveimg1.intermarche.com/pt/Content/images/boitmal/produit/zoom/6CB78C52A4573023DA315831A2A03ACB.jpg,,,,,,2025-01-22T23:59:59.999999999Z,PROSPECTUS,11,2
49460,7613287300362,99.0,Nescafé,Café Buondi Intensidade 8,16 cápsulas,4.99,50.4,0,kg,€/Kg,,,https://driveimg1.intermarche.com/pt/Content/images/boitmal/produit/zoom/E4BCDB4A1998B45DA9767B093A961A1E.jpg,,,,,,2025-01-22T23:59:59.999999999Z,PROSPECTUS,11,2
49542,5604260323906,1000.0,PorSi Viva Bem,Bebida de amêndoa s/ açúcar,Embalagem de 1 litro,1.35,1.35,1000,L,€/L,,,https://driveimg1.intermarche.com/pt/Content/images/boitmal/produit/zoom/F89BE6092FFDF79437CA524ACE479BA7.jpg,,,,,,2025-01-22T23:59:59.999999999Z,PROSPECTUS,11,2
49621,5604260320578,800.0,PorSi,Creme de Cenoura,800 g,2.49,3.11,0,kg,€/Kg,,,https://driveimg1.intermarche.com/pt/Content/images/boitmal/produit/zoom/2DC1D716E236CAAE7BC4DC70EF7BDC83.jpg,,,,,,2025-01-22T23:59:59.999999999Z,PROSPECTUS,11,2
49622,5604260323197,800.0,PorSi,Sopa de Agrião,800 g,2.49,3.11,0,kg,€/Kg,,,https://driveimg1.intermarche.com/pt/Content/images/boitmal/produit/zoom/4085BBAFBD74C088C8D8DFDF12A0C201.jpg,,,,,,2025-01-22T23:59:59.999999999Z,PROSPECTUS,11,2
5036,5601028012164,,Renova,"Papel higiénico compacto, extra xxl, 6 rolos",Uma embalagem,2.96,2.96,0,,€/Unidade,,,https://driveimg1.intermarche.com/pt/Content/images/boitmal/produit/zoom/9367736D84791631B6A81B574D2BBA50.jpg,https://driveimg1.intermarche.com/pt/Content/images/boitmal/produit/zoom/1F9398A5B85712D9E30015F112CCAF6E.jpg,https://driveimg1.intermarche.com/pt/Content/images/boitmal/produit/zoom/84ED764CBC37072F87BD089140194A37.jpg,,,,2025-01-22T23:59:59.999999999Z,PROSPECTUS,11,2
50378,7613031300655,375.0,Nestlé,"Cereais Nestlé Multicheerios, 375g",,3.74,9.97,0,kg,€/Kg,,,https://driveimg1.intermarche.com/pt/Content/images/boitmal/produit/zoom/8274ECF7D20252BA262D6F0987D5E737.jpg,,,,,,2025-01-22T23:59:59.999999999Z,PROSPECTUS,11,2
50393,5411188136613,1000.0,Alpro,"Bebida de aveia not milk clássica vegan, de 1 l",,1.99,1.99,1000,L,€/L,,,https://driveimg1.intermarche.com/pt/Content/images/boitmal/produit/zoom/6821B4EC371AD517DBE48650010725D9.jpg,,,,,,2025-01-22T23:59:59.999999999Z,PROSPECTUS,11,2
50405,8445290489173,900.0,Cerelac,Papa Infantil + 6 meses,Embalagem de 900g,6.29,6.99,0,kg,€/Kg,,,https://driveimg1.intermarche.com/pt/Content/images/boitmal/produit/zoom/0A70BA4758F3FECE6D5BDD328F2D5826.jpg,,,,,,2025-01-22T23:59:59.999999999Z,PROSPECTUS,11,2
50601,5601082053561,220.0,Delta,Café Moagem Universal Ritual,Embalagem de 220g,2.59,11.77,0,kg,€/Kg,,,https://driveimg1.intermarche.com/pt/Content/images/boitmal/produit/zoom/A70BF1149BAF3B16F9194947D8DA1DC7.jpg,,,,,,2025-01-22T23:59:59.999999999Z,PROSPECTUS,11,2
50954,8006540767689,,Fairy,Detergente Loiça Máquina Ultra,53 pastilhas,13.99,13.99,0,,€/Unidade,,,https://driveimg1.intermarche.com/pt/Content/images/boitmal/produit/zoom/B8715491007747823440062BA929A0DC.jpg,,,,,,2025-01-22T23:59:59.999999999Z,PROSPECTUS,11,2
51057,8006540833230,650.0,Fairy,Detergente líquido manual loiça ultra power limão,Embalagem de 650 ml,3.59,5.52,650,L,€/L,,,https://driveimg1.intermarche.com/pt/Content/images/boitmal/produit/zoom/D26E78A01D97299C997A1460F04E3378.jpg,,,,,,2025-01-22T23:59:59.999999999Z,PROSPECTUS,11,2
51066,5604260324316,250.0,PorSi Viva Bem,"Queijo fundido light, 250g",,2.19,8.76,0,kg,€/Kg,,,https://driveimg1.intermarche.com/pt/Content/images/boitmal/produit/zoom/88F63BC05D9FDBD7CBBF37390F91DC98.jpg,,,,,,2025-01-22T23:59:59.999999999Z,PROSPECTUS,11,2
51182,5601217137272,720.0,Quanto,"Perfumador de roupa rosa, 36 doses",,3.49,4.85,720,L,€/L,,,https://driveimg1.intermarche.com/pt/Content/images/boitmal/produit/zoom/49C27F970394771F7D0DE5ACF0C1EA92.jpg,,,,,,2025-01-22T23:59:59.999999999Z,PROSPECTUS,11,2
51322,8720608014231,34.0,Lipton,"20 saquetas chá de manga e groselha preta, 20 g",,2.09,61.47,0,kg,€/Kg,,,https://driveimg1.intermarche.com/pt/Content/images/boitmal/produit/zoom/E586BFB900AA6B45FA4CA8012C492CC2.jpg,https://driveimg1.intermarche.com/pt/Content/images/boitmal/produit/zoom/54670F288113566CC397FD3E7B1EF07C.jpg,https://driveimg1.intermarche.com/pt/Content/images/boitmal/produit/zoom/54670F288113566CC397FD3E7B1EF07C.jpg,,,,2025-01-22T23:59:59.999999999Z,PROSPECTUS,11,2
51403,5604260325689,1000.0,PorSi,"Vinagre de limpeza, 1 litrp",,0.95,0.95,1000,L,€/L,,,https://driveimg1.intermarche.com/pt/Content/images/boitmal/produit/zoom/D97716AE40F4384225AEA397971D7BFD.jpg,,,,,,2025-01-22T23:59:59.999999999Z,PROSPECTUS,11,2
52302,3600542512428,400.0,Garnier,Champô Ultra Suave Carvão,Embalagem de 400ml,5.89,14.73,400,L,€/L,,Produtos Bio,https://driveimg1.intermarche.com/pt/Content/images/boitmal/produit/zoom/C53BE5FF3815607BB10E6D7A8D669C09.jpg,,,,,,2025-01-22T23:59:59.999999999Z,PROSPECTUS,11,2
52601,5601217137944,1710.0,Quanto,"Amaciador roupa concentrado rubi e jasmim, 95 doses",,3.99,2.33,1710,L,€/L,,,https://driveimg1.intermarche.com/pt/Content/images/boitmal/produit/zoom/F98E5B67EBAD53610C2B7527547160F8.jpg,,,,,,2025-01-22T23:59:59.999999999Z,PROSPECTUS,11,2
5272,5601164902312,4800.0,Super Bock,"Cerveja com álcool, pack 24 x 0.20 l",,9.99,2.08,4800,L,€/L,,,https://driveimg1.intermarche.com/pt/Content/images/boitmal/produit/zoom/A98E5FF8E5DDF166F2B333F0EE0114E7.jpg,https://driveimg1.intermarche.com/pt/Content/images/boitmal/produit/zoom/C2C2858ADC421F33AF17C6115D108100.jpg,,,,,2025-01-22T23:59:59.999999999Z,PROSPECTUS,11,2
52765,5604260331154,330.0,PorSi Viva Bem,"Bebida Láctea Proteica Chocolate, 330ml",,1.48,4.48,330,L,€/L,,,https://driveimg1.intermarche.com/pt/Content/images/boitmal/produit/zoom/1C471BF63768607271959BB4C58D5BB7.jpg,,,,,,2025-01-22T23:59:59.999999999Z,PROSPECTUS,11,2
52786,5900020043481,310.0,Nestlé,"Cereais Protein Fitness 0% Cacau, 310g",,2.99,9.65,0,kg,€/Kg,,,https://driveimg1.intermarche.com/pt/Content/images/boitmal/produit/zoom/619233658842A9E70E868A5A69A9679E.jpg,,,,,,2025-01-22T23:59:59.999999999Z,PROSPECTUS,11,2
52880,8719200267794,450.0,Becel,"Creme vegetal de barrar com sabor a manteiga, 450g",,2.99,6.64,0,kg,€/Kg,,,https://driveimg1.intermarche.com/pt/Content/images/boitmal/produit/zoom/E2EFE8BE5E96AF9FCA9D840059BF696C.jpg,https://driveimg1.intermarche.com/pt/Content/images/boitmal/produit/zoom/287D301C66C180312FAA8A3BAE7EA710.jpg,https://driveimg1.intermarche.com/pt/Content/images/boitmal/produit/zoom/287D301C66C180312FAA8A3BAE7EA710.jpg,https://driveimg1.intermarche.com/pt/Content/images/boitmal/produit/zoom/287D301C66C180312FAA8A3BAE7EA710.jpg,,,2025-01-22T23:59:59.999999999Z,PROSPECTUS,11,3
52920,0000059095842,50.0,Dove,"Desodorizante Roll On Advanced Original, 50ml",,2.99,59.8,50,L,€/L,,,https://driveimg1.intermarche.com/pt/Content/images/boitmal/produit/zoom/2183AEDEDCEDF4209F45853BE608CFF9.jpg,,,,,,2025-01-22T23:59:59.999999999Z,PROSPECTUS,11,3
53050,8445290554468,28.0,Nestlé,"Snack Para Bebé Puffs Milho, 28g",,1.09,38.93,0,kg,€/Kg,,,https://driveimg1.intermarche.com/pt/Content/images/boitmal/produit/zoom/B311B1AFD7EA9708AD65723EF9E33A76.jpg,,,,,,2025-01-22T23:59:59.999999999Z,PROSPECTUS,11,3
53232,8445290759207,600.0,Nesquik,"Achocolatado em Pó, 600g",,4.65,7.75,0,kg,€/Kg,,,https://driveimg1.intermarche.com/pt/Content/images/boitmal/produit/zoom/8142D9ABDD247C983EB9286F596F2E87.jpg,https://driveimg1.intermarche.com/pt/Content/images/boitmal/produit/zoom/1E8F61743B1B3F44416834AAF4EBE584.jpg,https://driveimg1.intermarche.com/pt/Content/images/boitmal/produit/zoom/1E8F61743B1B3F44416834AAF4EBE584.jpg,https://driveimg1.intermarche.com/pt/Content/images/boitmal/produit/zoom/1E8F61743B1B3F44416834AAF4EBE584.jpg,,,2025-01-22T23:59:59.999999999Z,PROSPECTUS,11,3
53561,8006540836255,,Dodot,"Toalhitas Bebé Aqua Pure 0% Plástico, 144 unidades",,4.79,4.79,144,,€/Unidade,,,https://driveimg1.intermarche.com/pt/Content/images/boitmal/produit/zoom/5657565D45492F867B39202DCD30D576.jpg,,,,,,2025-01-22T23:59:59.999999999Z,PROSPECTUS,11,3
53718,7702018621293,200.0,Gillette,Espuma de Barbear Classic Pele Sensível,Embalagem de 200ml,3.19,15.95,200,L,€/L,,,https://driveimg1.intermarche.com/pt/Content/images/boitmal/produit/zoom/AECA50BE2C68E45EF5F78DD68AE12EE9.jpg,,,,,,2025-01-22T23:59:59.999999999Z,PROSPECTUS,11,3
5381,5601241211108,3000.0,Vimeiro,"Água com gás, pack 6 x 0.5 l",,3.39,1.13,3000,L,€/L,,,https://driveimg1.intermarche.com/pt/Content/images/boitmal/produit/zoom/15F9809E2F54580FC817CB1E69CAFC1D.jpg,,,,,,2025-01-22T23:59:59.999999999Z,PROSPECTUS,11,3
54537,8700216323154,,Fairy,"Detergente Máquina Loiça Pastilhas Original Tudo em 1 Limão, 41D",,9.98,9.98,0,,€/Unidade,,,https://driveimg1.intermarche.com/pt/Content/images/boitmal/produit/zoom/2B102A42507542D79E488629773354F9.jpg,,,,,,2025-01-22T23:59:59.999999999Z,PROSPECTUS,11,3
54656,5604260332427,120.0,PorSi,"Saqueta de Fruta - Pêssego, Pera, Banana e Chia, 120g",,0.89,7.42,0,kg,€/Kg,,,https://driveimg1.intermarche.com/pt/Content/images/boitmal/produit/zoom/61A4AB6FCBDDAD69BF2D5F5E5BEB3709.jpg,,,,,,2025-01-22T23:59:59.999999999Z,PROSPECTUS,11,3
54657,5604260332434,120.0,PorSi,"Saqueta de Fruta - Maçã, Pêssego, Pera, Banana e Aveia, 120g",,0.89,7.42,0,kg,€/Kg,,,https://driveimg1.intermarche.com/pt/Content/images/boitmal/produit/zoom/32986A8DF5AE4F74E95054C88CB61848.jpg,,,,,,2025-01-22T23:59:59.999999999Z,PROSPECTUS,11,3
6278,8410001103877,,Scotch Brite,"Esfregão com Esponja Salva Unhas Fibra Verde Gama Classic, 2 unidades",,1.49,1.49,0,,€/Unidade,,,https://driveimg1.intermarche.com/pt/Content/images/boitmal/produit/zoom/8B050954A17B3AEE53D05423C2DB9B5C.jpg,,,,,,2025-01-22T23:59:59.999999999Z,PROSPECTUS,11,3
6398,8410372182303,75.0,Colgate,"Dentifríco flúor gel, embalagem de 75 ml",,2.49,33.2,75,L,€/L,,,https://driveimg1.intermarche.com/pt/Content/images/boitmal/produit/zoom/3F011A79E5A34E1D47A1369D50D1C53B.jpg,,,,,,2025-01-22T23:59:59.999999999Z,PROSPECTUS,11,3
6460,8410436216777,53.0,Sonasol,Bloco Sanitário Poder Activo Floral,Embalagem de 50 g,1.98,37.36,0,kg,€/Kg,,,https://driveimg1.intermarche.com/pt/Content/images/boitmal/produit/zoom/428A90D17C72E1CEA455915A18AE3510.jpg,,,,,,2025-01-22T23:59:59.999999999Z,PROSPECTUS,11,3
7179,2895264000000,250.0,Paiva,Queijo curado meio gordo,Vendido ao peso ,2.47,9.89,0,,€/Kg,,,https://driveimg1.intermarche.com/pt/Content/images/boitmal/produit/zoom/4C5AE4093FF39B240405084751F6661B.jpg,,,,,,2025-01-22T23:59:59.999999999Z,PROSPECTUS,11,3
8384,5601049133992,1000.0,Mimosa,"Leite uht magro, embalagem de 1litro",,0.86,0.86,1000,L,€/L,,,https://driveimg1.intermarche.com/pt/Content/images/boitmal/produit/zoom/128AB814EBA9C0783B386EB2E0A38CC9.jpg,https://driveimg1.intermarche.com/pt/Content/images/boitmal/produit/zoom/8C350978140C257D0AAD7365CD133F0C.jpg,https://driveimg1.intermarche.com/pt/Content/images/boitmal/produit/zoom/B9BED9F397071733FB4D36CBE39ECDBA.jpg,,,,2025-01-22T23:59:59.999999999Z,PROSPECTUS,11,3
8794,5601237233220,750.0,JP,"Vinho regional península de setúbal branco, garrafa de 0.75 l",,2.19,2.92,750,L,€/L,,,https://driveimg1.intermarche.com/pt/Content/images/boitmal/produit/zoom/A84E869B295C8EAA0785F72E27A73746.jpg,,,,,,2025-01-22T23:59:59.999999999Z,PROSPECTUS,11,3
8996,5601511000357,200.0,Limiano,"Queijo em fatias -50% gordura, 200g",,2.35,11.75,0,kg,€/Kg,,,https://driveimg1.intermarche.com/pt/Content/images/boitmal/produit/zoom/A591F05910C9B1AB237E85F7BB193BB0.jpg,,,,,,2025-01-22T23:59:59.999999999Z,PROSPECTUS,11,3
944,5601001339301,200.0,Nestlé,"Mistura solúvel mokambo, embalagem de 200g",,4.09,20.45,0,kg,€/Kg,,,https://driveimg1.intermarche.com/pt/Content/images/boitmal/produit/zoom/7654D4A8AEB526591EE0FD0D1A7BE478.jpg,,,,,,2025-01-22T23:59:59.999999999Z,PROSPECTUS,11,3
980,5601024134488,750.0,Oliveira da Serra,Azeite virgem extra clássico,Embalagem de 750 ml,6.99,9.32,750,L,€/L,,,https://driveimg1.intermarche.com/pt/Content/images/boitmal/produit/zoom/01EF39EFE8396CC9ACA95DC25E9D3412.jpg,,,,,,2025-01-22T23:59:59.999999999Z,PROSPECTUS,11,3
993,5601038001202,80.0,Knorr,"Caldo carne 8 cubos, embalagem de 80g",,1.49,18.63,0,kg,€/Kg,,,https://driveimg1.intermarche.com/pt/Content/images/boitmal/produit/zoom/AC02C53B9EF88DD168E48A4F255E9B8C.jpg,,,,,,2025-01-22T23:59:59.999999999Z,PROSPECTUS,11,3
994,5601038001400,240.0,Knorr,"Caldo de carne 24 cubos, embalagem de 240g",,2.49,10.38,0,kg,€/Kg,,,https://driveimg1.intermarche.com/pt/Content/images/boitmal/produit/zoom/111ACC6539DBD1BD4431EF700197763E.jpg,,,,,,2025-01-22T23:59:59.999999999Z,PROSPECTUS,11,3
36712,5604260294879,200.0,PorSi,"Queijo gouda fatias, 200 g",,1.69,8.45,0,kg,€/Kg,,,https://driveimg1.intermarche.com/pt/Content/images/boitmal/produit/zoom/DA95A9507FFD36014042570F7367B99A.jpg,,,,,,2025-01-22T23:59:59.999999999Z,PROSPECTUS,11,3
42625,5604260309832,1000.0,PorSi,Farinha de trigo sem fermento t55,Embalagem de 1 kg,0.69,0.69,0,kg,€/Kg,,,https://driveimg1.intermarche.com/pt/Content/images/boitmal/produit/zoom/74FC7F0933607300D0949AC38277ECBA.jpg,,,,,,2025-01-22T23:59:59.999999999Z,PROSPECTUS,11,3
1816,5604260301775,540.0,PorSi,Feijão frade,Embalagem de 540g,0.85,1.57,0,kg,€/Kg,,,https://driveimg1.intermarche.com/pt/Content/images/boitmal/produit/zoom/F863BEC0F48D2513FC0D1879484DF975.jpg,,,,,,2025-01-22T23:59:59.999999999Z,PROSPECTUS,11,3
49463,8445290250322,600.0,Nestum,Flocos Cereais Mel,Embalagem de 600g,3.79,6.32,0,kg,€/Kg,,,https://driveimg1.intermarche.com/pt/Content/images/boitmal/produit/zoom/4A0A62606AC144021ED115E1FAB3D0CE.jpg,,,,,,2025-01-22T23:59:59.999999999Z,PROSPECTUS,11,3
11640,5601180000993,1000.0,Vigor,"Leite pasteurizado gordo, de 1l",,0.98,0.98,1000,L,€/L,,,https://driveimg1.intermarche.com/pt/Content/images/boitmal/produit/zoom/12B86C68D7331166E668398B8E667665.jpg,,,,,,2025-01-22T23:59:59.999999999Z,PROSPECTUS,11,3
38049,8001841361079,340.0,Fairy,Detergente liquido para loiça limão,Embalagem de 340 ml,1.59,4.68,340,L,€/L,,,https://driveimg1.intermarche.com/pt/Content/images/boitmal/produit/zoom/891C1A351AEA276EEBCE41056BBE823B.jpg,,,,,,2025-01-22T23:59:59.999999999Z,PROSPECTUS,11,3
14726,8711100080060,400.0,Maizena,"Farinha, embalagem de 400g",,1.64,4.1,0,kg,€/Kg,,,https://driveimg1.intermarche.com/pt/Content/images/boitmal/produit/zoom/510CA0D1320DDBD17C988D55861FD3B8.jpg,,,,,,2025-01-22T23:59:59.999999999Z,PROSPECTUS,11,3
1305,5601151862155,500.0,Compal,Polpa de tomate 500g,,1.24,2.48,0,kg,€/Kg,,,https://driveimg1.intermarche.com/pt/Content/images/boitmal/produit/zoom/D9FD9B4F4905971874C5E4127C57C62E.jpg,,,,,,2025-01-22T23:59:59.999999999Z,PROSPECTUS,11,3
29738,8410436324533,1300.0,Sonasol,"Lava Tudo Flores Montanha, 1.3 l",,2.09,1.61,1300,L,€/L,,,https://driveimg1.intermarche.com/pt/Content/images/boitmal/produit/zoom/13FBFB2C777E7C44B0340328520A2D41.jpg,,,,,,2025-01-22T23:59:59.999999999Z,PROSPECTUS,11,3
8994,5601511000012,200.0,Limiano,"Queijo flamengo, fatias, embalagem de 200g",,2.25,11.25,0,kg,€/Kg,,,https://driveimg1.intermarche.com/pt/Content/images/boitmal/produit/zoom/1F93DD1A515F774C2EFA0E2AD8D093E4.jpg,,,,,,2025-01-22T23:59:59.999999999Z,PROSPECTUS,11,3
40744,5604260303243,1000.0,PorSi,Batata pré-frita cubos,Embalagem de 1 kg,1.95,1.95,0,kg,€/Kg,,Tipo de stockagem,https://driveimg1.intermarche.com/pt/Content/images/boitmal/produit/zoom/3D9E98983039F8B79E05FF428EA3F4FC.jpg,,,,,,2025-01-22T23:59:59.999999999Z,PROSPECTUS,11,3
10094,8435257040776,640.0,Nestlé,"Iogurte líquido yoggi banana, embalagem de 4 x 160 g",,1.99,3.11,0,kg,€/Kg,,,https://driveimg1.intermarche.com/pt/Content/images/boitmal/produit/zoom/6885FCEF2FEF4752D565E64A3BDEE242.jpg,,,,,,2025-01-22T23:59:59.999999999Z,PROSPECTUS,11,3
9184,5602348062754,70.0,Damatta,Presunto sabor português fatiado,Embalagem de 70 g,2.29,32.71,0,kg,€/Kg,,,https://driveimg1.intermarche.com/pt/Content/images/boitmal/produit/zoom/9AE2DBDD0E054DD3DCAC93A9D0EE8ECE.jpg,,,,,,2025-01-22T23:59:59.999999999Z,PROSPECTUS,11,3
29612,5604260283545,1000.0,PorSi Viva Bem,Bebida de Arroz,1 l,1.15,1.15,1000,L,€/L,,,https://driveimg1.intermarche.com/pt/Content/images/boitmal/produit/zoom/1CC67FBC1159B7AB53C4B66B360A0BCF.jpg,,,,,,2025-01-22T23:59:59.999999999Z,PROSPECTUS,11,3
8222,5411188553304,1000.0,Alpro,"Bebida de soja com cálcio, embalagem de 1 l",,1.69,1.69,1000,L,€/L,,,https://driveimg1.intermarche.com/pt/Content/images/boitmal/produit/zoom/E93FBC9C48DDB0A312E01AACFB10CDEE.jpg,,,,,,2025-01-22T23:59:59.999999999Z,PROSPECTUS,11,3
848,5000189974579,200.0,Kit Kat,"Chocolate mini, embalagem de 200g",,3.09,15.45,0,kg,€/Kg,,,https://driveimg1.intermarche.com/pt/Content/images/boitmal/produit/zoom/90873705F18CB17964EF30C7A0BF7D60.jpg,,,,,,2025-01-22T23:59:59.999999999Z,PROSPECTUS,11,3
45674,5604260311613,130.0,PorSi Bio,Tortitas milho bio,Embalagem de 130g,0.99,7.62,0,kg,€/Kg,,Produtos Bio,https://driveimg1.intermarche.com/pt/Content/images/boitmal/produit/zoom/776790D7C529BCBD22D454E42CE0EA6C.jpg,,,,,,2025-01-22T23:59:59.999999999Z,PROSPECTUS,11,3
49762,5601050037562,460.0,Danone,"Iogurte com cereais activia, 4x115g",,2.39,5.2,0,kg,€/Kg,,,https://driveimg1.intermarche.com/pt/Content/images/boitmal/produit/zoom/51EAF4A53D8366A31634F35574981BCB.jpg,,,,,,2025-01-22T23:59:59.999999999Z,PROSPECTUS,11,3
16042,8410022000025,200.0,Donuts,Donuts classic,Embalagem de 200g,2.19,10.95,0,kg,€/Kg,,,https://driveimg1.intermarche.com/pt/Content/images/boitmal/produit/zoom/E1B9DB77B40B4B4B4AC4E69C7559B6D6.jpg,,,,,,2025-01-22T23:59:59.999999999Z,PROSPECTUS,11,3
36465,5601028023443,,Renova,Lenços de bolso kids,Embalagem sortida com 8 unidades + 2 grátis,1.09,1.09,0,,€/Unidade,,,https://driveimg1.intermarche.com/pt/Content/images/boitmal/produit/zoom/2B0AFA48224382F2654400960136DE54.jpg,https://driveimg1.intermarche.com/pt/Content/images/boitmal/produit/zoom/0CE1F27833749E5A2E2A6631A26FC1E0.jpg,https://driveimg1.intermarche.com/pt/Content/images/boitmal/produit/zoom/10669725004839CB519AC745D1B0A74F.jpg,https://driveimg1.intermarche.com/pt/Content/images/boitmal/produit/zoom/B68437CAB6470B905C65CD8F71745279.jpg,,,2025-01-22T23:59:59.999999999Z,PROSPECTUS,11,3
24415,8410436299961,1300.0,Sonasol,"Lava tudo lavanda, 1,3l",,2.09,1.61,1300,L,€/L,,,https://driveimg1.intermarche.com/pt/Content/images/boitmal/produit/zoom/7357FEB6EC6D53B795AF0EA5889F5ADF.jpg,,,,,,2025-01-22T23:59:59.999999999Z,PROSPECTUS,11,3
36945,8719200009899,500.0,Vaqueiro,"Margarina líquida, embalagem de 500 ml",,2.44,4.88,500,L,€/L,,,https://driveimg1.intermarche.com/pt/Content/images/boitmal/produit/zoom/03FECF6E7878193CA48B473E5C2E3939.jpg,,,,,,2025-01-22T23:59:59.999999999Z,PROSPECTUS,11,3
37633,5604260301010,130.0,PorSi Viva Bem,Queijo fresco sem lactose,Embalagem de 2 x 62.5 g,1.39,10.69,0,kg,€/Kg,,,https://driveimg1.intermarche.com/pt/Content/images/boitmal/produit/zoom/0BD00600A5EFECD54200A9C3335536F6.jpg,,,,,,2025-01-22T23:59:59.999999999Z,PROSPECTUS,11,3
40177,8412600028124,450.0,Bimbo,"Pão massa mãe, 450g",,2.19,4.87,0,kg,€/Kg,,,https://driveimg1.intermarche.com/pt/Content/images/boitmal/produit/zoom/900995AFBEB3ABFB4AB11A712889A509.jpg,,,,,,2025-01-22T23:59:59.999999999Z,PROSPECTUS,11,3
43005,5604260309733,400.0,PorSi,Lentilhas,Embalagem de 400 g,1.39,3.48,0,kg,€/Kg,,,https://driveimg1.intermarche.com/pt/Content/images/boitmal/produit/zoom/0ED92A9E5FE2367DE2FACD429329BB10.jpg,https://driveimg1.intermarche.com/pt/Content/images/boitmal/produit/zoom/7FF14A4382E03DCEDDA8EC54E5664DA5.jpg,https://driveimg1.intermarche.com/pt/Content/images/boitmal/produit/zoom/7FF14A4382E03DCEDDA8EC54E5664DA5.jpg,https://driveimg1.intermarche.com/pt/Content/images/boitmal/produit/zoom/7FF14A4382E03DCEDDA8EC54E5664DA5.jpg,,,2025-01-22T23:59:59.999999999Z,PROSPECTUS,11,3
18704,5601176000860,750.0,Tellu's,Vinho doc douro tinto,Garrafa de 750 ml,3.49,4.65,750,L,€/L,,,https://driveimg1.intermarche.com/pt/Content/images/boitmal/produit/zoom/9E82C366E173674CD8F645F2C2CC82CA.jpg,,,,,,2025-01-22T23:59:59.999999999Z,PROSPECTUS,11,3
25735,5000116112173,208.0,Capitão Iglo,"10 nuggets peito de frango e queijo, embalagem de 210g",,2.99,14.38,0,kg,€/Kg,,Tipo de stockagem,https://driveimg1.intermarche.com/pt/Content/images/boitmal/produit/zoom/C51CDDEB144DBFB12E5D153B5560BAD5.jpg,,,,,,2025-01-22T23:59:59.999999999Z,PROSPECTUS,11,3
42163,5604260306220,400.0,PorSi Bio,Leite de coco bio,400 ml,1.43,3.58,400,L,€/L,,Produtos Bio,https://driveimg1.intermarche.com/pt/Content/images/boitmal/produit/zoom/14E5F5482763952951C79BEC9B95CCF8.jpg,,,,,,2025-01-22T23:59:59.999999999Z,PROSPECTUS,11,3
43852,5604260310524,1000.0,PorSi Viva Bem,Farinha trigo integral,Embalagem de 1 kg,0.79,0.79,0,kg,€/Kg,,,https://driveimg1.intermarche.com/pt/Content/images/boitmal/produit/zoom/8737A22D62AD882A21942B38FEEF41E2.jpg,,,,,,2025-01-22T23:59:59.999999999Z,PROSPECTUS,11,3
49475,5601146570027,3750.0,Sagres,"Cerveja com álcool, pack 15 x 25 cl",,7.49,2.0,3750,L,€/L,,,https://driveimg1.intermarche.com/pt/Content/images/boitmal/produit/zoom/6F54A04F24F5E288DCF8E2FC9D030060.jpg,,,,,,2025-01-22T23:59:59.999999999Z,PROSPECTUS,11,3
6404,8410376017113,500.0,Gullón,"Bolacha recheada mega duo chocolate, embalagem de 500g",,2.69,5.38,0,kg,€/Kg,,,https://driveimg1.intermarche.com/pt/Content/images/boitmal/produit/zoom/C45733893FB084218EB8D5FCB2E025BB.jpg,,,,,,2025-01-22T23:59:59.999999999Z,PROSPECTUS,11,3
21051,8435257034300,640.0,Nestlé,"Iogurte líquido yoggi, sem lactose, morango, embalagem de 4 x 160g",,2.19,3.42,0,kg,€/Kg,,,https://driveimg1.intermarche.com/pt/Content/images/boitmal/produit/zoom/D5CB31CBF064EE8A66067DB03B82499E.jpg,,,,,,2025-01-22T23:59:59.999999999Z,PROSPECTUS,11,3
21575,2696085000000,400.0,Padaria,Pão com Chouriço,1 unidade = 110 gr,0.89,2.23,0,kg,€/Kg,,,https://driveimg1.intermarche.com/pt/Content/images/boitmal/produit/zoom/09F2AE9E91CBC978362C60A4080F0D23.jpg,,,,,,2025-01-22T23:59:59.999999999Z,PROSPECTUS,11,3
22164,5601260254056,500.0,Saludães,"Arroz doce especial, embalagem de 500g",,0.83,1.66,0,kg,€/Kg,,,https://driveimg1.intermarche.com/pt/Content/images/boitmal/produit/zoom/C73C7DA612DE17339FC2172D24F6B83B.jpg,,,,,,2025-01-22T23:59:59.999999999Z,PROSPECTUS,11,3
24413,8410436297783,1300.0,Sonasol,"Lava tudo PH neutro, embalagem de 1,3l",,2.09,1.61,1300,L,€/L,,,https://driveimg1.intermarche.com/pt/Content/images/boitmal/produit/zoom/40B27BFEEAC61B53B8E103581B41FECE.jpg,,,,,,2025-01-22T23:59:59.999999999Z,PROSPECTUS,11,3
24414,8410436297691,1300.0,Sonasol,"Lava tudo camomila e flor de laranjeira, 1,3l",,2.09,1.61,1300,L,€/L,,,https://driveimg1.intermarche.com/pt/Content/images/boitmal/produit/zoom/C67C521AD0B096D9F596A17B56363CA4.jpg,,,,,,2025-01-22T23:59:59.999999999Z,PROSPECTUS,11,3
29915,5600826202982,500.0,Prozis,"Manteiga de amendoim cremosa, 500g",,3.69,7.38,0,kg,€/Kg,,,https://driveimg1.intermarche.com/pt/Content/images/boitmal/produit/zoom/6FD303317CEA9E34214EB728EB0D5CFB.jpg,,,,,,2025-01-22T23:59:59.999999999Z,PROSPECTUS,11,3
39862,5604321029143,400.0,Cemporcento,"Farinha de aveia integral, embalagem de 400g",,1.1,2.75,0,kg,€/Kg,,,https://driveimg1.intermarche.com/pt/Content/images/boitmal/produit/zoom/B5FC553D6C7CF45D1AC0F98298800CCD.jpg,,,,,,2025-01-22T23:59:59.999999999Z,PROSPECTUS,11,3
49964,8719200238176,225.0,Becel,"Creme de barrar, embalagem de 225g",,1.89,8.4,0,kg,€/Kg,,,https://driveimg1.intermarche.com/pt/Content/images/boitmal/produit/zoom/02C3B8CB4BF40DA381639A6BD63AEBA6.jpg,,,,,,2025-01-22T23:59:59.999999999Z,PROSPECTUS,11,3
50377,8445290351357,,Nescafé,"Dolce gusto sical espresso cafés 99.2 g, embalagem de 16 unidades",,4.99,4.99,16,,€/Unidade,,,https://driveimg1.intermarche.com/pt/Content/images/boitmal/produit/zoom/44FD43160B41B883D60D056B524E6B93.jpg,,,,,,2025-01-22T23:59:59.999999999Z,PROSPECTUS,11,3
9299,5603722497254,1500.0,Pleno,"Tisana chá de cidreira e tília, garrafa de 1,5 l",,1.59,1.06,1500,L,€/L,,,https://driveimg1.intermarche.com/pt/Content/images/boitmal/produit/zoom/192748706F742E810B6FDFE78ABDE277.jpg,,,,,,2025-01-22T23:59:59.999999999Z,PROSPECTUS,11,3
11650,5601192201104,200.0,Agros,Nata uht 200 ml,,0.82,4.1,200,L,€/L,,,https://driveimg1.intermarche.com/pt/Content/images/boitmal/produit/zoom/478AC7EFE77B8590BBD8EF6C88C17807.jpg,,,,,,2025-01-22T23:59:59.999999999Z,PROSPECTUS,11,3
1272,5601151060254,500.0,Compal,"Tomate triturado, embalagem de 500g",,1.39,2.78,0,kg,€/Kg,,,https://driveimg1.intermarche.com/pt/Content/images/boitmal/produit/zoom/F73D2E34D160FB2C4040DA3AD1BBEF87.jpg,,,,,,2025-01-22T23:59:59.999999999Z,PROSPECTUS,11,3
1328,5601165005760,15.0,Lipton,"10 saquetas infusão de cidreira, embalagem de 20g",,0.74,49.33,0,kg,€/Kg,,,https://driveimg1.intermarche.com/pt/Content/images/boitmal/produit/zoom/8EA72609B2FBFE9A06C9099CA2FDB5E1.jpg,,,,,,2025-01-22T23:59:59.999999999Z,PROSPECTUS,11,3
35913,5603722498022,800.0,Mimosa,"Leite bem essencial morango , embalagem de 4 x 200 ml",,1.69,2.11,800,L,€/L,,,https://driveimg1.intermarche.com/pt/Content/images/boitmal/produit/zoom/4B6AB6C5E199D6DAC849805FE4702BB4.jpg,,,,,,2025-01-22T23:59:59.999999999Z,PROSPECTUS,11,3
40178,8412600028131,450.0,Bimbo,Pão massa mãe e cereais,Embalagem de 450g,2.19,4.87,0,kg,€/Kg,,,https://driveimg1.intermarche.com/pt/Content/images/boitmal/produit/zoom/A632C29DAAE26CB81A49960299474BF9.jpg,,,,,,2025-01-22T23:59:59.999999999Z,PROSPECTUS,11,3
43500,5604260309436,330.0,PorSi Bio,Bio doce de morango,Embalagem de 330g,2.59,7.85,0,kg,€/Kg,,Produtos Bio,https://driveimg1.intermarche.com/pt/Content/images/boitmal/produit/zoom/1EF19F8EC76B45EBB9ADD81D20FDEA94.jpg,https://driveimg1.intermarche.com/pt/Content/images/boitmal/produit/zoom/EAE59109BAA999CBD1E9EB5D9057ECD1.jpg,https://driveimg1.intermarche.com/pt/Content/images/boitmal/produit/zoom/EAE59109BAA999CBD1E9EB5D9057ECD1.jpg,https://driveimg1.intermarche.com/pt/Content/images/boitmal/produit/zoom/EAE59109BAA999CBD1E9EB5D9057ECD1.jpg,https://driveimg1.intermarche.com/pt/Content/images/boitmal/produit/zoom/EAE59109BAA999CBD1E9EB5D9057ECD1.jpg,,2025-01-22T23:59:59.999999999Z,PROSPECTUS,11,3
52158,5604260327904,400.0,PorSi Viva Bem,"Gelatina de Manga e Maracujá 8kcal ,  4x100g",,1.09,2.73,0,kg,€/Kg,,,https://driveimg1.intermarche.com/pt/Content/images/boitmal/produit/zoom/92F20412CBF55A09DFC51A947EE96A10.jpg,,,,,,2025-01-22T23:59:59.999999999Z,PROSPECTUS,11,3
9300,5603722497261,1500.0,Pleno,"Tisana chá verde/limão, garrafa de 1,5 l",,1.59,1.06,1500,L,€/L,,,https://driveimg1.intermarche.com/pt/Content/images/boitmal/produit/zoom/7EF2B204E50EAE71668E7C4A97DD36C7.jpg,,,,,,2025-01-22T23:59:59.999999999Z,PROSPECTUS,11,3
14510,5411188116592,1000.0,Alpro,"Bebida coco, embalagem de 1l",,1.99,1.99,1000,L,€/L,,,https://driveimg1.intermarche.com/pt/Content/images/boitmal/produit/zoom/3169716B6C6ACB981FBF106D130524DA.jpg,,,,,,2025-01-22T23:59:59.999999999Z,PROSPECTUS,11,3
24412,8410436297660,1300.0,Sonasol,"Lava tudo aloe vera e flores brancas, 1,3l",,2.09,1.61,1300,L,€/L,,,https://driveimg1.intermarche.com/pt/Content/images/boitmal/produit/zoom/1CF7718543DB6BCDD620E4F3293279BF.jpg,,,,,,2025-01-22T23:59:59.999999999Z,PROSPECTUS,11,3
24821,5604321028757,200.0,Cemporcento,"Bolachas marinheiras chia, embalagem de 200g",,1.99,9.95,0,kg,€/Kg,,,https://driveimg1.intermarche.com/pt/Content/images/boitmal/produit/zoom/A32F22B72B6F1F6892FBBFA5180DFAA2.jpg,,,,,,2025-01-22T23:59:59.999999999Z,PROSPECTUS,11,3
25262,5000116112166,208.0,Capitão Iglo,"10 nuggets de frango, embalagem de 210g",,2.99,14.38,0,kg,€/Kg,,Tipo de stockagem,https://driveimg1.intermarche.com/pt/Content/images/boitmal/produit/zoom/CF1467DF1CD91C352F5C2C303E0557A7.jpg,,,,,,2025-01-22T23:59:59.999999999Z,PROSPECTUS,11,3
2748,8410063044521,200.0,Pescanova,"Miolo de camarão cozido 40/60, 200 g",,5.99,29.95,0,kg,€/Kg,,Tipo de stockagem,https://driveimg1.intermarche.com/pt/Content/images/boitmal/produit/zoom/D50FF0C33F27025B364B2A0F02EC1F36.jpg,,,,,,2025-01-22T23:59:59.999999999Z,PROSPECTUS,11,3
31554,8435257039138,1280.0,Nestlé,"Nestlé - iogurte líquido de tutti-frutti, pack 8 x 160 g",,3.89,3.04,0,kg,€/Kg,,,https://driveimg1.intermarche.com/pt/Content/images/boitmal/produit/zoom/FBACDDE5448B1E7990331AE3CC79D8AF.jpg,,,,,,2025-01-22T23:59:59.999999999Z,PROSPECTUS,11,3
42854,5604260307296,640.0,PorSi Viva Bem,"Iogurte liquido sem lactose natural açucarado,  4 x 160 g",,1.49,2.33,0,kg,€/Kg,,,https://driveimg1.intermarche.com/pt/Content/images/boitmal/produit/zoom/BFFC1EE1378B2F95511697C6045E2642.jpg,https://driveimg1.intermarche.com/pt/Content/images/boitmal/produit/zoom/7C663AC200E1004692928EC8D0355E81.jpg,https://driveimg1.intermarche.com/pt/Content/images/boitmal/produit/zoom/7C663AC200E1004692928EC8D0355E81.jpg,https://driveimg1.intermarche.com/pt/Content/images/boitmal/produit/zoom/7C663AC200E1004692928EC8D0355E81.jpg,https://driveimg1.intermarche.com/pt/Content/images/boitmal/produit/zoom/7C663AC200E1004692928EC8D0355E81.jpg,,2025-01-22T23:59:59.999999999Z,PROSPECTUS,11,3
4786,5010029000061,430.0,Weetabix,"Cereais, embalagem de 430g",,3.14,7.3,0,kg,€/Kg,,,https://driveimg1.intermarche.com/pt/Content/images/boitmal/produit/zoom/232982B37BEBBB4A68E8B55711F4EB74.jpg,,,,,,2025-01-22T23:59:59.999999999Z,PROSPECTUS,11,3
49763,5601050037579,460.0,Danone,"Iogurte activia fibras aveia & frutos secos, 4x115g",,2.39,5.2,0,kg,€/Kg,,,https://driveimg1.intermarche.com/pt/Content/images/boitmal/produit/zoom/D3105D0A7021B60785802EF13F61AE8F.jpg,,,,,,2025-01-22T23:59:59.999999999Z,PROSPECTUS,11,3
52152,5604260327874,400.0,PorSi Viva Bem,"Gelatina de Morango 8kcal,  4x100g",,1.09,2.73,0,kg,€/Kg,,,https://driveimg1.intermarche.com/pt/Content/images/boitmal/produit/zoom/D9941CA1ACDDD64BBF251F86AFFE838E.jpg,,,,,,2025-01-22T23:59:59.999999999Z,PROSPECTUS,11,3
8658,5601163101716,3000.0,Luso,"Água sem gás, pack 6 x 0.5 l",,2.59,0.86,3000,L,€/L,,,https://driveimg1.intermarche.com/pt/Content/images/boitmal/produit/zoom/13EA35DE036BB24C52BA46395E39799E.jpg,,,,,,2025-01-22T23:59:59.999999999Z,PROSPECTUS,11,3
1187,5601119007963,120.0,Nobre,"6 salsichas de porco, lata de 120g",,1.04,8.67,0,kg,€/Kg,,,https://driveimg1.intermarche.com/pt/Content/images/boitmal/produit/zoom/024D21F90F760BFDC12CBD7EB02BECC6.jpg,,,,,,2025-01-22T23:59:59.999999999Z,PROSPECTUS,11,3
1462,5601286231772,250.0,Milaneza,"Massa, estrelinhas, embalagem de 250g",,0.62,2.48,0,kg,€/Kg,,,https://driveimg1.intermarche.com/pt/Content/images/boitmal/produit/zoom/3936C365D7B95744ED545201CA491D61.jpg,,,,,,2025-01-22T23:59:59.999999999Z,PROSPECTUS,11,3
20144,5029053038452,,Scottex,"Papel Higiénico Original 2 folhas, embalagem c/ 16 rolos",,4.79,4.79,0,,€/Unidade,,,https://driveimg1.intermarche.com/pt/Content/images/boitmal/produit/zoom/37E8EE8F176F7EA4FE7F8CCE51A87EBC.jpg,,,,,,2025-01-22T23:59:59.999999999Z,PROSPECTUS,11,3
2785,5601363013222,150.0,Ruffles,"Batata frita presunto, embalagem de 150 g",,1.39,9.27,0,kg,€/Kg,,,https://driveimg1.intermarche.com/pt/Content/images/boitmal/produit/zoom/7C1F8A2720963F6F12F5A2EE9BFB27BF.jpg,,,,,,2025-01-22T23:59:59.999999999Z,PROSPECTUS,11,3
44744,5000116126200,250.0,Iglo green,"11 nuggets de proteína vegetal, embalagem de 250g",,3.99,15.96,0,kg,€/Kg,,Tipo de stockagem,https://driveimg1.intermarche.com/pt/Content/images/boitmal/produit/zoom/BD72F77675F63E6DB4973004D403E888.jpg,,,,,,2025-01-22T23:59:59.999999999Z,PROSPECTUS,11,3
940,5601001322402,20.0,Nescafé,"Café solúvel nescafé, embalagem de 20g",,1.49,74.5,0,kg,€/Kg,,,https://driveimg1.intermarche.com/pt/Content/images/boitmal/produit/zoom/BCEBB6129FC84253AC3E2D01F300F9A9.jpg,,,,,,2025-01-22T23:59:59.999999999Z,PROSPECTUS,11,3
14372,8712100599392,550.0,Calvé,"Ketchup top down, embalagem de 550g",,2.89,5.25,0,kg,€/Kg,,,https://driveimg1.intermarche.com/pt/Content/images/boitmal/produit/zoom/6D3218F33B22BC3205033BC41E176600.jpg,https://driveimg1.intermarche.com/pt/Content/images/boitmal/produit/zoom/FE7F103C359D2D1FD7BF3FDC8DD381BA.jpg,https://driveimg1.intermarche.com/pt/Content/images/boitmal/produit/zoom/FE7F103C359D2D1FD7BF3FDC8DD381BA.jpg,https://driveimg1.intermarche.com/pt/Content/images/boitmal/produit/zoom/FE7F103C359D2D1FD7BF3FDC8DD381BA.jpg,,,2025-01-22T23:59:59.999999999Z,PROSPECTUS,11,3
1463,5601286232779,250.0,Milaneza,"Massa pevide, embalagem de 250g",,0.62,2.48,0,kg,€/Kg,,,https://driveimg1.intermarche.com/pt/Content/images/boitmal/produit/zoom/7FABF67C8683DAD5B618F045601E14A4.jpg,,,,,,2025-01-22T23:59:59.999999999Z,PROSPECTUS,11,3
20528,5601176001263,750.0,Tellu's,Vinho doc douro branco,Garrafa de 750 ml,3.49,4.65,750,L,€/L,,,https://driveimg1.intermarche.com/pt/Content/images/boitmal/produit/zoom/185F791518F6D9DFD69DD3FDFC056939.jpg,,,,,,2025-01-22T23:59:59.999999999Z,PROSPECTUS,11,3
2083,5604260193691,1000.0,PorSi,Néctar light de laranja prisma,Embalagem de 1 l,1.49,1.49,1000,L,€/L,,,https://driveimg1.intermarche.com/pt/Content/images/boitmal/produit/zoom/1D4D0AA75BBD1937F2A8A67DCCFD70DB.jpg,,,,,,2025-01-22T23:59:59.999999999Z,PROSPECTUS,11,3
24411,8410436297752,1300.0,Sonasol,"Lava tudo rosas e jasmim, 1,3l",,2.09,1.61,1300,L,€/L,,,https://driveimg1.intermarche.com/pt/Content/images/boitmal/produit/zoom/A8DAC5F038BB6C2FB23FB3C7F35CC590.jpg,,,,,,2025-01-22T23:59:59.999999999Z,PROSPECTUS,11,3
33090,5411188112709,1000.0,Alpro,"Bebida amêndoa torrada sem açúcar, embalagem de 1litro",,1.99,1.99,1000,L,€/L,,,https://driveimg1.intermarche.com/pt/Content/images/boitmal/produit/zoom/66C6488BDB769AFC2D2A2697199C34D6.jpg,,,,,,2025-01-22T23:59:59.999999999Z,PROSPECTUS,11,3
36709,5604260296750,250.0,PorSi,Queijo fresco ligth,Embalagem de 4 x 62.5 g,2.59,10.36,0,kg,€/Kg,,,https://driveimg1.intermarche.com/pt/Content/images/boitmal/produit/zoom/C4EE542A1994DE7774B9C54C8888B672.jpg,,,,,,2025-01-22T23:59:59.999999999Z,PROSPECTUS,11,3
36899,5604260283347,200.0,PorSi Viva Bem,Sementes de girassol,Embalagem de 200 g,0.99,4.95,0,kg,€/Kg,,,https://driveimg1.intermarche.com/pt/Content/images/boitmal/produit/zoom/58B92FDE2988473703108F9C38BFC87E.jpg,,,,,,2025-01-22T23:59:59.999999999Z,PROSPECTUS,11,3
38417,5411188124689,1000.0,Alpro,"Bebida aveia sem açúcar, embalagem de 1l",,1.99,1.99,1000,L,€/L,,,https://driveimg1.intermarche.com/pt/Content/images/boitmal/produit/zoom/242D83F75D71A1E8390A9D4AC652F0B9.jpg,,,,,,2025-01-22T23:59:59.999999999Z,PROSPECTUS,11,3
5008,5601028000383,,Renova,"Lenços de bolso sensi, brancos, 10 unidades",Uma embalagem de 6x10,0.89,0.89,0,,€/Unidade,,,https://driveimg1.intermarche.com/pt/Content/images/boitmal/produit/zoom/A7E56C5340E5213CBF3A606D0311258B.jpg,,,,,,2025-01-22T23:59:59.999999999Z,PROSPECTUS,11,3
5028,5601028006231,,Renova,"Lenços de bolso sensitive brancos, 24 unidades",,2.89,2.89,0,,€/Unidade,,,https://driveimg1.intermarche.com/pt/Content/images/boitmal/produit/zoom/0CC244AFF55976B3210C6D16467CD206.jpg,,,,,,2025-01-22T23:59:59.999999999Z,PROSPECTUS,11,3
52600,5601217137951,1710.0,Quanto,"Amaciador roupa concentrado ouro e orquídea branca, 95 doses",,3.99,2.33,1710,L,€/L,,,https://driveimg1.intermarche.com/pt/Content/images/boitmal/produit/zoom/D5BBE20226E42754DBBAD723FC764C65.jpg,,,,,,2025-01-22T23:59:59.999999999Z,PROSPECTUS,11,3
942,5601001324109,100.0,Nescafé,"Café solúvel gold, embalagem de 100g",,5.7,57.0,0,kg,€/Kg,,,https://driveimg1.intermarche.com/pt/Content/images/boitmal/produit/zoom/56AF775E1D437B4623D4E42AE4DAA827.jpg,,,,,,2025-01-22T23:59:59.999999999Z,PROSPECTUS,11,3
10513,8435250439591,236.0,Nestlé,"Iogurte mix-in chocapic,  2 x 118 g",,1.99,8.43,0,kg,€/Kg,,,https://driveimg1.intermarche.com/pt/Content/images/boitmal/produit/zoom/368B8AC44F8070965585916E17063F2C.jpg,,,,,,2025-01-22T23:59:59.999999999Z,PROSPECTUS,11,4
12468,8435250439584,256.0,Nestlé,"Iogurte mix in smarties morango, embalagem de 2 x 128 g",,1.99,7.77,0,kg,€/Kg,,,https://driveimg1.intermarche.com/pt/Content/images/boitmal/produit/zoom/546EB338CC6149CC0CDDECE6E5ABF48D.jpg,,,,,,2025-01-22T23:59:59.999999999Z,PROSPECTUS,11,4
12471,8435257040868,640.0,Nestlé,"Iogurte líquido yoggi morango/banana, embalagem de 4 x 160g",,1.99,3.11,0,kg,€/Kg,,,https://driveimg1.intermarche.com/pt/Content/images/boitmal/produit/zoom/E92C48D7A1A5BA67322D0E6250F5BAFF.jpg,,,,,,2025-01-22T23:59:59.999999999Z,PROSPECTUS,11,4
17665,8712100745591,754.0,Calvé,"Maionese top down, embalagem de 753 g",,3.69,4.89,0,kg,€/Kg,,,https://driveimg1.intermarche.com/pt/Content/images/boitmal/produit/zoom/C6F00A8AA4D7D21E56D34CFA61170423.jpg,,,,,,2025-01-22T23:59:59.999999999Z,PROSPECTUS,11,4
29374,5601146530304,500.0,Bandida do Pomar,"Sidra maçã, lata de 500 ml",,1.19,2.38,500,L,€/L,,,https://driveimg1.intermarche.com/pt/Content/images/boitmal/produit/zoom/BCB2E29A160CFF6D3AE7FEB90426D1E6.jpg,,,,,,2025-01-22T23:59:59.999999999Z,PROSPECTUS,11,4
37368,5604260300518,31.0,PorSi,Gelatina morango 0% açúcar,Embalagem de 31 g,0.97,31.29,0,kg,€/Kg,,,https://driveimg1.intermarche.com/pt/Content/images/boitmal/produit/zoom/ED72603CF70EFE117DB8D71FCC17B8C0.jpg,,,,,,2025-01-22T23:59:59.999999999Z,PROSPECTUS,11,4
41221,5604260307951,200.0,PorSi Viva Bem,Sementes de abóbora,Embalagem de 200 g,1.89,9.45,0,kg,€/Kg,,,https://driveimg1.intermarche.com/pt/Content/images/boitmal/produit/zoom/490A3FBC8D1728D50D62350E36AD23EB.jpg,,,,,,2025-01-22T23:59:59.999999999Z,PROSPECTUS,11,4
41895,5000116125784,220.0,Capitão Iglo,"12 nuggets frango polme americano, embalagem de 220g",,2.99,13.59,0,kg,€/Kg,,Tipo de stockagem,https://driveimg1.intermarche.com/pt/Content/images/boitmal/produit/zoom/E342C1C812C93A809F88301C9A1AFE84.jpg,,,,,,2025-01-22T23:59:59.999999999Z,PROSPECTUS,11,4
44804,3023290048924,150.0,Lindahls,"Pudim de chocolate + proteína, 150g",,1.69,11.27,0,kg,€/Kg,,,https://driveimg1.intermarche.com/pt/Content/images/boitmal/produit/zoom/989B5F16D9E5F4A7EB2B3AE42115DF4A.jpg,,,,,,2025-01-22T23:59:59.999999999Z,PROSPECTUS,11,4
46918,5029053038476,,Scottex,"Papel Higiénico Original 2 folhas, 32 rolos",,8.99,8.99,0,,€/Unidade,,,https://driveimg1.intermarche.com/pt/Content/images/boitmal/produit/zoom/8F221187A96B1E38B52E9E554177B067.jpg,,,,,,2025-01-22T23:59:59.999999999Z,PROSPECTUS,11,4
47021,5604260318322,150.0,PorSi Viva Bem,"Iogurte morango skyr 0%, 150 g",,0.69,4.6,0,kg,€/Kg,,,https://driveimg1.intermarche.com/pt/Content/images/boitmal/produit/zoom/6115F0FD7BCBA2A6097B8DE8B44DA1EC.jpg,,,,,,2025-01-22T23:59:59.999999999Z,PROSPECTUS,11,4
485,3036810201280,215.0,Maille,"Mostarda dijon, embalagem de 220g",,3.19,14.84,0,kg,€/Kg,,,https://driveimg1.intermarche.com/pt/Content/images/boitmal/produit/zoom/62618DF63BD11F55FFEE9176972D4CEF.jpg,https://driveimg1.intermarche.com/pt/Content/images/boitmal/produit/zoom/1ABADBA923A5257BF5D8A92B53110481.jpg,https://driveimg1.intermarche.com/pt/Content/images/boitmal/produit/zoom/1ABADBA923A5257BF5D8A92B53110481.jpg,https://driveimg1.intermarche.com/pt/Content/images/boitmal/produit/zoom/1ABADBA923A5257BF5D8A92B53110481.jpg,,,2025-01-22T23:59:59.999999999Z,PROSPECTUS,11,4
49392,4001724039204,320.0,Dr. Oetker,Pizza Ristorante Pepperoni-Salame,Embalagem de 320g,4.99,15.59,0,kg,€/Kg,,Tipo de stockagem,https://driveimg1.intermarche.com/pt/Content/images/boitmal/produit/zoom/97020808BED188B1A034BCC8DC6633CF.jpg,,,,,,2025-01-22T23:59:59.999999999Z,PROSPECTUS,11,4
49761,8410500024574,460.0,Danone,"Iogurte bifidus activia chia amêndoa 0%, embalagem 4x120g",,2.39,5.2,0,kg,€/Kg,,,https://driveimg1.intermarche.com/pt/Content/images/boitmal/produit/zoom/3B9FB91C5154914AE2B2128ACA4CA281.jpg,,,,,,2025-01-22T23:59:59.999999999Z,PROSPECTUS,11,4
5745,5603722513718,1000.0,Vigor,Leite pasteurizado m/g sem lactose,Garrafa de 1 l,1.15,1.15,1000,L,€/L,,,https://driveimg1.intermarche.com/pt/Content/images/boitmal/produit/zoom/4A274333D648928B02F1993344237862.jpg,,,,,,2025-01-22T23:59:59.999999999Z,PROSPECTUS,11,4
8657,5601163081711,1980.0,Luso,"Água sem gás, pack 6 x 0.33 l",,2.35,1.19,1980,L,€/L,,,https://driveimg1.intermarche.com/pt/Content/images/boitmal/produit/zoom/443B50B4BA27541FFD3067F816F7D24A.jpg,,,,,,2025-01-22T23:59:59.999999999Z,PROSPECTUS,11,4
941,5601001322808,100.0,Nescafé,"Café solúvel, embalagem de 100g",,3.95,39.5,0,kg,€/Kg,,,https://driveimg1.intermarche.com/pt/Content/images/boitmal/produit/zoom/B063757FB22F6A33CD1F9CE6C13974A8.jpg,,,,,,2025-01-22T23:59:59.999999999Z,PROSPECTUS,11,4
14437,5411188110835,1000.0,Alpro,"Bebida de soja de amêndoa, embalagem de 1 litro",,1.99,1.99,1000,L,€/L,,,https://driveimg1.intermarche.com/pt/Content/images/boitmal/produit/zoom/7737749B389B841C77AB65B76665C756.jpg,,,,,,2025-01-22T23:59:59.999999999Z,PROSPECTUS,11,4
14508,5411188115496,1000.0,Alpro,"Bebida de soja sem acucar 1l, embalagem de 1l",,1.99,1.99,1000,L,€/L,,,https://driveimg1.intermarche.com/pt/Content/images/boitmal/produit/zoom/08FB7DF3E9A91E663DF63A6991F64B9B.jpg,,,,,,2025-01-22T23:59:59.999999999Z,PROSPECTUS,11,4
18426,3600541887817,400.0,Garnier,Champô Ultra Suave Delicias de Aveia,Embalagem de 400 ml,5.89,14.73,400,L,€/L,,,https://driveimg1.intermarche.com/pt/Content/images/boitmal/produit/zoom/FB3520AB0507187656A408B0D650CF4F.jpg,,,,,,2025-01-22T23:59:59.999999999Z,PROSPECTUS,11,4
21523,5602417101582,5000.0,Courelas d'Alqueva,Vinho bag-in-box branco,Garrafa de 5 l,6.49,1.3,5000,L,€/L,,,https://driveimg1.intermarche.com/pt/Content/images/boitmal/produit/zoom/4D3F0DF38C3F94ABA8EE403D35C64B7B.jpg,,,,,,2025-01-22T23:59:59.999999999Z,PROSPECTUS,11,4
36900,5604260283354,250.0,PorSi Viva Bem,Sementes de linhaça dourada,Embalagem de 250 g,0.99,3.96,0,kg,€/Kg,,,https://driveimg1.intermarche.com/pt/Content/images/boitmal/produit/zoom/E2D2DD8A9E17D4CE17D04DE895B76C83.jpg,,,,,,2025-01-22T23:59:59.999999999Z,PROSPECTUS,11,4
37367,5010029000092,215.0,Weetabix,"Cereais weetabix originais, embalagem de 215 g",,2.39,11.12,0,kg,€/Kg,,,https://driveimg1.intermarche.com/pt/Content/images/boitmal/produit/zoom/E63E3B5AF976AFAE0CA9401ECBA76B16.jpg,,,,,,2025-01-22T23:59:59.999999999Z,PROSPECTUS,11,4
37928,5604260300631,360.0,PorSi Viva Bem,Esparregado de espinafres sem lactose,Embalagem de 360 g,2.29,6.36,0,kg,€/Kg,,Tipo de stockagem,https://driveimg1.intermarche.com/pt/Content/images/boitmal/produit/zoom/CAC3708405497DA68E45D2D05D69A99D.jpg,,,,,,2025-01-22T23:59:59.999999999Z,PROSPECTUS,11,4
43520,8411300478116,400.0,Elvive,Champô argila cabelos normais,Embalagem com 400ml,3.99,9.98,400,L,€/L,,,https://driveimg1.intermarche.com/pt/Content/images/boitmal/produit/zoom/638A557615C1C43E87F50B5AF3FB796E.jpg,,,,,,2025-01-22T23:59:59.999999999Z,PROSPECTUS,11,4
44948,5604260313273,250.0,PorSi Bio,Mel de néctar multifloral bio,Frasco de 250g,3.29,13.16,0,kg,€/Kg,,Produtos Bio,https://driveimg1.intermarche.com/pt/Content/images/boitmal/produit/zoom/31C947C55452B58F8A77204579DA2099.jpg,,,,,,2025-01-22T23:59:59.999999999Z,PROSPECTUS,11,4
46149,5600744051198,220.0,Aurora,"Waffle de liège, embalagem de 220g",,2.39,10.86,0,kg,€/Kg,,,https://driveimg1.intermarche.com/pt/Content/images/boitmal/produit/zoom/D98D9F0A3DB775784EDE16515D549712.jpg,,,,,,2025-01-22T23:59:59.999999999Z,PROSPECTUS,11,4
10859,3023290400395,230.0,Nestlé,"Iogurte mix in kit kat, embalagem de 2 x 115g",,1.99,8.65,0,kg,€/Kg,,,https://driveimg1.intermarche.com/pt/Content/images/boitmal/produit/zoom/46A338E8D7EAC63B8EF63808F7DF5998.jpg,,,,,,2025-01-22T23:59:59.999999999Z,PROSPECTUS,11,4
11503,5601050019100,600.0,Danone,"Danacol frutos exóticos, embalagem de 6 x 100 g",,2.99,4.98,0,kg,€/Kg,,,https://driveimg1.intermarche.com/pt/Content/images/boitmal/produit/zoom/2A16EAD58E7A10ECD338C77C33D25273.jpg,,,,,,2025-01-22T23:59:59.999999999Z,PROSPECTUS,11,4
12237,7613034725936,390.0,Nesquik,"Achocolatado em pó extra chocolate, embalagem de 390g",,4.75,12.18,0,kg,€/Kg,,,https://driveimg1.intermarche.com/pt/Content/images/boitmal/produit/zoom/353302D99749C8164ECF43D711820BAA.jpg,,,,,,2025-01-22T23:59:59.999999999Z,PROSPECTUS,11,4
1466,5601286235770,250.0,Milaneza,"Massa cuscus, embalagem de 250g",,0.62,2.48,0,kg,€/Kg,,,https://driveimg1.intermarche.com/pt/Content/images/boitmal/produit/zoom/606493A56C3149C89E86FD71CB1A6172.jpg,,,,,,2025-01-22T23:59:59.999999999Z,PROSPECTUS,11,4
15350,5604260266890,800.0,PorSi,Bacalhau posta asa branca,Embalagem de 800G,11.99,14.99,0,kg,€/Kg,,Tipo de stockagem,https://driveimg1.intermarche.com/pt/Content/images/boitmal/produit/zoom/AFC53C3DF09BEC28546B456B8B402B4C.jpg,,,,,,2025-01-22T23:59:59.999999999Z,PROSPECTUS,11,4
20621,5601260591601,67.0,Cigala,"Noodles de caril banzai, 70g",,1.09,16.27,0,kg,€/Kg,,,https://driveimg1.intermarche.com/pt/Content/images/boitmal/produit/zoom/37D3A056B1CD5DC7680C3B2D265F5035.jpg,,,,,,2025-01-22T23:59:59.999999999Z,PROSPECTUS,11,4
22941,5604260280940,130.0,PorSi Viva Bem,Tortitas de arroz sem sal,Embalagem de 130g,0.79,6.08,0,kg,€/Kg,,,https://driveimg1.intermarche.com/pt/Content/images/boitmal/produit/zoom/4EC68B3BD9D632DE980E2617EFE6C9E8.jpg,,,,,,2025-01-22T23:59:59.999999999Z,PROSPECTUS,11,4
25538,7613035800281,1500.0,Friskies,Ração para gato esterilizado com peru,"Embalagem de 1,5 kg",5.84,3.89,0,kg,€/Kg,,,https://driveimg1.intermarche.com/pt/Content/images/boitmal/produit/zoom/FF9C78F9FCA49B5C5370D6F754BBF1C8.jpg,,,,,,2025-01-22T23:59:59.999999999Z,PROSPECTUS,11,4
29739,8410436324502,1300.0,Sonasol,"Lava Tudo Leite de Amêndoa, 1.3 l",,2.09,1.61,1300,L,€/L,,,https://driveimg1.intermarche.com/pt/Content/images/boitmal/produit/zoom/F0C3F7396A3707DA471842E1F133DA93.jpg,,,,,,2025-01-22T23:59:59.999999999Z,PROSPECTUS,11,4
39864,5604321029167,1000.0,Cemporcento,"Flocos de aveia finos integrais, embalagem de 1 kg",,1.79,1.79,0,kg,€/Kg,,,https://driveimg1.intermarche.com/pt/Content/images/boitmal/produit/zoom/852CF24F72140CDA1898A94481D769FB.jpg,,,,,,2025-01-22T23:59:59.999999999Z,PROSPECTUS,11,4
41979,5601050036244,160.0,Danone,"Yopro manteiga amendoim banana, embalagem de 160g",,1.09,6.81,0,kg,€/Kg,,,https://driveimg1.intermarche.com/pt/Content/images/boitmal/produit/zoom/FA86300496543407BC1BC50B2C72D742.jpg,,,,,,2025-01-22T23:59:59.999999999Z,PROSPECTUS,11,4
4236,3600521519479,400.0,Elvive,Champô color-vive,Embalagem de 400 ml,3.99,9.98,400,L,€/L,,,https://driveimg1.intermarche.com/pt/Content/images/boitmal/produit/zoom/B741E6BD8D506F6AF7B6C5B1B3D10A5F.jpg,,,,,,2025-01-22T23:59:59.999999999Z,PROSPECTUS,11,4
43004,5604260309689,400.0,PorSi,Macedónia de legumes,Embalagem de 400 g,0.99,2.48,0,kg,€/Kg,,,https://driveimg1.intermarche.com/pt/Content/images/boitmal/produit/zoom/FA55F5FF3160888D5D2CCCED4F7ECC20.jpg,https://driveimg1.intermarche.com/pt/Content/images/boitmal/produit/zoom/476C6F9F7705F774118A872CCEDBFDC5.jpg,https://driveimg1.intermarche.com/pt/Content/images/boitmal/produit/zoom/476C6F9F7705F774118A872CCEDBFDC5.jpg,https://driveimg1.intermarche.com/pt/Content/images/boitmal/produit/zoom/476C6F9F7705F774118A872CCEDBFDC5.jpg,https://driveimg1.intermarche.com/pt/Content/images/boitmal/produit/zoom/476C6F9F7705F774118A872CCEDBFDC5.jpg,,2025-01-22T23:59:59.999999999Z,PROSPECTUS,11,4
4315,3600540542861,400.0,Garnier,Champô Ultra Suave de abacate & karité,Embalagem de 400 ml,5.79,14.48,400,L,€/L,,,https://driveimg1.intermarche.com/pt/Content/images/boitmal/produit/zoom/5D548857F0BA2FC243E68F54B6437483.jpg,,,,,,2025-01-22T23:59:59.999999999Z,PROSPECTUS,11,4
43353,5604260309474,15.0,PorSi Viva Bem,Infusão noite 10x1.5g,Embalagem de 15g,0.65,43.33,0,kg,€/Kg,,,https://driveimg1.intermarche.com/pt/Content/images/boitmal/produit/zoom/170C016CEC64D5EBC6F4B495EEBFE6F8.jpg,,,,,,2025-01-22T23:59:59.999999999Z,PROSPECTUS,11,4
43406,5604260310364,1000.0,PorSi Viva Bem,Arroz integral,Embalagem de 1 kg,1.48,1.48,0,kg,€/Kg,,,https://driveimg1.intermarche.com/pt/Content/images/boitmal/produit/zoom/04939FB7D0224CB499E41D2B69D9B533.jpg,,,,,,2025-01-22T23:59:59.999999999Z,PROSPECTUS,11,4
46768,5601082046068,55.0,Delta Q,Café Qalidus XXL,Embalagem com 60 cápsulas,16.99,308.91,0,kg,€/Kg,,,https://driveimg1.intermarche.com/pt/Content/images/boitmal/produit/zoom/B57D51E1DBAB84530CA47C710EFFC338.jpg,,,,,,2025-01-22T23:59:59.999999999Z,PROSPECTUS,11,4
543,3228881083241,30.0,Lipton,"20 saquetas chá digestão fácil, embalagem de 30g",,2.09,69.67,0,kg,€/Kg,,,https://driveimg1.intermarche.com/pt/Content/images/boitmal/produit/zoom/62C3C7BA99F1F998410EDAE6BAC40CDF.jpg,,,,,,2025-01-22T23:59:59.999999999Z,PROSPECTUS,11,4
8398,5601050016024,600.0,Danone,"Danacol natural, embalagem de 6 x 100g",,2.99,4.98,0,kg,€/Kg,,,https://driveimg1.intermarche.com/pt/Content/images/boitmal/produit/zoom/E05E5353FD11FB2707504DEA431D86EA.jpg,,,,,,2025-01-22T23:59:59.999999999Z,PROSPECTUS,11,4
8641,5601151983171,600.0,Compal,"Néctar vital de frutos vermelhos, pack 3 x 200 ml",,1.35,2.25,600,L,€/L,,,https://driveimg1.intermarche.com/pt/Content/images/boitmal/produit/zoom/8564D706D7239DFC63148360AB08E38F.jpg,,,,,,2025-01-22T23:59:59.999999999Z,PROSPECTUS,11,4
924,5601001120503,370.0,Nestlé,"Leite condensado, embalagem de 370g",,2.28,6.16,0,kg,€/Kg,,,https://driveimg1.intermarche.com/pt/Content/images/boitmal/produit/zoom/FBAB8756051E4890009C5246CFA3D443.jpg,,,,,,2025-01-22T23:59:59.999999999Z,PROSPECTUS,11,4
11614,5601164874206,1980.0,Super Bock,"Cerveja sem álcool, tara perdida, pack 6 x 0.33 l",,4.49,2.27,1980,L,€/L,,,https://driveimg1.intermarche.com/pt/Content/images/boitmal/produit/zoom/FEB5F0D5D776C18C5FAFF0542F70B7BE.jpg,,,,,,2025-01-22T23:59:59.999999999Z,PROSPECTUS,11,4
11678,5601241111101,1500.0,Vimeiro,"Água com gás, pack 6 x 0.25 l",,2.99,1.99,1500,L,€/L,,,https://driveimg1.intermarche.com/pt/Content/images/boitmal/produit/zoom/349F566BAEB93F94ED3AE567687EDECD.jpg,https://driveimg1.intermarche.com/pt/Content/images/boitmal/produit/zoom/EC75CB9E6EC1DB17A2DC9CE489CBA459.jpg,,,,,2025-01-22T23:59:59.999999999Z,PROSPECTUS,11,4
14339,3387390325911,630.0,Nestlé,Cereais fitness,Embalagem de 630g,4.59,7.29,0,kg,€/Kg,,,https://driveimg1.intermarche.com/pt/Content/images/boitmal/produit/zoom/622620E65D6916D40BA230709DD6C726.jpg,,,,,,2025-01-22T23:59:59.999999999Z,PROSPECTUS,11,4
14470,5000289925440,700.0,Gordons,Gin dry,Garrafa de 700 ml,12.99,18.56,700,L,€/L,,,https://driveimg1.intermarche.com/pt/Content/images/boitmal/produit/zoom/D55937CEA347BBDAFF1873A2B59C5243.jpg,,,,,,2025-01-22T23:59:59.999999999Z,PROSPECTUS,11,4
15741,7613034945808,1500.0,Friskies,Ração para gato bolas de pelo com frango,"Embalagem de 1,5kg",5.84,3.89,0,kg,€/Kg,,,https://driveimg1.intermarche.com/pt/Content/images/boitmal/produit/zoom/C4F10147F3FEEC714C8DFD0AEDE562BD.jpg,,,,,,2025-01-22T23:59:59.999999999Z,PROSPECTUS,11,4
20620,7613031497126,375.0,Nestlé,"Cereais fitness chocolate preto, embalagem de 375g",,2.99,7.97,0,kg,€/Kg,,,https://driveimg1.intermarche.com/pt/Content/images/boitmal/produit/zoom/20CCA311279667ADD25FA01E9050F1D6.jpg,,,,,,2025-01-22T23:59:59.999999999Z,PROSPECTUS,11,4
33127,8001010033721,135.0,Ponti,"Molho pesto ponti, 135 g",,2.25,16.67,0,kg,€/Kg,,,https://driveimg1.intermarche.com/pt/Content/images/boitmal/produit/zoom/1A053A6A674F62936E57477C3620A6B1.jpg,,,,,,2025-01-22T23:59:59.999999999Z,PROSPECTUS,11,4
