identifier,produitEan13,capacite,marque,libelle,conditionnement,prix,unitPrice,volume,typeProduit_uniteByCode,unit_value,pictogrammes_0,pictogrammes_libelleCategorie,images_0,images_1,images_2,images_3,images_4,avantages_dateFin,avantages_categorie,nro_paginas,page,images_5,images_6,images_7
53183,4023103238732,,Vileda,"Sacos de congelação com fecho hermético 1l, 15 unidade",,2.92,2.92,1,,€/Unidade,,,https://driveimg1.intermarche.com/pt/Content/images/boitmal/produit/zoom/152AAA26A79AB37D2E49E7E69815D657.jpg,,,,,2026-03-04T23:59:59Z,PROSPECTUS,16,1,,,
53188,4023103238695,,Vileda,"Sacos de congelação com fecho hermético 3l, 10 unidades",,3.22,3.22,1,,€/Unidade,,,https://driveimg1.intermarche.com/pt/Content/images/boitmal/produit/zoom/3B9C3139611B99E47933017639F8F1FE.jpg,,,,,2026-03-04T23:59:59Z,PROSPECTUS,16,1,,,
282,0000080361497,85.0,Purina Gourmet,"Comida húmida para gato pedacinhos em molho com salmão, embalagem de 90g",,0.74,8.71,0,kg,€/Kg,,,https://driveimg1.intermarche.com/pt/Content/images/boitmal/produit/zoom/F3269BDBEA9617D986C45DC8EC354AB3.jpg,,,,,2026-03-04T23:59:59Z,PROSPECTUS,16,1,,,
283,0000080393313,85.0,Purina Gourmet,"Comida húmida para gato mousse com peixe do oceano, embalagem de 90g",,0.74,8.71,0,kg,€/Kg,,,https://driveimg1.intermarche.com/pt/Content/images/boitmal/produit/zoom/1C1FA938089F82A59F34DAEE218383B9.jpg,,,,,2026-03-04T23:59:59Z,PROSPECTUS,16,1,,,
284,0000080393320,85.0,Purina Gourmet,"Comida húmida para gato mousse com vaca, embalagem de 90g",,0.74,8.71,0,kg,€/Kg,,,https://driveimg1.intermarche.com/pt/Content/images/boitmal/produit/zoom/999600DE38174FC22F21A586B409CFE0.jpg,,,,,2026-03-04T23:59:59Z,PROSPECTUS,16,1,,,
372,8711200532391,260.0,Calvé,"Molho Burger Top Down, emb. 260 gr",,1.94,7.46,0,kg,€/Kg,,,https://driveimg1.intermarche.com/pt/Content/images/boitmal/produit/zoom/274182EF6D0EFA8A84998CA913A7016C.jpg,https://driveimg1.intermarche.com/pt/Content/images/boitmal/produit/zoom/122719564EBC4BB4D52F039A6C0EDAF1.jpg,,,,2026-03-04T23:59:59Z,PROSPECTUS,16,1,,,
386,8712100479298,260.0,Calvé,"Molho Mad Chips Top Down, emb. 260 gr",,1.94,7.46,0,kg,€/Kg,,,https://driveimg1.intermarche.com/pt/Content/images/boitmal/produit/zoom/21B88C464F7BBC164FDD806BA18E0B84.jpg,https://driveimg1.intermarche.com/pt/Content/images/boitmal/produit/zoom/5EE595CA865FFD7654A8E18623535097.jpg,https://driveimg1.intermarche.com/pt/Content/images/boitmal/produit/zoom/5EE595CA865FFD7654A8E18623535097.jpg,,,2026-03-04T23:59:59Z,PROSPECTUS,16,1,,,
405,8712566410910,275.0,Calvé,"Ketchup Top Down sem Glúten, emb. 275 gr",,1.48,5.38,0,kg,€/Kg,,,https://driveimg1.intermarche.com/pt/Content/images/boitmal/produit/zoom/9E63EED4B27A252289B8979C188F5B40.jpg,https://driveimg1.intermarche.com/pt/Content/images/boitmal/produit/zoom/0D7B165FF00CA45BD8F6AC077E3CA1EC.jpg,https://driveimg1.intermarche.com/pt/Content/images/boitmal/produit/zoom/0D7B165FF00CA45BD8F6AC077E3CA1EC.jpg,https://driveimg1.intermarche.com/pt/Content/images/boitmal/produit/zoom/0D7B165FF00CA45BD8F6AC077E3CA1EC.jpg,,2026-03-04T23:59:59Z,PROSPECTUS,16,1,,,
433,8722700086703,80.0,Knorr,"Caldo para arroz 8 cubos, embalagem de 80g",,1.52,19.0,0,kg,€/Kg,,,https://driveimg1.intermarche.com/pt/Content/images/boitmal/produit/zoom/86EF0F3A35369BBBB925F997B7F539F0.jpg,,,,,2026-03-04T23:59:59Z,PROSPECTUS,16,1,,,
438,8722700140139,20.0,Lipton,"20 saquetas infusão de cidreira, embalagem de 20g",,1.59,79.5,0,kg,€/Kg,,,https://driveimg1.intermarche.com/pt/Content/images/boitmal/produit/zoom/75772B648D442A3C0BB5D4E8A4601B76.jpg,,,,,2026-03-04T23:59:59Z,PROSPECTUS,16,1,,,
452,8888056603862,85.0,Koka,"Massa Instantânea com Sabor a Galinha, emb. 85 gr",,0.79,9.29,0,kg,€/Kg,,,https://driveimg1.intermarche.com/pt/Content/images/boitmal/produit/zoom/B2968A264D894B9BD28BB6D7AD2B2C1C.jpg,,,,,2026-03-04T23:59:59Z,PROSPECTUS,16,1,,,
453,8888056604012,85.0,Koka,"Massa instantânea com cogumelos, embalagem de 90g",,0.79,9.29,0,kg,€/Kg,,,https://driveimg1.intermarche.com/pt/Content/images/boitmal/produit/zoom/743F0CEC755705C1667F17EADAF83C5D.jpg,,,,,2026-03-04T23:59:59Z,PROSPECTUS,16,1,,,
454,8888056604067,85.0,Koka,"Massa instantânea com sabor a camarão, embalagem de 90g",,0.79,9.29,0,kg,€/Kg,,,https://driveimg1.intermarche.com/pt/Content/images/boitmal/produit/zoom/D2FB050AC0A3AFD73E7D3F6CF3CD2DF9.jpg,,,,,2026-03-04T23:59:59Z,PROSPECTUS,16,1,,,
456,8888056708512,85.0,Koka,"Massa instantânea com sabor a legumes, embalagem de 90g",,0.79,9.29,0,kg,€/Kg,,,https://driveimg1.intermarche.com/pt/Content/images/boitmal/produit/zoom/4C22B5364F1705230B67942E7DCF19B7.jpg,,,,,2026-03-04T23:59:59Z,PROSPECTUS,16,1,,,
457,8888056708604,85.0,Koka,"Massa instantânea com sabor a tomat, embalagem de 90g",,0.79,9.29,0,kg,€/Kg,,,https://driveimg1.intermarche.com/pt/Content/images/boitmal/produit/zoom/AD98A53E030FCB903604F246B7338CDE.jpg,,,,,2026-03-04T23:59:59Z,PROSPECTUS,16,1,,,
473,3010470154490,4000.0,Friskies,Ração para cão active,Embalagem de 4kg,8.99,2.25,0,kg,€/Kg,,,https://driveimg1.intermarche.com/pt/Content/images/boitmal/produit/zoom/92EB1FC100BF9E508436511286F4C8B3.jpg,,,,,2026-03-04T23:59:59Z,PROSPECTUS,16,1,,,
474,3010470154575,1500.0,Friskies,Ração para cão júnior vitafit com frango e leite,"Embalagem de 1,5 kg",5.24,3.49,0,kg,€/Kg,,,https://driveimg1.intermarche.com/pt/Content/images/boitmal/produit/zoom/1473BCBEFD21B78FA4101968FF135182.jpg,,,,,2026-03-04T23:59:59Z,PROSPECTUS,16,1,,,
476,3010470159020,400.0,Friskies,"Ração para gato adulto com coelho, frango e legumes",Embalagem de 400g,1.84,4.6,0,kg,€/Kg,,,https://driveimg1.intermarche.com/pt/Content/images/boitmal/produit/zoom/14A83E0B863A6F9B6D934AF2C5E8BC68.jpg,,,,,2026-03-04T23:59:59Z,PROSPECTUS,16,1,,,
477,3010470159051,2000.0,Friskies,"Ração para gato adulto com coelho, frango e legumes",Embalagem de 2kg,6.74,3.37,0,kg,€/Kg,,,https://driveimg1.intermarche.com/pt/Content/images/boitmal/produit/zoom/7DEEDCA72B128992156D55C0C8DE0876.jpg,,,,,2026-03-04T23:59:59Z,PROSPECTUS,16,1,,,
478,3010470159068,2000.0,Friskies,"Ração para Gato Adulto Vaca, Frango e Legumes, emb. 2 kg",Embalagem de 2000 g,6.74,3.37,0,kg,€/Kg,,,https://driveimg1.intermarche.com/pt/Content/images/boitmal/produit/zoom/CC432EB31022126DE4BCBB7383FA5CB2.jpg,,,,,2026-03-04T23:59:59Z,PROSPECTUS,16,1,,,
511,3046920028363,100.0,Lindt,"Tablete de chocolate excellence, 85% cacau, embalagem de 100g",,3.74,37.4,0,kg,€/Kg,,,https://driveimg1.intermarche.com/pt/Content/images/boitmal/produit/zoom/05B4E950A6290D86B9B96B210C726A38.jpg,,,,,2026-03-04T23:59:59Z,PROSPECTUS,16,1,,,
540,3222270158428,1500.0,Friskies,"Ração para Gato Adulto de Interior Frango, Peru e Legumes, emb. 1,5 kg","Embalagem de 1,5 kg",5.84,3.89,0,kg,€/Kg,,,https://driveimg1.intermarche.com/pt/Content/images/boitmal/produit/zoom/CD7C5B2E4322F0515EAC25F0F1ADD782.jpg,,,,,2026-03-04T23:59:59Z,PROSPECTUS,16,1,,,
616,3250390114673,360.0,Bouton D´or,Pepinos Extra Finos 680g,Embalagem de 380 g,2.59,7.19,0,kg,€/Kg,,,https://driveimg1.intermarche.com/pt/Content/images/boitmal/produit/zoom/131D236F1C36D4400362C1A6459D9792.jpg,,,,,2026-03-04T23:59:59Z,PROSPECTUS,16,1,,,
646,3250390221302,126.0,Chabrior,Barra Cereais Maca 126g,Embalagem de 130g,1.38,10.95,0,kg,€/Kg,,,https://driveimg1.intermarche.com/pt/Content/images/boitmal/produit/zoom/2B270F59437DD14B8275FAAC22773BA2.jpg,,,,,2026-03-04T23:59:59Z,PROSPECTUS,16,1,,,
657,3250390334620,126.0,Chabrior,Barra Cereais Alperce 126g,Embalagem de 130g,1.38,10.95,0,kg,€/Kg,,,https://driveimg1.intermarche.com/pt/Content/images/boitmal/produit/zoom/A9DB63577FD044D02C175B7A0D1BC1D4.jpg,,,,,2026-03-04T23:59:59Z,PROSPECTUS,16,1,,,
716,3250391031924,250.0,Odyssee,Salada indiana com atum,Embalagem de 250 g,2.49,9.96,0,kg,€/Kg,,,https://driveimg1.intermarche.com/pt/Content/images/boitmal/produit/zoom/F073A78D39EB9CB4C96F88DC5B1F36A3.jpg,,,,,2026-03-04T23:59:59Z,PROSPECTUS,16,1,,,
766,4005500030263,400.0,Yogolino,Sobremesa láctea alperce 4x100g,,1.99,4.98,0,kg,€/Kg,,,https://driveimg1.intermarche.com/pt/Content/images/boitmal/produit/zoom/35565E007DE59883160198E8D7DDFAF9.jpg,,,,,2026-03-04T23:59:59Z,PROSPECTUS,16,1,,,
767,4005500030287,400.0,Yogolino,"Alimento Lácteo Banana sem Glúten +6M, emb. 4 x 100 gr",,1.99,4.98,0,kg,€/Kg,,,https://driveimg1.intermarche.com/pt/Content/images/boitmal/produit/zoom/A0BB60E9F5E33B5B09F3E17A632208B0.jpg,,,,,2026-03-04T23:59:59Z,PROSPECTUS,16,1,,,
768,4005500030300,400.0,Yogolino,Sobremesa láctea morango 4x100g,,1.99,4.98,0,kg,€/Kg,,,https://driveimg1.intermarche.com/pt/Content/images/boitmal/produit/zoom/99F1004C0805AFB08F42231532FA4DAF.jpg,,,,,2026-03-04T23:59:59Z,PROSPECTUS,16,1,,,
848,5000189974579,200.0,Kit Kat,"Snack de Chocolate de Leite Kit Kat Mini, emb. 200,4 gr (12 un)",,3.99,19.95,0,kg,€/Kg,,,https://driveimg1.intermarche.com/pt/Content/images/boitmal/produit/zoom/90873705F18CB17964EF30C7A0BF7D60.jpg,,,,,2026-03-04T23:59:59Z,PROSPECTUS,16,1,,,
854,5010394133852,500.0,Pedigree,"Guloseima para cão biscrok, embalagem de 500 g",,3.49,6.98,0,kg,€/Kg,,,https://driveimg1.intermarche.com/pt/Content/images/boitmal/produit/zoom/0D226EB3269B404D077B080902C1C0AC.jpg,,,,,2026-03-04T23:59:59Z,PROSPECTUS,16,1,,,
856,5010394984577,110.0,Pedigree,"Snack dentastix pequeno, de 110 g",,1.94,17.64,0,kg,€/Kg,,,https://driveimg1.intermarche.com/pt/Content/images/boitmal/produit/zoom/B9BBF71D62A2C377549341CE08A85FFD.jpg,,,,,2026-03-04T23:59:59Z,PROSPECTUS,16,1,,,
857,5010394984584,180.0,Pedigree,"Snacks cão dentastix, embalagem de 180g",,2.54,14.11,0,kg,€/Kg,,,https://driveimg1.intermarche.com/pt/Content/images/boitmal/produit/zoom/BDD39120D8143B945229B61847841270.jpg,,,,,2026-03-04T23:59:59Z,PROSPECTUS,16,1,,,
858,5010394984669,200.0,Whiskas,"Leite para gatos, 200 ml",,1.94,9.7,200,L,€/L,,,https://driveimg1.intermarche.com/pt/Content/images/boitmal/produit/zoom/6F8C41F23179CB85A45799DD553F1551.jpg,,,,,2026-03-04T23:59:59Z,PROSPECTUS,16,1,,,
861,5010394996587,500.0,Pedigree,"Guloseima para cão markies, embalagem de 500g",,3.59,7.18,0,kg,€/Kg,,,https://driveimg1.intermarche.com/pt/Content/images/boitmal/produit/zoom/F33E65574F1E1B31A1F045354DE41660.jpg,,,,,2026-03-04T23:59:59Z,PROSPECTUS,16,1,,,
924,5601001120503,370.0,Nestlé,"Leite condensado, embalagem de 370g",,2.13,5.76,0,kg,€/Kg,,,https://driveimg1.intermarche.com/pt/Content/images/boitmal/produit/zoom/FBAB8756051E4890009C5246CFA3D443.jpg,,,,,2026-03-04T23:59:59Z,PROSPECTUS,16,1,,,
941,5601001322808,100.0,Nescafé,"Café Solúvel Clássico, emb. 100 gr",,3.99,39.9,0,kg,€/Kg,,,https://driveimg1.intermarche.com/pt/Content/images/boitmal/produit/zoom/B063757FB22F6A33CD1F9CE6C13974A8.jpg,,,,,2026-03-04T23:59:59Z,PROSPECTUS,16,1,,,
974,5601024105051,3000.0,Fula,"Óleo Alimentar, emb. 3 lt",Embalagem 3L,5.85,1.95,3000,L,€/L,,,https://driveimg1.intermarche.com/pt/Content/images/boitmal/produit/zoom/D641E1D4A518E21E0D8C212FCA92F32A.jpg,,,,,2026-03-04T23:59:59Z,PROSPECTUS,16,1,,,
977,5601024124052,750.0,Oliveira da Serra,"Azeite Virgem Extra Ouro, emb. 75 cl",,6.19,8.25,750,L,€/L,,,https://driveimg1.intermarche.com/pt/Content/images/boitmal/produit/zoom/C1949CA33BBB7B540392F14948B1D8BF.jpg,,,,,2026-03-04T23:59:59Z,PROSPECTUS,16,1,,,
979,5601024134471,750.0,Oliveira da Serra,Azeite Virgem,Embalagem de 750 ml,4.99,6.65,750,L,€/L,,,https://driveimg1.intermarche.com/pt/Content/images/boitmal/produit/zoom/E26F25C9E42D7D1738A837046251B635.jpg,,,,,2026-03-04T23:59:59Z,PROSPECTUS,16,1,,,
988,5601029003000,120.0,Tenorio,Atum Filete em Azeite,Embalagem de 120 g,2.49,20.75,0,kg,€/Kg,,,https://driveimg1.intermarche.com/pt/Content/images/boitmal/produit/zoom/48D594978C230E0BC7076D44C622917A.jpg,,,,,2026-03-04T23:59:59Z,PROSPECTUS,16,1,,,
989,5601029004014,120.0,Bom Petisco,"Atum posta em óleo, embalagem de 120g",,1.19,9.92,0,kg,€/Kg,,,https://driveimg1.intermarche.com/pt/Content/images/boitmal/produit/zoom/0EDE399096BE62933DCF2A734D746C1A.jpg,,,,,2026-03-04T23:59:59Z,PROSPECTUS,16,1,,,
990,5601029004038,385.0,Bom Petisco,"Atum posta em óleo, embalagem de 385g",,3.89,10.1,0,kg,€/Kg,,,https://driveimg1.intermarche.com/pt/Content/images/boitmal/produit/zoom/EAC5CB8F90EBBB65EABF072C2DE4540F.jpg,https://driveimg1.intermarche.com/pt/Content/images/boitmal/produit/zoom/F6B3199A9D749CA8EE4A4423B14856F3.jpg,,,,2026-03-04T23:59:59Z,PROSPECTUS,16,1,,,
996,5601038005064,80.0,Knorr,"Caldo de legumes 8 cubos, embalagem de 80g",,1.52,19.0,0,kg,€/Kg,,,https://driveimg1.intermarche.com/pt/Content/images/boitmal/produit/zoom/6F28E4D3F3D86011504BC554235AD652.jpg,,,,,2026-03-04T23:59:59Z,PROSPECTUS,16,1,,,
997,5601038009031,80.0,Knorr,"Caldo de Marisco Cubos, emb. 8 un.",,1.52,19.0,0,kg,€/Kg,,,https://driveimg1.intermarche.com/pt/Content/images/boitmal/produit/zoom/535CCF41E2A24821D37048F033EF0F66.jpg,,,,,2026-03-04T23:59:59Z,PROSPECTUS,16,1,,,
999,5601038101001,250.0,Maizena,"Base para molho express, embalagem de 250g",,2.09,8.36,0,kg,€/Kg,,,https://driveimg1.intermarche.com/pt/Content/images/boitmal/produit/zoom/85F4EF54EF5934A483F5A5FAA4DD2B45.jpg,,,,,2026-03-04T23:59:59Z,PROSPECTUS,16,1,,,
1009,5601038300077,80.0,Knorr,"Caldo de galinha 8 cubos, embalagem de 80g",,1.52,19.0,0,kg,€/Kg,,,https://driveimg1.intermarche.com/pt/Content/images/boitmal/produit/zoom/CFDBB6C1885F48FB7941F504CD886192.jpg,,,,,2026-03-04T23:59:59Z,PROSPECTUS,16,1,,,
1010,5601038300091,240.0,Knorr,"Caldo de Galinha Cubos, emb. 240 gr (24 un)",,2.49,10.38,0,kg,€/Kg,,,https://driveimg1.intermarche.com/pt/Content/images/boitmal/produit/zoom/4E25834255892D5C9C1047A286FE9847.jpg,,,,,2026-03-04T23:59:59Z,PROSPECTUS,16,1,,,
1083,5601063001611,10.0,Margão,"Oregãos em folhas, frasco, 10g",,1.09,109.0,0,kg,€/Kg,,,https://driveimg1.intermarche.com/pt/Content/images/boitmal/produit/zoom/1A77858D1FD0EF359C266D0D5E1F9A88.jpg,,,,,2026-03-04T23:59:59Z,PROSPECTUS,16,1,,,
1102,5601066200080,1000.0,Nacional,"Farinha rainha com fermento, embalagem de 1000g",,1.15,1.15,0,kg,€/Kg,,,https://driveimg1.intermarche.com/pt/Content/images/boitmal/produit/zoom/1F46A8407AE2757268DF4DF863DF2CF4.jpg,,,,,2026-03-04T23:59:59Z,PROSPECTUS,16,1,,,
1103,5601066200295,1000.0,Nacional,"Farinha para pão integral, embalagem de 1 kg",,1.09,1.09,0,kg,€/Kg,,,https://driveimg1.intermarche.com/pt/Content/images/boitmal/produit/zoom/DE5DC1EF8F6F891E763443D4600958CC.jpg,,,,,2026-03-04T23:59:59Z,PROSPECTUS,16,1,,,
1105,5601066200318,1000.0,Nacional,"Farinha de fubá de milho, embalagem de 1 kg",,1.29,1.29,0,kg,€/Kg,,,https://driveimg1.intermarche.com/pt/Content/images/boitmal/produit/zoom/06308C731CC99544125385975ECE8B2E.jpg,,,,,2026-03-04T23:59:59Z,PROSPECTUS,16,1,,,
1106,5601066200332,1000.0,Nacional,"Farinha para pão rústico, embalagem de 1 kg",,1.79,1.79,0,kg,€/Kg,,,https://driveimg1.intermarche.com/pt/Content/images/boitmal/produit/zoom/C18477B9C5884DAE2DC442FC21370B2E.jpg,,,,,2026-03-04T23:59:59Z,PROSPECTUS,16,1,,,
1107,5601066200349,1000.0,Nacional,"Farinha para pão vitale, embalagem de 1 kg",,1.94,1.94,0,kg,€/Kg,,,https://driveimg1.intermarche.com/pt/Content/images/boitmal/produit/zoom/8C23EEA69F5BB0B7D32EA7775ED535DD.jpg,,,,,2026-03-04T23:59:59Z,PROSPECTUS,16,1,,,
1108,5601066300087,500.0,Nacional,"Massa de cotovelinhos, embalagem de 500g",,0.89,1.78,0,kg,€/Kg,,,https://driveimg1.intermarche.com/pt/Content/images/boitmal/produit/zoom/85D4AC87404986F6E33A67AEEDC0D0E8.jpg,,,,,2026-03-04T23:59:59Z,PROSPECTUS,16,1,,,
1114,5601066300780,500.0,Nacional,"Massa de maçarrão riscado, embalagem de 500g",,0.89,1.78,0,kg,€/Kg,,,https://driveimg1.intermarche.com/pt/Content/images/boitmal/produit/zoom/6E823110DFCFAB922E5CE2EEC9376131.jpg,,,,,2026-03-04T23:59:59Z,PROSPECTUS,16,1,,,
1116,5601066301152,500.0,Nacional,"Massa de cotovelos, embalagem de 500g",,0.89,1.78,0,kg,€/Kg,,,https://driveimg1.intermarche.com/pt/Content/images/boitmal/produit/zoom/8DDB0C745E67458BAC26BBF8F8ADAE50.jpg,,,,,2026-03-04T23:59:59Z,PROSPECTUS,16,1,,,
1117,5601066301404,500.0,Nacional,"Linguini, embalagem de 500g",,0.94,1.88,0,kg,€/Kg,,,https://driveimg1.intermarche.com/pt/Content/images/boitmal/produit/zoom/DF7C372AE0C2092F08F85EAC22BBC6EF.jpg,,,,,2026-03-04T23:59:59Z,PROSPECTUS,16,1,,,
1118,5601066301428,500.0,Nacional,"Esparguete fino, embalagem de 500g",,0.94,1.88,0,kg,€/Kg,,,https://driveimg1.intermarche.com/pt/Content/images/boitmal/produit/zoom/67F0D19883C839DBA45E58C8EE2EE72B.jpg,,,,,2026-03-04T23:59:59Z,PROSPECTUS,16,1,,,
1120,5601066301718,500.0,Nacional,"Massa de espirais, embalagem de 500g",,0.89,1.78,0,kg,€/Kg,,,https://driveimg1.intermarche.com/pt/Content/images/boitmal/produit/zoom/B50E4B0B2C4856A819A2FF672D887104.jpg,,,,,2026-03-04T23:59:59Z,PROSPECTUS,16,1,,,
1154,5601084111023,1000.0,Galp,Óleo Performa 10W40,Embalagem de 1 l,8.99,8.99,1000,L,€/L,,,https://driveimg1.intermarche.com/pt/Content/images/boitmal/produit/zoom/3A3258E899FBE604DE61374021FE92B8.jpg,,,,,2026-03-04T23:59:59Z,PROSPECTUS,16,1,,,
1155,5601084111030,5000.0,Galp,Óleo Performa 10W40,Embalagem de 5 l,24.99,5.0,5000,L,€/L,,,https://driveimg1.intermarche.com/pt/Content/images/boitmal/produit/zoom/BA1FCEEE88B4F5695FAF5F8BDE064933.jpg,,,,,2026-03-04T23:59:59Z,PROSPECTUS,16,1,,,
1156,5601084111047,1000.0,Galp,Óleo Performa 15W40,Embalagem de 1 l,7.79,7.79,1000,L,€/L,,,https://driveimg1.intermarche.com/pt/Content/images/boitmal/produit/zoom/7D9E49797D41509AFA0D85BDEFDA7FEC.jpg,,,,,2026-03-04T23:59:59Z,PROSPECTUS,16,1,,,
1158,5601084111412,5000.0,Galp,Óleo Multigasolina 20W40,Embalagem de 5 l,15.59,3.12,5000,L,€/L,,,https://driveimg1.intermarche.com/pt/Content/images/boitmal/produit/zoom/50589CAC097DB79EF6BA8466468CA2E1.jpg,,,,,2026-03-04T23:59:59Z,PROSPECTUS,16,1,,,
1187,5601119007963,120.0,Nobre,"Salsichas Frankfurt Originais Lata 6 un, emb. 120 gr",,1.04,8.67,0,kg,€/Kg,,,https://driveimg1.intermarche.com/pt/Content/images/boitmal/produit/zoom/024D21F90F760BFDC12CBD7EB02BECC6.jpg,,,,,2026-03-04T23:59:59Z,PROSPECTUS,16,1,,,
1188,5601119007970,200.0,Nobre,"Salsichas Frankfurt Originais Lata 8 un, emb. 200 gr",,1.39,6.95,0,kg,€/Kg,,,https://driveimg1.intermarche.com/pt/Content/images/boitmal/produit/zoom/F480FC52D56464F3C1B867155F4A37B9.jpg,,,,,2026-03-04T23:59:59Z,PROSPECTUS,16,1,,,
1189,5601119007987,250.0,Nobre,"Salsichas Frankfurt Originais Lata 10 un, emb. 250 gr",,1.67,6.68,0,kg,€/Kg,,,https://driveimg1.intermarche.com/pt/Content/images/boitmal/produit/zoom/0B023C2ECBDBE7AB09A89A8810925D65.jpg,,,,,2026-03-04T23:59:59Z,PROSPECTUS,16,1,,,
1224,5601146000104,1000.0,Sagres,"Cerveja com álcool, garrafa de 1l",,1.69,1.69,1000,L,€/L,,,https://driveimg1.intermarche.com/pt/Content/images/boitmal/produit/zoom/B73052CDDDC1D5B2607AF6499F6FC79B.jpg,,,,,2026-03-04T23:59:59Z,PROSPECTUS,16,1,,,
1322,5601163011114,5400.0,Luso,"Água sem gás, garrafa de 5,4 l",,1.49,0.28,5400,L,€/L,,,https://driveimg1.intermarche.com/pt/Content/images/boitmal/produit/zoom/AA9320932FF184911C32006B7463EC74.jpg,,,,,2026-03-04T23:59:59Z,PROSPECTUS,16,1,,,
1323,5601163020512,9000.0,Luso,"Água sem gás, pack 6 x 1.5 l",,3.59,0.4,9000,L,€/L,,,https://driveimg1.intermarche.com/pt/Content/images/boitmal/produit/zoom/001A786D3A6068914B18C4EF27206C2E.jpg,,,,,2026-03-04T23:59:59Z,PROSPECTUS,16,1,,,
1325,5601163120816,750.0,Luso,"Água Mineral sem gás Sport, garrafa 75 cl",,0.74,0.99,750,L,€/L,,,https://driveimg1.intermarche.com/pt/Content/images/boitmal/produit/zoom/AA1A6E591B93610CCB3C24631D9E85B8.jpg,,,,,2026-03-04T23:59:59Z,PROSPECTUS,16,1,,,
1326,5601164113701,500.0,Super Bock,"Cerveja com álcool, lata, garrafa de 500 ml",,0.85,1.7,500,L,€/L,,,https://driveimg1.intermarche.com/pt/Content/images/boitmal/produit/zoom/0AB2770B97F8A4B3E443129A7F4E33FA.jpg,,,,,2026-03-04T23:59:59Z,PROSPECTUS,16,1,,,
1331,5601165006255,259.0,Calvé,"Molho de alho, embalagem de 260g",,1.94,7.49,0,kg,€/Kg,,,https://driveimg1.intermarche.com/pt/Content/images/boitmal/produit/zoom/250292652676F63A9916D46B501BCEC4.jpg,https://driveimg1.intermarche.com/pt/Content/images/boitmal/produit/zoom/5F13F0DF96776682A865C5AC21E8DB42.jpg,https://driveimg1.intermarche.com/pt/Content/images/boitmal/produit/zoom/5F13F0DF96776682A865C5AC21E8DB42.jpg,https://driveimg1.intermarche.com/pt/Content/images/boitmal/produit/zoom/5F13F0DF96776682A865C5AC21E8DB42.jpg,https://driveimg1.intermarche.com/pt/Content/images/boitmal/produit/zoom/5F13F0DF96776682A865C5AC21E8DB42.jpg,2026-03-04T23:59:59Z,PROSPECTUS,16,1,,,
1332,5601165006279,258.0,Calvé,Molho de whisky cocktail 250 ml,,1.94,7.52,0,kg,€/Kg,,,https://driveimg1.intermarche.com/pt/Content/images/boitmal/produit/zoom/C7155C8CF8BA05234BDEE31CA7C70EBB.jpg,https://driveimg1.intermarche.com/pt/Content/images/boitmal/produit/zoom/6A3EC69CF4C27CD9078CE26776992F21.jpg,https://driveimg1.intermarche.com/pt/Content/images/boitmal/produit/zoom/6A3EC69CF4C27CD9078CE26776992F21.jpg,https://driveimg1.intermarche.com/pt/Content/images/boitmal/produit/zoom/6A3EC69CF4C27CD9078CE26776992F21.jpg,,2026-03-04T23:59:59Z,PROSPECTUS,16,1,,,
1337,5601165100786,50.0,Calvé,"Piri piri, 50 ml",,1.78,35.6,50,L,€/L,,,https://driveimg1.intermarche.com/pt/Content/images/boitmal/produit/zoom/4F951154E7DFDEA3712D693426B6D96C.jpg,,,,,2026-03-04T23:59:59Z,PROSPECTUS,16,1,,,
1385,5601214404308,5000.0,Redex,"Limpa vidros, rosa",Embalagem de 5 l,3.49,0.7,5000,L,€/L,,,https://driveimg1.intermarche.com/pt/Content/images/boitmal/produit/zoom/E2A3F0752A5CCB76107AE665B1AEFECC.jpg,,,,,2026-03-04T23:59:59Z,PROSPECTUS,16,1,,,
1387,5601214405367,5000.0,Redex,"Circuito fechado rosa -5º , 5 l",,4.39,0.88,5000,L,€/L,,,https://driveimg1.intermarche.com/pt/Content/images/boitmal/produit/zoom/BAEC7FD7906948E79081930B4C908CB9.jpg,,,,,2026-03-04T23:59:59Z,PROSPECTUS,16,1,,,
1390,5601214406111,250.0,Redex,Tapa fugas,Embalagem de 250 ml,4.99,19.96,250,L,€/L,,,https://driveimg1.intermarche.com/pt/Content/images/boitmal/produit/zoom/497201C846CFE0D8276C00411FF87509.jpg,,,,,2026-03-04T23:59:59Z,PROSPECTUS,16,1,,,
1396,5601214454334,300.0,Redex,Redex magic spray,Embalagem de 300 ml,4.89,16.3,300,L,€/L,,,https://driveimg1.intermarche.com/pt/Content/images/boitmal/produit/zoom/5933A4DDB6FDB0FD3136F0E58E8054E7.jpg,,,,,2026-03-04T23:59:59Z,PROSPECTUS,16,1,,,
1426,5601255312112,1000.0,Caçarola,"Arroz Carolino, emb. 1 kg",,0.99,0.99,0,kg,€/Kg,,,https://driveimg1.intermarche.com/pt/Content/images/boitmal/produit/zoom/947C9C91099FF9E267C19F6B97A6C031.jpg,,,,,2026-03-04T23:59:59Z,PROSPECTUS,16,1,,,
1490,5601363001144,130.0,Fritos,"Aperitivos fritos, embalagem 130g",,1.29,9.92,0,kg,€/Kg,,,https://driveimg1.intermarche.com/pt/Content/images/boitmal/produit/zoom/94DEDADD6AD8408E70DBD7678A1BF0DA.jpg,,,,,2026-03-04T23:59:59Z,PROSPECTUS,16,1,,,
1552,5601517181104,250.0,Paladin,"Vinagre balsâmico, spray",Garrafa de 250 ml,1.49,5.96,250,L,€/L,,,https://driveimg1.intermarche.com/pt/Content/images/boitmal/produit/zoom/F6A79509E79FD898F8F0846270BA2BEA.jpg,,,,,2026-03-04T23:59:59Z,PROSPECTUS,16,1,,,
1680,5602711001625,1000.0,Rar,"Açúcar Amarelo Areado, emb. 1 kg",,1.39,1.39,0,kg,€/Kg,,,https://driveimg1.intermarche.com/pt/Content/images/boitmal/produit/zoom/939DA938A8E29956A82E9882A2E704A7.jpg,,,,,2026-03-04T23:59:59Z,PROSPECTUS,16,1,,,
1816,5604260301775,400.0,PorSi,Feijao Frade Cozido Frasco 540g,Embalagem de 540g,0.85,2.13,0,kg,€/Kg,,,https://driveimg1.intermarche.com/pt/Content/images/boitmal/produit/zoom/F863BEC0F48D2513FC0D1879484DF975.jpg,,,,,2026-03-04T23:59:59Z,PROSPECTUS,16,1,,,
1847,5604260301683,400.0,PorSi,Feijao Branco Cozido Frasco 540g,Embalagem de 540g,0.85,2.13,0,kg,€/Kg,,,https://driveimg1.intermarche.com/pt/Content/images/boitmal/produit/zoom/65F3549F5DD8B5CB836B8FAB01DCCC43.jpg,,,,,2026-03-04T23:59:59Z,PROSPECTUS,16,1,,,
1938,5604260055500,75.0,PorSi,Canela Pau Caixa 30 Saquetas 75g,,2.49,33.2,0,kg,€/Kg,,,https://driveimg1.intermarche.com/pt/Content/images/boitmal/produit/zoom/D886205EBB859CCEE3DB989A7E12688A.jpg,,,,,2026-03-04T23:59:59Z,PROSPECTUS,16,1,,,
1982,5604260062768,500.0,PorSi,Mostarda Top Down 500g,,1.89,3.78,0,kg,€/Kg,,,https://driveimg1.intermarche.com/pt/Content/images/boitmal/produit/zoom/D6C181660EA01FCCBFCCCE2AF9CE1997.jpg,,,,,2026-03-04T23:59:59Z,PROSPECTUS,16,1,,,
1997,5604260094905,250.0,PorSi,Caramelos Aroma Fruta,,1.39,5.56,0,kg,€/Kg,,,https://driveimg1.intermarche.com/pt/Content/images/boitmal/produit/zoom/94CCC83A4ECF83FA7FB4C7226F47CA68.jpg,,,,,2026-03-04T23:59:59Z,PROSPECTUS,16,1,,,
2079,5604260193646,1000.0,PorSi,Néctar Ananás 1l,,1.16,1.16,1000,L,€/L,,,https://driveimg1.intermarche.com/pt/Content/images/boitmal/produit/zoom/10E9329F83000135085CDE8D45A5A26A.jpg,,,,,2026-03-04T23:59:59Z,PROSPECTUS,16,1,,,
2091,5604260194087,1000.0,PorSi,Farinha Láctea 1kg,,5.29,5.29,0,kg,€/Kg,,,https://driveimg1.intermarche.com/pt/Content/images/boitmal/produit/zoom/8ED788A67C335ED68A86F5666D0A6B59.jpg,,,,,2026-03-04T23:59:59Z,PROSPECTUS,16,1,,,
2150,5604260257973,400.0,PorSi,Bife de Atum 400g,,5.99,14.98,0,kg,€/Kg,,Tipo de stockagem,https://driveimg1.intermarche.com/pt/Content/images/boitmal/produit/zoom/1ED85024577E0E1A2494611D47C6F18E.jpg,,,,,2026-03-04T23:59:59Z,PROSPECTUS,16,1,,,
2153,5604260258604,1000.0,PorSi,Polvo Limpo 1kg,,9.99,9.99,0,kg,€/Kg,,Tipo de stockagem,https://driveimg1.intermarche.com/pt/Content/images/boitmal/produit/zoom/FAF7A31A8F79D5C2CCCF361A2228856D.jpg,,,,,2026-03-04T23:59:59Z,PROSPECTUS,16,1,,,
2206,5604260265084,800.0,PorSi,Bacalhau Lombos 800g,Embalagem de 800g,16.49,20.61,0,kg,€/Kg,,Tipo de stockagem,https://driveimg1.intermarche.com/pt/Content/images/boitmal/produit/zoom/C3A3977D25856985824A9D3750BBE34D.jpg,,,,,2026-03-04T23:59:59Z,PROSPECTUS,16,1,,,
2237,5604260267200,1000.0,PorSi,Néctar Frutos Vermelhos 1l,,1.06,1.06,1000,L,€/L,,,https://driveimg1.intermarche.com/pt/Content/images/boitmal/produit/zoom/603718AD338D3557433C94F8C4C28BE1.jpg,,,,,2026-03-04T23:59:59Z,PROSPECTUS,16,1,,,
2255,5604260267903,500.0,PorSi,Massa Fettucine 500g,,1.29,2.58,0,kg,€/Kg,,,https://driveimg1.intermarche.com/pt/Content/images/boitmal/produit/zoom/18407BCA8571F0FADB3A4F41B971F2FA.jpg,,,,,2026-03-04T23:59:59Z,PROSPECTUS,16,1,,,
2279,5604260270095,55.0,PorSi,Cápsulas Café Descafeinado Cnpx10,,1.89,34.36,0,kg,€/Kg,,,https://driveimg1.intermarche.com/pt/Content/images/boitmal/produit/zoom/D26303CA655FAD23B73DEC3CCA6C621F.jpg,,,,,2026-03-04T23:59:59Z,PROSPECTUS,16,1,,,
2280,5604260270101,55.0,PorSi,Cápsulas Café Perfetto Cnpx10,,2.29,41.64,0,kg,€/Kg,,,https://driveimg1.intermarche.com/pt/Content/images/boitmal/produit/zoom/49E85F5BB82C2E148DD2A94BDBF1A0A6.jpg,,,,,2026-03-04T23:59:59Z,PROSPECTUS,16,1,,,
2281,5604260270118,55.0,PorSi,Cápsulas Café Veneza Cnpx10,,2.29,41.64,0,kg,€/Kg,,,https://driveimg1.intermarche.com/pt/Content/images/boitmal/produit/zoom/D116B291766A226D4C93852C6F88B818.jpg,,,,,2026-03-04T23:59:59Z,PROSPECTUS,16,1,,,
2340,5604475119363,44.0,Fermipan,"Fermento de padeiro em pó, embalagem de 4x11 g",,1.59,36.14,0,kg,€/Kg,,,https://driveimg1.intermarche.com/pt/Content/images/boitmal/produit/zoom/2763C387BDF3591A350C0ECA5A5D3F49.jpg,,,,,2026-03-04T23:59:59Z,PROSPECTUS,16,1,,,
2348,5604772200467,200.0,Villa,"Rebuçados peitorais, embalagem de 200g",,1.45,7.25,0,kg,€/Kg,,,https://driveimg1.intermarche.com/pt/Content/images/boitmal/produit/zoom/1838F73474B070E70D341AF8A9652102.jpg,,,,,2026-03-04T23:59:59Z,PROSPECTUS,16,1,,,
2349,5604772201433,200.0,Villa,"Rebuçados de café, embalagem de 200 g",,1.59,7.95,0,kg,€/Kg,,,https://driveimg1.intermarche.com/pt/Content/images/boitmal/produit/zoom/24634AE6099526951B84710106714316.jpg,,,,,2026-03-04T23:59:59Z,PROSPECTUS,16,2,,,
2358,5605173300015,60.0,Fruut,"Snack de maçã vermelha doce, embalagem de 60g",,1.69,28.17,0,kg,€/Kg,,,https://driveimg1.intermarche.com/pt/Content/images/boitmal/produit/zoom/A0E2693DFA3440BE997D47CEADCE3042.jpg,,,,,2026-03-04T23:59:59Z,PROSPECTUS,16,2,,,
2359,5605173300039,60.0,Fruut,"Maçã Verde Desidratada, emb. 60 gr",,1.69,28.17,0,kg,€/Kg,,,https://driveimg1.intermarche.com/pt/Content/images/boitmal/produit/zoom/446F6F03032B9B6FAD23D78F53E06FE8.jpg,,,,,2026-03-04T23:59:59Z,PROSPECTUS,16,2,,,
2441,5998749107898,720.0,Pedigree,"Snack dentastix médio, de 720 g",,8.14,11.31,0,kg,€/Kg,,,https://driveimg1.intermarche.com/pt/Content/images/boitmal/produit/zoom/FC04B8F248B16D5802B314F197DBA209.jpg,,,,,2026-03-04T23:59:59Z,PROSPECTUS,16,2,,,
2445,5998749109113,270.0,Pedigree,"Snack dentastix grande, embalagem de 270g",,3.44,12.74,0,kg,€/Kg,,,https://driveimg1.intermarche.com/pt/Content/images/boitmal/produit/zoom/35241472DE7F17B0C520CB43E029E0A7.jpg,,,,,2026-03-04T23:59:59Z,PROSPECTUS,16,2,,,
2446,5998749110027,1170.0,Pedigree,"Snack para cão dentastix grande, de 1,17 kg",,10.49,8.97,0,kg,€/Kg,,,https://driveimg1.intermarche.com/pt/Content/images/boitmal/produit/zoom/A70AD1A4D7C0D5C84CB7FD7E86CC3710.jpg,,,,,2026-03-04T23:59:59Z,PROSPECTUS,16,2,,,
2448,5603680901718,3800.0,Pepeted,Silica Gel,"Embalagem de 3,8 L",3.49,0.92,3800,L,€/L,,,https://driveimg1.intermarche.com/pt/Content/images/boitmal/produit/zoom/3FB4FB26050D791A890A0BB663CA1FD9.jpg,,,,,2026-03-04T23:59:59Z,PROSPECTUS,16,2,,,
2456,7613030924302,400.0,Nestlé,"Yogolino pera sem glúten, 4x100g",,1.99,4.98,0,kg,€/Kg,,,https://driveimg1.intermarche.com/pt/Content/images/boitmal/produit/zoom/84C9916E028C32BE041433875EAC981C.jpg,,,,,2026-03-04T23:59:59Z,PROSPECTUS,16,2,,,
2457,7613031213849,340.0,Purina Gourmet,Comida húmida para gato delícias do oceano,Embalagem de 340 g,2.59,7.62,0,kg,€/Kg,,,https://driveimg1.intermarche.com/pt/Content/images/boitmal/produit/zoom/434167A16368A96CB5D1945EBB02F8CB.jpg,,,,,2026-03-04T23:59:59Z,PROSPECTUS,16,2,,,
2471,7613032393632,800.0,NAN,"Leite em Pó de Transição Optipro 2 +6M, emb. 800 gr",Embalagem de 800g,13.99,17.49,0,kg,€/Kg,,,https://driveimg1.intermarche.com/pt/Content/images/boitmal/produit/zoom/28BAF79B239A3D4037884D8C114F6DB3.jpg,,,,,2026-03-04T23:59:59Z,PROSPECTUS,16,2,,,
2473,7613032404154,250.0,Cerelac,"1ª papa láctea multifrutos sem glúten +4 meses, embalagem de 250g",,3.74,14.96,0,kg,€/Kg,,,https://driveimg1.intermarche.com/pt/Content/images/boitmal/produit/zoom/15CA403429D220415417A36F0419C1CA.jpg,,,,,2026-03-04T23:59:59Z,PROSPECTUS,16,2,,,
2474,7613032408602,85.0,Purina Gourmet,"Comida húmida para gato vaca e frango, embalagem de 90g",,0.74,8.71,0,kg,€/Kg,,,https://driveimg1.intermarche.com/pt/Content/images/boitmal/produit/zoom/571C1A9D6D5EE4C101463565EC0CDDDE.jpg,,,,,2026-03-04T23:59:59Z,PROSPECTUS,16,2,,,
2480,7613032584436,250.0,Cerelac,"Papa Infantil Láctea de Maçã +6M, emb. 250 gr",,3.19,12.76,0,kg,€/Kg,,,https://driveimg1.intermarche.com/pt/Content/images/boitmal/produit/zoom/DE2856C1EA531D0617965332F05D89D4.jpg,,,,,2026-03-04T23:59:59Z,PROSPECTUS,16,2,,,
2481,7613032584504,250.0,Cerelac,"Papa Infantil Láctea Banana e Laranja +6M, emb. 250 gr",,2.99,11.96,0,kg,€/Kg,,,https://driveimg1.intermarche.com/pt/Content/images/boitmal/produit/zoom/8CB0086F6379609601EA9215ECF52500.jpg,,,,,2026-03-04T23:59:59Z,PROSPECTUS,16,2,,,
2482,7613032584757,250.0,Cerelac,"Papa Infantil Láctea 5 Frutos +6M, emb. 250 gr",Embalagem de 250g,2.99,11.96,0,kg,€/Kg,,,https://driveimg1.intermarche.com/pt/Content/images/boitmal/produit/zoom/3BA8FAB1CBB784A1F35D14E45DA423EA.jpg,,,,,2026-03-04T23:59:59Z,PROSPECTUS,16,2,,,
2483,7613032607463,250.0,Cerelac,"Papa Infantil Não Láctea 8 Cereais e Mel +6M, emb. 250 gr",,2.24,8.96,0,kg,€/Kg,,,https://driveimg1.intermarche.com/pt/Content/images/boitmal/produit/zoom/D8960B1BDF9EC6F37D85F527DA09587D.jpg,,,,,2026-03-04T23:59:59Z,PROSPECTUS,16,2,,,
2492,7613032881399,85.0,Purina Gourmet,"Comida húmida para gato terrine com frango, 85g",,0.74,8.71,0,kg,€/Kg,,,https://driveimg1.intermarche.com/pt/Content/images/boitmal/produit/zoom/E8CAF868A9763EC78E3DCB07BB2B7709.jpg,,,,,2026-03-04T23:59:59Z,PROSPECTUS,16,2,,,
2500,7613033129025,250.0,Cerelac,"Papa Infantil Não Láctea Bolacha Maria +6M, emb. 250 gr",,2.39,9.56,0,kg,€/Kg,,,https://driveimg1.intermarche.com/pt/Content/images/boitmal/produit/zoom/86F8E21230827C4A87CCDAA9CDA276AE.jpg,,,,,2026-03-04T23:59:59Z,PROSPECTUS,16,2,,,
2503,7613033156212,85.0,Purina Gourmet,"Comida húmida para gato mousse com salmão, embalagem de 90g",,0.74,8.71,0,kg,€/Kg,,,https://driveimg1.intermarche.com/pt/Content/images/boitmal/produit/zoom/BCD32627F59A029C2931D459EC84583E.jpg,,,,,2026-03-04T23:59:59Z,PROSPECTUS,16,2,,,
2504,7613033162183,,Nescafé,"Cápsulas de Achocolatado Nesquik, emb. 16 un",,5.89,5.89,16,,€/Unidade,,,https://driveimg1.intermarche.com/pt/Content/images/boitmal/produit/zoom/FFEEFEF25E701F2D441EFADAFB575838.jpg,,,,,2026-03-04T23:59:59Z,PROSPECTUS,16,2,,,
2506,7613033269707,400.0,Friskies,"Ração para Gato Adulto Atum e Legumes, emb. 400 gr",Embalagem de 400g,1.84,4.6,0,kg,€/Kg,,,https://driveimg1.intermarche.com/pt/Content/images/boitmal/produit/zoom/78CC0CA3CDAE4BE7B2C258204163FE70.jpg,,,,,2026-03-04T23:59:59Z,PROSPECTUS,16,2,,,
2516,7613033772627,3000.0,Friskies,"Ração para cão adulto vitafit light com frango, de 3 kg",,9.74,3.25,0,kg,€/Kg,,,https://driveimg1.intermarche.com/pt/Content/images/boitmal/produit/zoom/0978F77CBD72573FC87E863EC5AE7CFC.jpg,,,,,2026-03-04T23:59:59Z,PROSPECTUS,16,2,,,
2517,7613033796357,1500.0,Friskies,Ração para cão mini adulto menu vitafit com vaca,"Embalagem de 1,5 kg",5.24,3.49,0,kg,€/Kg,,,https://driveimg1.intermarche.com/pt/Content/images/boitmal/produit/zoom/D658899067DA9C421D47DDBFB950151E.jpg,,,,,2026-03-04T23:59:59Z,PROSPECTUS,16,2,,,
2524,7613033865435,400.0,Cerelac,"Leite e Cereais Bolacha Maria +6M, emb. 2 x 200 ml",Garrafa de 400 ml,2.14,5.35,400,L,€/L,,,https://driveimg1.intermarche.com/pt/Content/images/boitmal/produit/zoom/174B9CF061F6CE8751E518CE7B06402B.jpg,,,,,2026-03-04T23:59:59Z,PROSPECTUS,16,2,,,
2525,7613033865848,400.0,Cerelac,"Leite 6 Cereais e Mel +6M, emb. 2 x 200 ml",Garrafa de 400 ml,2.14,5.35,400,L,€/L,,,https://driveimg1.intermarche.com/pt/Content/images/boitmal/produit/zoom/F3FA0505F84763AD463A118D9C701F18.jpg,,,,,2026-03-04T23:59:59Z,PROSPECTUS,16,2,,,
2533,7613034146533,1500.0,Purina One,"Alimento seco para cão active, embalagem de 1,5kg",,7.49,4.99,0,kg,€/Kg,,,https://driveimg1.intermarche.com/pt/Content/images/boitmal/produit/zoom/001D1C5B4B6CE9EC855F940C44CC50A0.jpg,,,,,2026-03-04T23:59:59Z,PROSPECTUS,16,2,,,
2534,7613034155160,397.0,Nestlé,"Leite condensado cozido, embalagem de 397g",,2.34,5.89,0,kg,€/Kg,,,https://driveimg1.intermarche.com/pt/Content/images/boitmal/produit/zoom/7F1A4CD3925F133CB52FB643A8011E1E.jpg,,,,,2026-03-04T23:59:59Z,PROSPECTUS,16,2,,,
2543,7613034465689,387.0,Nestlé,"Leite condensado magro, embalagem de 390g",,2.09,5.4,0,kg,€/Kg,,,https://driveimg1.intermarche.com/pt/Content/images/boitmal/produit/zoom/550282655C8CD4805DB04276CFECA7D7.jpg,,,,,2026-03-04T23:59:59Z,PROSPECTUS,16,2,,,
2589,7622300281182,154.0,Oreo,"Bolachas, tubo, embalagem de 150g",,1.49,9.68,0,kg,€/Kg,,,https://driveimg1.intermarche.com/pt/Content/images/boitmal/produit/zoom/46D952192D83520413CC02FFD2B835D0.jpg,,,,,2026-03-04T23:59:59Z,PROSPECTUS,16,2,,,
2601,7622300491161,246.0,Oreo,"Bolachas, cobertura com chocolate branco, embalagem de 250g",,2.44,9.92,0,kg,€/Kg,,,https://driveimg1.intermarche.com/pt/Content/images/boitmal/produit/zoom/CA93ABF709B0EFABDC1590132070D574.jpg,,,,,2026-03-04T23:59:59Z,PROSPECTUS,16,2,,,
2602,7622300491215,246.0,Oreo,Bolachas com cobertura de chocolate de leite,Embalagem de 250g,2.44,9.92,0,kg,€/Kg,,,https://driveimg1.intermarche.com/pt/Content/images/boitmal/produit/zoom/EB552BCAC31CB4B18022750D8AD7FE21.jpg,,,,,2026-03-04T23:59:59Z,PROSPECTUS,16,2,,,
2606,7622300744663,220.0,Oreo,Bolachas,Embalagem de 220g,1.94,8.82,0,kg,€/Kg,,,https://driveimg1.intermarche.com/pt/Content/images/boitmal/produit/zoom/887988ED237E8832E3CE94BB605D9B21.jpg,,,,,2026-03-04T23:59:59Z,PROSPECTUS,16,2,,,
2629,8000300264388,100.0,Crunch,"Tablete de Chocolate de Leite, emb. 100 gr",,2.39,23.9,0,kg,€/Kg,,,https://driveimg1.intermarche.com/pt/Content/images/boitmal/produit/zoom/2024D1DCB1E4C35894840DBD022C97DE.jpg,,,,,2026-03-04T23:59:59Z,PROSPECTUS,16,2,,,
2644,8000500071083,200.0,Kinder,"Chocolate, 16 tabletes, embalagem de 200g",,2.99,14.95,0,kg,€/Kg,,,https://driveimg1.intermarche.com/pt/Content/images/boitmal/produit/zoom/9AF44354478DAF42C79BBF89F292CDAD.jpg,,,,,2026-03-04T23:59:59Z,PROSPECTUS,16,2,,,
2656,8002205010060,650.0,Friskies,"Snack para cão biscuit original, de 650 g",,3.66,5.63,0,kg,€/Kg,,,https://driveimg1.intermarche.com/pt/Content/images/boitmal/produit/zoom/894114FFB389A52ED0086C0D2C626189.jpg,,,,,2026-03-04T23:59:59Z,PROSPECTUS,16,2,,,
2748,8410063044521,200.0,Pescanova,"Miolo de Camarão Cozido 40/60 Ultracongelado, emb. 200 gr",,5.99,29.95,0,kg,€/Kg,,Tipo de stockagem,https://driveimg1.intermarche.com/pt/Content/images/boitmal/produit/zoom/D50FF0C33F27025B364B2A0F02EC1F36.jpg,,,,,2026-03-04T23:59:59Z,PROSPECTUS,16,2,,,
2749,8410063046532,350.0,Pescanova,"Miolo de Camarão 80/100, emb. 350 gr",,6.99,19.97,0,kg,€/Kg,,Tipo de stockagem,https://driveimg1.intermarche.com/pt/Content/images/boitmal/produit/zoom/0EA75135180DC26543A97F342303334A.jpg,,,,,2026-03-04T23:59:59Z,PROSPECTUS,16,2,,,
2775,8410168195562,1500.0,Friskies,Ração para gato júnior com frango,"Embalagem de 1,5 kg",5.84,3.89,0,kg,€/Kg,,,https://driveimg1.intermarche.com/pt/Content/images/boitmal/produit/zoom/8B26E8FECF30B2840793E6B147C2D6D8.jpg,,,,,2026-03-04T23:59:59Z,PROSPECTUS,16,2,,,
2776,8410168195586,85.0,Purina Gourmet,"Comida húmida para gato mousse com frango, embalagem de 90g",,0.74,8.71,0,kg,€/Kg,,,https://driveimg1.intermarche.com/pt/Content/images/boitmal/produit/zoom/AD2543EBC7042F310644AC95CA7E3983.jpg,,,,,2026-03-04T23:59:59Z,PROSPECTUS,16,2,,,
2777,8410168399823,3000.0,Friskies,Ração para cão júnior vitafit com frango e leite,Embalagem de 3 kg,9.74,3.25,0,kg,€/Kg,,,https://driveimg1.intermarche.com/pt/Content/images/boitmal/produit/zoom/8FB72E4F81A6A85337B0A193B644C666.jpg,,,,,2026-03-04T23:59:59Z,PROSPECTUS,16,2,,,
2778,8410168399939,4000.0,Purina Friskies,"Ração para Gato Adulto Coelho, Frango e Legumes, emb. 4 kg",,10.69,2.67,0,kg,€/Kg,,,https://driveimg1.intermarche.com/pt/Content/images/boitmal/produit/zoom/48E426D2CA0EFD97E75332E6A0553A7B.jpg,,,,,2026-03-04T23:59:59Z,PROSPECTUS,16,2,,,
2787,5601363013215,150.0,Ruffles,"Batatas fritas ketchup, embalagem de 150g",,1.44,9.6,0,kg,€/Kg,,,https://driveimg1.intermarche.com/pt/Content/images/boitmal/produit/zoom/F33B25A4B867E4D7AEC437A0C6A60FE3.jpg,,,,,2026-03-04T23:59:59Z,PROSPECTUS,16,2,,,
2788,8410199790958,130.0,Cheetos,"Aperitivos futebolas, embalagem de 130g",,1.69,13.0,0,kg,€/Kg,,,https://driveimg1.intermarche.com/pt/Content/images/boitmal/produit/zoom/6E3E638A2C20F2794B685C451FDB40F7.jpg,,,,,2026-03-04T23:59:59Z,PROSPECTUS,16,2,,,
2802,8410376009392,170.0,Gullón,"Bolacha diet nature, embalagem de 170g",,2.04,12.0,0,kg,€/Kg,,,https://driveimg1.intermarche.com/pt/Content/images/boitmal/produit/zoom/F50E951B4EA1C699BB5641549A9E6262.jpg,,,,,2026-03-04T23:59:59Z,PROSPECTUS,16,2,,,
2803,8410376009408,330.0,Gullón,"Bolacha dourada dietnature, embalagem de 330g",,2.19,6.64,0,kg,€/Kg,,,https://driveimg1.intermarche.com/pt/Content/images/boitmal/produit/zoom/13CCF92356F912CB6B38497119AB26F4.jpg,,,,,2026-03-04T23:59:59Z,PROSPECTUS,16,2,,,
2804,8410376009415,125.0,Gullón,"Chip choco diet nature, embalagem de 130g",,2.19,17.52,0,kg,€/Kg,,,https://driveimg1.intermarche.com/pt/Content/images/boitmal/produit/zoom/2BD58ABBF5D1D306D64F41D7513EDA28.jpg,,,,,2026-03-04T23:59:59Z,PROSPECTUS,16,2,,,
2809,8410376024326,270.0,Gullón,"Bolacha chocodiet nature, embalagem de 270g",,2.84,10.52,0,kg,€/Kg,,,https://driveimg1.intermarche.com/pt/Content/images/boitmal/produit/zoom/FA6E41A8ED5E51F6E765651F8B6BE38F.jpg,,,,,2026-03-04T23:59:59Z,PROSPECTUS,16,2,,,
2813,8410376037784,250.0,Gullón,"Diet nature recheado de chocolate, embalagem de 250g",,1.84,7.36,0,kg,€/Kg,,,https://driveimg1.intermarche.com/pt/Content/images/boitmal/produit/zoom/30414AA93585D592E30D5CCFDF4C5F1C.jpg,,,,,2026-03-04T23:59:59Z,PROSPECTUS,16,2,,,
3526,2894034000000,150.0,Nobre,Fiambre da Perna Extra,1 un = 150 gr (aprox.),2.4,15.99,0,,€/Kg,,,https://driveimg1.intermarche.com/pt/Content/images/boitmal/produit/zoom/C76D05EF052819EDC79567520AD2D260.jpg,,,,,2026-03-04T23:59:59Z,PROSPECTUS,16,2,,,
3615,3015810608817,100.0,Palmolive,Creme de barbear classic,Embalagem de 100 ml,2.59,25.9,100,L,€/L,,,https://driveimg1.intermarche.com/pt/Content/images/boitmal/produit/zoom/2750B52849BE9B5C4D6D9B538DF75B1A.jpg,,,,,2026-03-04T23:59:59Z,PROSPECTUS,16,2,,,
3642,3059943009080,250.0,Air Wick,"Ambientador recarga lavanda, de 250 ml",,3.49,13.96,250,L,€/L,,,https://driveimg1.intermarche.com/pt/Content/images/boitmal/produit/zoom/1B5D8D27BED08EFB10F243DEB281D401.jpg,,,,,2026-03-04T23:59:59Z,PROSPECTUS,16,2,,,
4484,4002448003533,,Calgon,"Anti calcário para máquina de roupa, embalagem de 15 pastilhas",,6.99,6.99,15,,€/Unidade,,,https://driveimg1.intermarche.com/pt/Content/images/boitmal/produit/zoom/A44E08731433528E1B37AF8859C05AB4.jpg,,,,,2026-03-04T23:59:59Z,PROSPECTUS,16,2,,,
4577,4011200115902,100.0,Palmolive,"Creme de barbear, sensitive, embalagem de 100 ml",,2.59,25.9,100,L,€/L,,,https://driveimg1.intermarche.com/pt/Content/images/boitmal/produit/zoom/62F30DCE8D03C9474F1BE6467A2C08CD.jpg,,,,,2026-03-04T23:59:59Z,PROSPECTUS,16,2,,,
4687,5000116105212,375.0,Iglo,"Ervilhas, embalagem de 375g",,1.99,5.31,0,kg,€/Kg,,Tipo de stockagem,https://driveimg1.intermarche.com/pt/Content/images/boitmal/produit/zoom/6C528FEBBEDC5462386A3AB117EEBFD4.jpg,,,,,2026-03-04T23:59:59Z,PROSPECTUS,16,2,,,
4713,5000204559163,150.0,Glade,"Absorvedores de odores, relax zen",Embalagem de 2x150g,3.29,21.93,150,L,€/L,,,https://driveimg1.intermarche.com/pt/Content/images/boitmal/produit/zoom/16916DD7F5CC08A46A02D04C9338D0A8.jpg,,,,,2026-03-04T23:59:59Z,PROSPECTUS,16,2,,,
4715,5000204593198,72.0,Pato,"Discos Sanitários Ativos Recargas Marinho, 2 x 6 doses",Embalagem de 2x36 ml,3.49,48.47,72,L,€/L,,,https://driveimg1.intermarche.com/pt/Content/images/boitmal/produit/zoom/CCC21E7CD2CBE6B4EF157DF845CFFD44.jpg,,,,,2026-03-04T23:59:59Z,PROSPECTUS,16,2,,,
4716,5000204593242,72.0,Pato,"Discos Sanitários Ativos Recargas Lima, 2 x 6 doses",Embalagem de 2x36 ml,3.49,48.47,72,L,€/L,,,https://driveimg1.intermarche.com/pt/Content/images/boitmal/produit/zoom/6E8BEEF9B9E1E763C6D9B6E49B0D85F6.jpg,,,,,2026-03-04T23:59:59Z,PROSPECTUS,16,2,,,
4734,5000204678840,100.0,Pato,"Bloco Autoclismo Matic Água Azul, emb. 2 un",Embalagem de 2x50 g,2.49,24.9,0,kg,€/Kg,,,https://driveimg1.intermarche.com/pt/Content/images/boitmal/produit/zoom/FFF052ED8D335191AD778149C1D6A51C.jpg,,,,,2026-03-04T23:59:59Z,PROSPECTUS,16,2,,,
4753,5000204731422,269.0,Glade,"Recarga ambientador automático, bali, 269 ml",,3.49,12.97,269,L,€/L,,,https://driveimg1.intermarche.com/pt/Content/images/boitmal/produit/zoom/89EC208577D7022603489D0FEAD7AB89.jpg,,,,,2026-03-04T23:59:59Z,PROSPECTUS,16,2,,,
4756,5000204731866,269.0,Glade,"Recarga ambientador automático, lavanda, 269 ml",,3.49,12.97,269,L,€/L,,,https://driveimg1.intermarche.com/pt/Content/images/boitmal/produit/zoom/6F255C06BE26BDBD3EF56DDC7CB885D5.jpg,,,,,2026-03-04T23:59:59Z,PROSPECTUS,16,2,,,
4775,5000394203969,,Duracell,2 Pilhas de Comando MN21,,3.19,3.19,0,,€/Unidade,,,https://driveimg1.intermarche.com/pt/Content/images/boitmal/produit/zoom/BE24018731806B5B4C5192D8018FB4AC.jpg,,,,,2026-03-04T23:59:59Z,PROSPECTUS,16,2,,,
4780,5000396025026,400.0,McVities,"Bolacha integral, embalagem de 400g",,2.14,5.35,0,kg,€/Kg,,,https://driveimg1.intermarche.com/pt/Content/images/boitmal/produit/zoom/1084F47E3B3B5A52A1F61E9071FCE383.jpg,,,,,2026-03-04T23:59:59Z,PROSPECTUS,16,2,,,
4783,5000396036091,218.0,McVities,"Bolachas fruit & form, frutos de bosques, embalagem de 220g",,1.99,9.13,0,kg,€/Kg,,,https://driveimg1.intermarche.com/pt/Content/images/boitmal/produit/zoom/5A07660780F6FA75A3C811D949B39846.jpg,,,,,2026-03-04T23:59:59Z,PROSPECTUS,16,2,,,
4785,5000396036138,218.0,McVities,"Bolachas fruit & forma, maçã e canela, embalagem de 220g",,1.99,9.13,0,kg,€/Kg,,,https://driveimg1.intermarche.com/pt/Content/images/boitmal/produit/zoom/4769CC9B7DCE0DA17354265C7FF7343C.jpg,,,,,2026-03-04T23:59:59Z,PROSPECTUS,16,2,,,
4795,5010327000404,700.0,Grants,"Whisky, garrafa de 700 ml",,12.99,18.56,700,L,€/L,,,https://driveimg1.intermarche.com/pt/Content/images/boitmal/produit/zoom/5FEB2C2793B73FD65BBED9B479FAD32C.jpg,,,,,2026-03-04T23:59:59Z,PROSPECTUS,16,2,,,
4809,5011026105223,700.0,Carolans,"Licor irish cream, garrafa de 700 ml",,13.49,19.27,700,L,€/L,,,https://driveimg1.intermarche.com/pt/Content/images/boitmal/produit/zoom/8901B1E8807E7673FA65903608E36E0F.jpg,,,,,2026-03-04T23:59:59Z,PROSPECTUS,16,2,,,
4947,5449000054227,1000.0,Coca-Cola,"Refrigerante com Gás Cola, emb. 1 lt",,1.29,1.29,1000,L,€/L,,,https://driveimg1.intermarche.com/pt/Content/images/boitmal/produit/zoom/3281D4D34500D6DBD7784B7DAA420E55.jpg,,,,,2026-03-04T23:59:59Z,PROSPECTUS,16,2,,,
4971,5601001326103,20.0,Nescafé,"Café solúvel sem cafeína, embalagem de 20g",,1.69,84.5,0,kg,€/Kg,,,https://driveimg1.intermarche.com/pt/Content/images/boitmal/produit/zoom/7C3CF703560FB162B91026CC9561DB3E.jpg,,,,,2026-03-04T23:59:59Z,PROSPECTUS,16,2,,,
5026,5601028005876,,Renova,"Papel higiénico, creme, com 4 folhas, 12 rolos",1 embalagem,5.39,5.39,0,,€/Unidade,,,https://driveimg1.intermarche.com/pt/Content/images/boitmal/produit/zoom/E6722E311060796AA81787C1C232658A.jpg,https://driveimg1.intermarche.com/pt/Content/images/boitmal/produit/zoom/EEB6B8854A476B4559E7FD52C556019B.jpg,https://driveimg1.intermarche.com/pt/Content/images/boitmal/produit/zoom/EC6D6AEFDA8F102AB7AD981A6FE1DF3D.jpg,https://driveimg1.intermarche.com/pt/Content/images/boitmal/produit/zoom/4D80E42D594B9B39C4E3A0F89DD5FDA3.jpg,,2026-03-04T23:59:59Z,PROSPECTUS,16,2,,,
5031,5601028008778,,Renova,"Papel Higiénico 4 Folhas Deco, emb. 12 rolos",,5.39,5.39,12,,€/Unidade,,,https://driveimg1.intermarche.com/pt/Content/images/boitmal/produit/zoom/40255AA0E0A26CE7985BEAB27DB725FB.jpg,,,,,2026-03-04T23:59:59Z,PROSPECTUS,16,2,,,
5093,5601050033755,620.0,Danone,"Iogurte activia líquido 0% morango/kiwi, embalagem de 4 x 155 g",,1.99,3.21,0,kg,€/Kg,,,https://driveimg1.intermarche.com/pt/Content/images/boitmal/produit/zoom/29B41AE598716D0550D815AA0FE86025.jpg,,,,,2026-03-04T23:59:59Z,PROSPECTUS,16,2,,,
5119,5601066200073,1000.0,Nacional,Farinha p/ bolos extra fina,Embalagem de 1 kg,0.99,0.99,0,kg,€/Kg,,,https://driveimg1.intermarche.com/pt/Content/images/boitmal/produit/zoom/0BC68EEEFB7AD341320FD65451A85D72.jpg,,,,,2026-03-04T23:59:59Z,PROSPECTUS,16,2,,,
5134,5601077101048,750.0,Velhotes,"Vinho do porto ruby, garrafa de 0,75 l",,5.49,7.32,750,L,€/L,,,https://driveimg1.intermarche.com/pt/Content/images/boitmal/produit/zoom/4D11BFCA64657F3FE1BA06C9B011E07A.jpg,,,,,2026-03-04T23:59:59Z,PROSPECTUS,16,2,,,
5135,5601077111023,750.0,Velhotes,"Vinho do porto tawny, garrafa de 0,75 l",,5.49,7.32,750,L,€/L,,,https://driveimg1.intermarche.com/pt/Content/images/boitmal/produit/zoom/C1D5B8EA9BF6276DDBD0FBBB4AE1E08B.jpg,,,,,2026-03-04T23:59:59Z,PROSPECTUS,16,2,,,
5136,5601077122012,750.0,Velhotes,"Vinho do porto branco, garrafa de 0,75 l",,5.49,7.32,750,L,€/L,,,https://driveimg1.intermarche.com/pt/Content/images/boitmal/produit/zoom/97071FF72A588EB9C21E2DCCFEDE4E31.jpg,,,,,2026-03-04T23:59:59Z,PROSPECTUS,16,2,,,
5272,5601164902312,4800.0,Super Bock,"Cerveja com álcool, pack 24 x 0.20 l",,9.99,2.08,4800,L,€/L,,,https://driveimg1.intermarche.com/pt/Content/images/boitmal/produit/zoom/A98E5FF8E5DDF166F2B333F0EE0114E7.jpg,https://driveimg1.intermarche.com/pt/Content/images/boitmal/produit/zoom/C2C2858ADC421F33AF17C6115D108100.jpg,,,,2026-03-04T23:59:59Z,PROSPECTUS,16,2,,,
5317,5601195403154,1980.0,Pedras Salgadas,"Água com gás levíssima, pack 6 x 0.33 l",,2.99,1.51,1980,L,€/L,,,https://driveimg1.intermarche.com/pt/Content/images/boitmal/produit/zoom/2CD314520EFE7E7AFE1DD0F29339058E.jpg,,,,,2026-03-04T23:59:59Z,PROSPECTUS,16,2,,,
5469,5601385501585,,Sensodyne,Fio dental gentle suave,1 unidade,2.84,2.84,0,,€/Unidade,,,https://driveimg1.intermarche.com/pt/Content/images/boitmal/produit/zoom/A048A7A4F23187B1A1CF431649275829.jpg,,,,,2026-03-04T23:59:59Z,PROSPECTUS,16,2,,,
5471,5601385502575,75.0,Sensodyne,"Pasta dentífrica, pro-esmalte",Embalagem de 75 ml,3.94,52.53,75,L,€/L,,,https://driveimg1.intermarche.com/pt/Content/images/boitmal/produit/zoom/C62054EB3FCFFFD6938C2FBBB424E274.jpg,,,,,2026-03-04T23:59:59Z,PROSPECTUS,16,2,,,
5521,5601692071214,1000.0,Bom sucesso,"Arroz agulha, embalagem de 1 kg",,1.24,1.24,0,kg,€/Kg,,,https://driveimg1.intermarche.com/pt/Content/images/boitmal/produit/zoom/393929D01B09747982258DD594BE66FB.jpg,,,,,2026-03-04T23:59:59Z,PROSPECTUS,16,2,,,
5840,5604260318865,250.0,PorSi,Salsichas Churrasco Picantes 250g,,1.79,7.16,0,kg,€/Kg,,,https://driveimg1.intermarche.com/pt/Content/images/boitmal/produit/zoom/C01B946AB5EAC282DFD50761D1A91BFC.jpg,,,,,2026-03-04T23:59:59Z,PROSPECTUS,16,2,,,
5844,5604260129010,500.0,PorSi,Detergente Loiça Manual Ultra Limão 500ml,Embalagem de 500 ml,1.29,2.58,500,L,€/L,,,https://driveimg1.intermarche.com/pt/Content/images/boitmal/produit/zoom/11A18090A3116B615638013F259093D1.jpg,,,,,2026-03-04T23:59:59Z,PROSPECTUS,16,2,,,
5845,5604260129027,500.0,PorSi,Detergente Loiça Manual Ultra Maçã 500ml,Embalagem de 500 ml,1.59,3.18,500,L,€/L,,,https://driveimg1.intermarche.com/pt/Content/images/boitmal/produit/zoom/FA3C8FC31B47D9DC966718AF0B1180EB.jpg,,,,,2026-03-04T23:59:59Z,PROSPECTUS,16,2,,,
5952,5604260266975,750.0,PorSi,Creme Limpeza Limão 750ml,,1.05,1.4,750,L,€/L,,,https://driveimg1.intermarche.com/pt/Content/images/boitmal/produit/zoom/027565F59F15238B5A7D4E131B9F8DAD.jpg,,,,,2026-03-04T23:59:59Z,PROSPECTUS,16,2,,,
5955,5604260267415,400.0,PorSi,Filetes Pescada 400g,,4.99,12.48,0,kg,€/Kg,,Tipo de stockagem,https://driveimg1.intermarche.com/pt/Content/images/boitmal/produit/zoom/BD892037152340E00BA8B899A62BD6C5.jpg,,,,,2026-03-04T23:59:59Z,PROSPECTUS,16,2,,,
5985,5604422145209,1000.0,Macieira,"Brandy, garrafa de 1l",,15.49,15.49,1000,L,€/L,,,https://driveimg1.intermarche.com/pt/Content/images/boitmal/produit/zoom/37C436F862C365D2BAC7E678CC3E6C1F.jpg,,,,,2026-03-04T23:59:59Z,PROSPECTUS,16,2,,,
5992,5604575000264,750.0,Quinta de Cabriz,"Cabriz Colheita Selecionada DOC Dão Vinho Branco, garrafa 75 cl",,3.99,5.32,750,L,€/L,,,https://driveimg1.intermarche.com/pt/Content/images/boitmal/produit/zoom/388902749DF79C27C82B5A3457903407.jpg,,,,,2026-03-04T23:59:59Z,PROSPECTUS,16,2,,,
6111,7613031204458,340.0,Purina Gourmet,Comida húmida para gato finos pedaços em molho,Embalagem de 340g,2.59,7.62,0,kg,€/Kg,,,https://driveimg1.intermarche.com/pt/Content/images/boitmal/produit/zoom/393F7D9374FE095E1E4BD6A16BFBFD33.jpg,,,,,2026-03-04T23:59:59Z,PROSPECTUS,16,2,,,
6119,7613032826789,340.0,Purina Gourmet,"Comida húmida para gato receitas do chef frango, embalagem de 340g",,2.59,7.62,0,kg,€/Kg,,,https://driveimg1.intermarche.com/pt/Content/images/boitmal/produit/zoom/0E05011F2F183B1EEF36549679F170E8.jpg,,,,,2026-03-04T23:59:59Z,PROSPECTUS,16,2,,,
6129,7613033736926,60.0,Felix,"Snack para gato original, 60g",,1.49,24.83,0,kg,€/Kg,,,https://driveimg1.intermarche.com/pt/Content/images/boitmal/produit/zoom/5A7E09EBCAB8492E04ABC15F8922349C.jpg,,,,,2026-03-04T23:59:59Z,PROSPECTUS,16,2,,,
6130,7613033738432,60.0,Felix,"Snack para gato seaside, embalagem de 60g",,1.49,24.83,0,kg,€/Kg,,,https://driveimg1.intermarche.com/pt/Content/images/boitmal/produit/zoom/BE04B3DB89382FB746A82610D0431CB3.jpg,,,,,2026-03-04T23:59:59Z,PROSPECTUS,16,2,,,
6133,7613033796401,1500.0,Friskies,Ração para cão mini adulto menu vitafit com frango,"Embalagem de 1,5 kg",5.24,3.49,0,kg,€/Kg,,,https://driveimg1.intermarche.com/pt/Content/images/boitmal/produit/zoom/F9D9733A41DC77CBB021DE0309C680AE.jpg,,,,,2026-03-04T23:59:59Z,PROSPECTUS,16,2,,,
6267,8016825926687,75.0,Aquafresh,Pasta dentífrica menta fresca,Embalagem de 75 ml,1.84,24.53,75,L,€/L,,,https://driveimg1.intermarche.com/pt/Content/images/boitmal/produit/zoom/5AF61545461116CEF40994D7E37A4C54.jpg,,,,,2026-03-04T23:59:59Z,PROSPECTUS,16,2,,,
6286,8434165489806,250.0,Cuétara,"Bolachas choco flakes callejeros, embalagem de 250g",,2.24,8.96,0,kg,€/Kg,,,https://driveimg1.intermarche.com/pt/Content/images/boitmal/produit/zoom/43DB7507C1D73F4965E8C27534B2B4EB.jpg,,,,,2026-03-04T23:59:59Z,PROSPECTUS,16,2,,,
6315,8410063055923,800.0,Pescanova,"Camarão Moçambique Médio 48/64 Ultracongelado, emb. 800 gr",,16.99,21.24,0,kg,€/Kg,,Tipo de stockagem,https://driveimg1.intermarche.com/pt/Content/images/boitmal/produit/zoom/85CC3B8F2E9B3BFD78B9D6D509C7D56E.jpg,,,,,2026-03-04T23:59:59Z,PROSPECTUS,16,2,,,
6321,8410063065564,500.0,Pescanova,"Tiras de pota, embalagem de 500g",,4.49,8.98,0,kg,€/Kg,,Tipo de stockagem,https://driveimg1.intermarche.com/pt/Content/images/boitmal/produit/zoom/3949EB58BAEAE91AA94D7A9EC6DF7344.jpg,,,,,2026-03-04T23:59:59Z,PROSPECTUS,16,2,,,
6408,8410376033267,410.0,Gullón,"Digestive aveia diet natural, embalagem de 410g",,2.89,7.05,0,kg,€/Kg,,,https://driveimg1.intermarche.com/pt/Content/images/boitmal/produit/zoom/D18958A844A120D74B9092BA39F02D7E.jpg,,,,,2026-03-04T23:59:59Z,PROSPECTUS,16,2,,,
6580,8412400193015,1000.0,Mr. Muscle,"Desentupidor Canos Gel, emb. 1 lt",,5.99,5.99,1000,L,€/L,,,https://driveimg1.intermarche.com/pt/Content/images/boitmal/produit/zoom/E4CBB8829ACC4E9939AAEA434FE9EF72.jpg,,,,,2026-03-04T23:59:59Z,PROSPECTUS,16,2,,,
6586,8412400335316,150.0,Glade,"Abs odores lavanda, pack 2x150g",Embalagem de 2x150 g,3.29,21.93,0,kg,€/Kg,,,https://driveimg1.intermarche.com/pt/Content/images/boitmal/produit/zoom/C9BF71A97CEB06168D66B6F35A1F168F.jpg,,,,,2026-03-04T23:59:59Z,PROSPECTUS,16,2,,,
6717,8693495032964,90.0,Palmolive,"Sabonete de glicerina hidratante, 90 g",,0.74,8.22,0,kg,€/Kg,,,https://driveimg1.intermarche.com/pt/Content/images/boitmal/produit/zoom/3108070260340CBEDACE468F76B5B6CB.jpg,,,,,2026-03-04T23:59:59Z,PROSPECTUS,16,2,,,
6916,8722700086697,80.0,Knorr,"Caldo para massas 8 cubos, embalagem de 80g",,1.52,19.0,0,kg,€/Kg,,,https://driveimg1.intermarche.com/pt/Content/images/boitmal/produit/zoom/BE8691ABFCE81DBD13F7FD3C1CE2B20C.jpg,,,,,2026-03-04T23:59:59Z,PROSPECTUS,16,3,,,
6918,8722700160809,80.0,Knorr,"Caldo para bifes 8 cubos, embalagem de 80g",,1.52,19.0,0,kg,€/Kg,,,https://driveimg1.intermarche.com/pt/Content/images/boitmal/produit/zoom/B5964D637E5D4FC0000C1C8B5AFD4E87.jpg,,,,,2026-03-04T23:59:59Z,PROSPECTUS,16,3,,,
7183,3010470158047,400.0,Friskies,"Ração para gato júnior com frango, cenoura e leite, embalagem de 400g",,1.84,4.6,0,kg,€/Kg,,,https://driveimg1.intermarche.com/pt/Content/images/boitmal/produit/zoom/5EB55CAEAEB09F334DD92530FAC2FED3.jpg,,,,,2026-03-04T23:59:59Z,PROSPECTUS,16,3,,,
7255,3083681022865,400.0,Bonduelle,"Grelos Mil-Folhas, emb. 400 gr",,1.49,3.73,0,kg,€/Kg,,Tipo de stockagem,https://driveimg1.intermarche.com/pt/Content/images/boitmal/produit/zoom/E7343960F8BC499EF6CB7EC55E3F60F1.jpg,,,,,2026-03-04T23:59:59Z,PROSPECTUS,16,3,,,
7293,3141360050001,750.0,Calgon,"Anti calcário para máquina de roupa em gel, de 750 ml",,6.99,9.32,750,L,€/L,,,https://driveimg1.intermarche.com/pt/Content/images/boitmal/produit/zoom/6C55FBB2527B904983CBCD32EE0DD6E9.jpg,,,,,2026-03-04T23:59:59Z,PROSPECTUS,16,3,,,
7324,3228020390131,250.0,President,"Manteiga magra meio sal, embalagem de 250g",,2.69,10.76,0,kg,€/Kg,,,https://driveimg1.intermarche.com/pt/Content/images/boitmal/produit/zoom/331DC0C2868698A1CF61BBA910E6E1D6.jpg,,,,,2026-03-04T23:59:59Z,PROSPECTUS,16,3,,,
7412,3250390568926,750.0,Expertclub,Vinho Tinto Cotes Du Rhone 0.75l,Garrafa de 75 cl,3.29,4.39,750,L,€/L,,,https://driveimg1.intermarche.com/pt/Content/images/boitmal/produit/zoom/2AA7B491744A79D9F80C7EC8E07A37CC.jpg,,,,,2026-03-04T23:59:59Z,PROSPECTUS,16,3,,,
7504,3250391421794,50.0,Labell,Creme Fixação Próteses Dentárias 50 G Dispositivo Médico,Embalagem de 50 g,3.49,69.8,0,kg,€/Kg,,,https://driveimg1.intermarche.com/pt/Content/images/boitmal/produit/zoom/6885745FC35A3F9A8AD8558EBCF4ED82.jpg,,,,,2026-03-04T23:59:59Z,PROSPECTUS,16,3,,,
7934,5000146401568,,Woolite,"Toalhitas de proteção, cores, 10 unidades",Uma embalagem,3.99,3.99,0,,€/Unidade,,,https://driveimg1.intermarche.com/pt/Content/images/boitmal/produit/zoom/B5A7F36CE5A8F8531C72A6DA7621A5D6.jpg,,,,,2026-03-04T23:59:59Z,PROSPECTUS,16,3,,,
7958,5000204524710,18.0,Glade,"Recarga Ambientador Sense & Spray Baunilha, 18 ml",,3.49,193.89,18,L,€/L,,,https://driveimg1.intermarche.com/pt/Content/images/boitmal/produit/zoom/264E6718B786624A842F93A1E4855703.jpg,,,,,2026-03-04T23:59:59Z,PROSPECTUS,16,3,,,
8031,5000394504424,,Duracell,2 Pilhas Alcalina LR44,,1.89,1.89,0,,€/Unidade,,,https://driveimg1.intermarche.com/pt/Content/images/boitmal/produit/zoom/14D4F902499AEF28F60F1189AD1CFF04.jpg,,,,,2026-03-04T23:59:59Z,PROSPECTUS,16,3,,,
8304,5601024154707,200.0,Oliveira da Serra,Azeite Virgem Extra Spray,Embalagem de 200ml,2.59,12.95,200,L,€/L,,,https://driveimg1.intermarche.com/pt/Content/images/boitmal/produit/zoom/ECB72CDBBB26FE18EC6C0F84589EA012.jpg,,,,,2026-03-04T23:59:59Z,PROSPECTUS,16,3,,,
8319,5601028017305,,Renova,Papel Higiénico Olé Branco 2 Folhas,38 Rolos + 10 Rolos Grátis,6.99,6.99,0,,€/Unidade,,,https://driveimg1.intermarche.com/pt/Content/images/boitmal/produit/zoom/5F618AB20DB350B94A7783BCF08F8F6B.jpg,,,,,2026-03-04T23:59:59Z,PROSPECTUS,16,3,,,
8388,5601049152993,1000.0,Mimosa,"Leite especial cálcio + vitamina d m/g, de 1l",,1.0,1.0,1000,L,€/L,,,https://driveimg1.intermarche.com/pt/Content/images/boitmal/produit/zoom/AE995344CF7D57F674EA8EE465C57CA4.jpg,,,,,2026-03-04T23:59:59Z,PROSPECTUS,16,3,,,
8391,5601049159992,1000.0,Mimosa,"Leite especial cálcio + vitamina d magro, de 1l",,1.0,1.0,1000,L,€/L,,,https://driveimg1.intermarche.com/pt/Content/images/boitmal/produit/zoom/22E6964D6A2F2B922BCB40BB341AE902.jpg,,,,,2026-03-04T23:59:59Z,PROSPECTUS,16,3,,,
8399,5601050033809,620.0,Danone,"Iogurte activia líquido morango, embalagem de 4 x 155 g",,1.99,3.21,0,kg,€/Kg,,,https://driveimg1.intermarche.com/pt/Content/images/boitmal/produit/zoom/D308B1FB4C89B3E5388CD017CB0E1529.jpg,,,,,2026-03-04T23:59:59Z,PROSPECTUS,16,3,,,
8400,5601050033779,620.0,Danone,"Iogurte Líquido Bifidus Cereais Integrais, emb. 620 gr (4 x 155 gr)",,2.09,3.37,0,kg,€/Kg,,,https://driveimg1.intermarche.com/pt/Content/images/boitmal/produit/zoom/3AC3707CF655B8CC61D2C80E4828D7C8.jpg,,,,,2026-03-04T23:59:59Z,PROSPECTUS,16,3,,,
8413,8410500008932,600.0,Danone,"Iogurte Líquido Defesa Morango, emb. 600 gr (6 x 100 gr)",,3.09,5.15,0,kg,€/Kg,,,https://driveimg1.intermarche.com/pt/Content/images/boitmal/produit/zoom/F5F985DE2C1FEBCCE4ED6002098F416C.jpg,,,,,2026-03-04T23:59:59Z,PROSPECTUS,16,3,,,
8415,8410500007836,600.0,Danone,"Actimel iogurte líquido tutti frutti, embalagem de 6 x 100g",,3.09,5.15,0,kg,€/Kg,,,https://driveimg1.intermarche.com/pt/Content/images/boitmal/produit/zoom/0712AE23BC1EFB6DA91FF7C37F68326A.jpg,,,,,2026-03-04T23:59:59Z,PROSPECTUS,16,3,,,
8416,5601050029345,1200.0,Danone,"Iogurte actimel, morango, embalagem de 12 x 100g",,4.99,4.16,0,kg,€/Kg,,,https://driveimg1.intermarche.com/pt/Content/images/boitmal/produit/zoom/745F8F4185D59AC1CCF745B58159ECA9.jpg,,,,,2026-03-04T23:59:59Z,PROSPECTUS,16,3,,,
8417,8410500006020,600.0,Danone,"Actimel magro natural, embalagem de 6 x 100g",,3.09,5.15,0,kg,€/Kg,,,https://driveimg1.intermarche.com/pt/Content/images/boitmal/produit/zoom/729A5232D0A334A9B7BE031706F8AD19.jpg,,,,,2026-03-04T23:59:59Z,PROSPECTUS,16,3,,,
8434,5601050033731,620.0,Danone,"Iogurte activia líquido 0% lima/limão, embalagem de 4 x 155g",,1.99,3.21,0,kg,€/Kg,,,https://driveimg1.intermarche.com/pt/Content/images/boitmal/produit/zoom/B41EA750EA9360556362913E488E9E4D.jpg,,,,,2026-03-04T23:59:59Z,PROSPECTUS,16,3,,,
8435,5601050033953,620.0,Danone,"Iogurte activia líquido 0% de pêssego/maracujá, embalagem de 4 x 155g",,1.99,3.21,0,kg,€/Kg,,,https://driveimg1.intermarche.com/pt/Content/images/boitmal/produit/zoom/8F87711D2EAC77ED611C3C3EAE26545D.jpg,,,,,2026-03-04T23:59:59Z,PROSPECTUS,16,3,,,
8436,5601050033762,620.0,Danone,"Iogurte activia líquido 0% frutos silvestres, embalagem de 4 x 155g",,1.99,3.21,0,kg,€/Kg,,,https://driveimg1.intermarche.com/pt/Content/images/boitmal/produit/zoom/A6C8A8EEDA98A4116E3BB4EB3828EC61.jpg,,,,,2026-03-04T23:59:59Z,PROSPECTUS,16,3,,,
8438,5601050033816,620.0,Danone,"Iogurte Líquido Bifidus Frutos Silvestres, emb. 620 gr (4 x 155 gr)",,1.99,3.21,0,kg,€/Kg,,,https://driveimg1.intermarche.com/pt/Content/images/boitmal/produit/zoom/E214EAC60369F7ED2580B2CD156E97E1.jpg,,,,,2026-03-04T23:59:59Z,PROSPECTUS,16,3,,,
8457,5601066600118,375.0,Nacional,"Cereais Corn Flakes Zero, emb. 375 gr",,1.94,5.17,0,kg,€/Kg,,,https://driveimg1.intermarche.com/pt/Content/images/boitmal/produit/zoom/96E528B06E3C6DB5A90CC133A280FDF2.jpg,,,,,2026-03-04T23:59:59Z,PROSPECTUS,16,3,,,
8479,5601084111054,5000.0,Galp,Óleo Performa 15W40,Embalagem de 5 l,22.79,4.56,5000,L,€/L,,,https://driveimg1.intermarche.com/pt/Content/images/boitmal/produit/zoom/DB769F0804A4F2E1E353792BA0F5EF79.jpg,,,,,2026-03-04T23:59:59Z,PROSPECTUS,16,3,,,
8480,5601084111405,5000.0,Galp,Óleo Multidiesel 15w40,Embalagem de 5 l,15.59,3.12,5000,L,€/L,,,https://driveimg1.intermarche.com/pt/Content/images/boitmal/produit/zoom/2F8CD65FA500A3973560B9D2831747E7.jpg,,,,,2026-03-04T23:59:59Z,PROSPECTUS,16,3,,,
8657,5601163081711,1980.0,Luso,"Água sem Gás Júnior, emb. 6 x 33 cl",,2.42,1.22,1980,L,€/L,,,https://driveimg1.intermarche.com/pt/Content/images/boitmal/produit/zoom/443B50B4BA27541FFD3067F816F7D24A.jpg,,,,,2026-03-04T23:59:59Z,PROSPECTUS,16,3,,,
8658,5601163101716,3000.0,Luso,"Água sem Gás, emb. 6 x 50 cl",,2.69,0.9,3000,L,€/L,,,https://driveimg1.intermarche.com/pt/Content/images/boitmal/produit/zoom/13EA35DE036BB24C52BA46395E39799E.jpg,,,,,2026-03-04T23:59:59Z,PROSPECTUS,16,3,,,
8665,5601164162204,1500.0,Carlsberg,"Cerveja com Álcool, emb. 6 x 25 cl",,3.79,2.53,1500,L,€/L,,,https://driveimg1.intermarche.com/pt/Content/images/boitmal/produit/zoom/1B32310DC7FF17F1A62B7BDEDE2573C7.jpg,,,,,2026-03-04T23:59:59Z,PROSPECTUS,16,3,,,
8670,5601164900004,6000.0,Carlsberg,"Cerveja com Álcool, emb. 24 x 25 cl",,12.99,2.17,6000,L,€/L,,,https://driveimg1.intermarche.com/pt/Content/images/boitmal/produit/zoom/974095AD2AA090B34BBE60CDC13FDA25.jpg,,,,,2026-03-04T23:59:59Z,PROSPECTUS,16,3,,,
8672,5601164902589,5000.0,Super Bock,"Cerveja com Álcool Mini, emb. 20 x 25 cl",,9.99,2.0,5000,L,€/L,,,https://driveimg1.intermarche.com/pt/Content/images/boitmal/produit/zoom/2F3621A27B73789EDA7DDA7347F7A8AE.jpg,,,,,2026-03-04T23:59:59Z,PROSPECTUS,16,3,,,
8743,5601214404018,5000.0,Redex,"Shampoo, vermelho",Embalagem de 5 l,4.99,1.0,5000,L,€/L,,,https://driveimg1.intermarche.com/pt/Content/images/boitmal/produit/zoom/340715016C11A27B040EBE69E54B1FE0.jpg,,,,,2026-03-04T23:59:59Z,PROSPECTUS,16,3,,,
8745,5601214454129,1000.0,Redex,Shampô vermelho,Embalagem de 1 l,2.89,2.89,1000,L,€/L,,,https://driveimg1.intermarche.com/pt/Content/images/boitmal/produit/zoom/63061CC5F4A523722C8965CB64335BD4.jpg,,,,,2026-03-04T23:59:59Z,PROSPECTUS,16,3,,,
8747,5601214456031,500.0,Redex,Óleo travões,Embalagem de 500 ml,4.29,8.58,500,L,€/L,,,https://driveimg1.intermarche.com/pt/Content/images/boitmal/produit/zoom/77249927BE26A5EA854961A75670EE46.jpg,,,,,2026-03-04T23:59:59Z,PROSPECTUS,16,3,,,
8762,5601217121363,,Air Wick,"Ambientador elétrico lavanda, embalagem de 1 unidades",,4.49,4.49,1,,€/Unidade,,,https://driveimg1.intermarche.com/pt/Content/images/boitmal/produit/zoom/85CBDA0490768C5C003838D335A87F79.jpg,,,,,2026-03-04T23:59:59Z,PROSPECTUS,16,3,,,
8794,5601237233220,750.0,JP,"Vinho regional península de setúbal branco, garrafa de 0.75 l",,2.19,2.92,750,L,€/L,,,https://driveimg1.intermarche.com/pt/Content/images/boitmal/produit/zoom/A84E869B295C8EAA0785F72E27A73746.jpg,,,,,2026-03-04T23:59:59Z,PROSPECTUS,16,3,,,
8795,5601237241225,750.0,JP,Vinho regional península de setúbal tinto,Garrafa de 0.75 l,2.19,2.92,750,L,€/L,,,https://driveimg1.intermarche.com/pt/Content/images/boitmal/produit/zoom/F5BE43DFD5A094527765C3E1C490CDE0.jpg,,,,,2026-03-04T23:59:59Z,PROSPECTUS,16,3,,,
8942,5601385501592,,Sensodyne,Fita dental,1 unidade,2.99,2.99,0,,€/Unidade,,,https://driveimg1.intermarche.com/pt/Content/images/boitmal/produit/zoom/61B4E4C07BB705A238083B34CDF77973.jpg,,,,,2026-03-04T23:59:59Z,PROSPECTUS,16,3,,,
8945,5601385503329,50.0,Aquafresh,Dentifríco p/ Dentes de Leite,Embalagem de 50 ml,2.24,44.8,50,L,€/L,,,https://driveimg1.intermarche.com/pt/Content/images/boitmal/produit/zoom/5E8C9831E2A0577287A67EC7A6EF4DF1.jpg,,,,,2026-03-04T23:59:59Z,PROSPECTUS,16,3,,,
8946,5601385503336,50.0,Aquafresh,Dentifríco Júnior,Embalagem de 50 ml,2.24,44.8,50,L,€/L,,,https://driveimg1.intermarche.com/pt/Content/images/boitmal/produit/zoom/D41C8C0DFB64F70B6A37CFA22926C2FA.jpg,,,,,2026-03-04T23:59:59Z,PROSPECTUS,16,3,,,
8947,5601385503350,,Aquafresh,Escova de Dentes de Leite,1 unidade,2.46,2.46,0,,€/Unidade,,,https://driveimg1.intermarche.com/pt/Content/images/boitmal/produit/zoom/74029EF141ED7E8DAE787D6EDF3ADD5D.jpg,,,,,2026-03-04T23:59:59Z,PROSPECTUS,16,3,,,
8998,5601511000616,400.0,Limiano,"Queijo em fatias, 400g",,3.79,9.48,0,kg,€/Kg,,,https://driveimg1.intermarche.com/pt/Content/images/boitmal/produit/zoom/B876EB9E5C4AFD1BCE528AB6B8F31622.jpg,,,,,2026-03-04T23:59:59Z,PROSPECTUS,16,3,,,
9079,5601883000719,200.0,Nova Açores,"Queijo flamengo, fatias, embalagem de 200g",,2.19,10.95,0,kg,€/Kg,,,https://driveimg1.intermarche.com/pt/Content/images/boitmal/produit/zoom/52AF50A3353B95E784996AD8533A093F.jpg,,,,,2026-03-04T23:59:59Z,PROSPECTUS,16,3,,,
9165,5602154602465,750.0,Adega de Borba,Vinho tinto doc premium alentejo,Garrafa de 750 ml,4.99,6.65,750,L,€/L,,,https://driveimg1.intermarche.com/pt/Content/images/boitmal/produit/zoom/AA1F4468B54B15FB8D6311A4DBEF19B4.jpg,,,,,2026-03-04T23:59:59Z,PROSPECTUS,16,3,,,
9184,5602348062754,70.0,Damatta,"Presunto em Fatias, emb. 70 gr",Embalagem de 70 g,2.29,32.71,0,kg,€/Kg,,,https://driveimg1.intermarche.com/pt/Content/images/boitmal/produit/zoom/9AE2DBDD0E054DD3DCAC93A9D0EE8ECE.jpg,,,,,2026-03-04T23:59:59Z,PROSPECTUS,16,3,,,
9240,5603016000757,750.0,Fontanario,"Vinho branco palmela d.o., garrafa de 0.75 l",,2.15,2.87,750,L,€/L,,,https://driveimg1.intermarche.com/pt/Content/images/boitmal/produit/zoom/B18D2172DBC23BD8AEF964EEDD412C7D.jpg,,,,,2026-03-04T23:59:59Z,PROSPECTUS,16,3,,,
9242,5603016001617,750.0,Adega de Pegões,"Moscatel de setúbal, garrafa de 750 ml",,4.79,6.39,750,L,€/L,,,https://driveimg1.intermarche.com/pt/Content/images/boitmal/produit/zoom/E6527937F19A220C16AE3BAD6F89F191.jpg,,,,,2026-03-04T23:59:59Z,PROSPECTUS,16,3,,,
9244,5603016193459,750.0,Fontanario,"Vinho tinto doc palmela, garrafa de 0.75 l",,2.15,2.87,750,L,€/L,,,https://driveimg1.intermarche.com/pt/Content/images/boitmal/produit/zoom/A0A7973A85FB44AFCC8705306CDD1DF2.jpg,,,,,2026-03-04T23:59:59Z,PROSPECTUS,16,3,,,
9286,5603722492068,1000.0,Mimosa,"Leite especial crescimento +3 anos, de 1l",,1.79,1.79,1000,L,€/L,,,https://driveimg1.intermarche.com/pt/Content/images/boitmal/produit/zoom/725DD97507787FA3537E15C080262D77.jpg,https://driveimg1.intermarche.com/pt/Content/images/boitmal/produit/zoom/C1DA16AEB6305B1844421608D84E82EB.jpg,https://driveimg1.intermarche.com/pt/Content/images/boitmal/produit/zoom/5674CBEBA359C0E43414CBEAA69D8774.jpg,,,2026-03-04T23:59:59Z,PROSPECTUS,16,3,,,
9294,5603722494215,1000.0,Mimosa,"Bebida láctea especial crescimento 1 a 3 anos, de 1l",,1.79,1.79,1000,L,€/L,,,https://driveimg1.intermarche.com/pt/Content/images/boitmal/produit/zoom/E8EAAB44B3166FE020B43F64B725D8EB.jpg,https://driveimg1.intermarche.com/pt/Content/images/boitmal/produit/zoom/B8D0BEE13E0FA7481A224732CB88CE29.jpg,https://driveimg1.intermarche.com/pt/Content/images/boitmal/produit/zoom/CF47B7EE63F34663DCC396F54F91507B.jpg,,,2026-03-04T23:59:59Z,PROSPECTUS,16,3,,,
9302,5603722497285,1500.0,Pleno,"Tisana chá preto ginseg e limão, garrafa de 1,5 l",,1.59,1.06,1500,L,€/L,,,https://driveimg1.intermarche.com/pt/Content/images/boitmal/produit/zoom/408117D5CB1B7AB29021A2154514DE8D.jpg,,,,,2026-03-04T23:59:59Z,PROSPECTUS,16,3,,,
9311,5603722502064,250.0,Mimosa,"Manteiga fácil de barrar, embalagem de 250g",,2.24,8.96,0,kg,€/Kg,,,https://driveimg1.intermarche.com/pt/Content/images/boitmal/produit/zoom/FEF75CFD36A5CE8709DF5D4930F11917.jpg,https://driveimg1.intermarche.com/pt/Content/images/boitmal/produit/zoom/A8C47E9F1F12DFE2439D3530C38E2D87.jpg,https://driveimg1.intermarche.com/pt/Content/images/boitmal/produit/zoom/2EE410FD3A0147BBB442FA96902FFF46.jpg,,,2026-03-04T23:59:59Z,PROSPECTUS,16,3,,,
9403,5604260042302,150.0,PorSi,Batatas Fritas Lisas Light 150g,,1.09,7.27,0,kg,€/Kg,,,https://driveimg1.intermarche.com/pt/Content/images/boitmal/produit/zoom/73A0C67508D9BE1C1394925C4F7C5FE3.jpg,,,,,2026-03-04T23:59:59Z,PROSPECTUS,16,3,,,
9525,5604260129034,1000.0,PorSi,Detergente Loiça Ultra Limão 1l,Embalagem de 1 l,1.89,1.89,1000,L,€/L,,,https://driveimg1.intermarche.com/pt/Content/images/boitmal/produit/zoom/5025DBE8B1C9012D919D58598BB5BB67.jpg,,,,,2026-03-04T23:59:59Z,PROSPECTUS,16,3,,,
9526,5604260129041,1000.0,PorSi,Detergente Loiça Ultra Maçã 1l,Embalagem de 1 l,1.89,1.89,1000,L,€/L,,,https://driveimg1.intermarche.com/pt/Content/images/boitmal/produit/zoom/61A1F0D413389D70230B801FF9A5419D.jpg,,,,,2026-03-04T23:59:59Z,PROSPECTUS,16,3,,,
9621,5604260264766,150.0,PorSi,Batatas Fritas em Azeite 150g,,1.45,9.67,0,kg,€/Kg,,,https://driveimg1.intermarche.com/pt/Content/images/boitmal/produit/zoom/6D03FBEB7A98191F27E0B9F42498BD17.jpg,,,,,2026-03-04T23:59:59Z,PROSPECTUS,16,3,,,
9646,5604260267132,500.0,PorSi,Detergente Loiça Ultra Concentrado Seda e Orquídea 500ml,Embalagem de 500 ml,1.59,3.18,500,L,€/L,,,https://driveimg1.intermarche.com/pt/Content/images/boitmal/produit/zoom/A1DAD739526F55C12D1E4A4FDAA9051E.jpg,,,,,2026-03-04T23:59:59Z,PROSPECTUS,16,3,,,
9647,5604260267149,500.0,PorSi,Detergente Loiça Ultra Concentrado Aloé Vera e Pepino 500ml,Embalagem de 500 ml,1.29,2.58,500,L,€/L,,,https://driveimg1.intermarche.com/pt/Content/images/boitmal/produit/zoom/4AFD57537B7E368DE97533425F112B19.jpg,,,,,2026-03-04T23:59:59Z,PROSPECTUS,16,3,,,
9859,5998749117750,60.0,Catisfactions,"Snack para gato de salmão, embalagem de 60g",,1.69,28.17,0,kg,€/Kg,,,https://driveimg1.intermarche.com/pt/Content/images/boitmal/produit/zoom/B799D7A1AD142A0B0FBA8E853A149EE8.jpg,,,,,2026-03-04T23:59:59Z,PROSPECTUS,16,3,,,
9861,5998749117798,60.0,Catisfactions,"Snack para gato de queijo, embalagem de 60g",,1.69,28.17,0,kg,€/Kg,,,https://driveimg1.intermarche.com/pt/Content/images/boitmal/produit/zoom/77C3FBAC96EEDCDDF2579EC98789B81E.jpg,,,,,2026-03-04T23:59:59Z,PROSPECTUS,16,3,,,
9872,7322540319972,,Tena,"Pensos Incontinência Discreet Maxi, emb. 12 un.",,6.36,6.36,12,,€/Unidade,,,https://driveimg1.intermarche.com/pt/Content/images/boitmal/produit/zoom/B0A5760A95DCC6213209AC3ABAE33C53.jpg,https://driveimg1.intermarche.com/pt/Content/images/boitmal/produit/zoom/F2C60811FC32EA34D7318E5D762B5028.jpg,https://driveimg1.intermarche.com/pt/Content/images/boitmal/produit/zoom/27A2BE4C6FB8F76ABEAF4A14BD4BCFEB.jpg,https://driveimg1.intermarche.com/pt/Content/images/boitmal/produit/zoom/C80C60FA35457997181F710DFDCBB137.jpg,,2026-03-04T23:59:59Z,PROSPECTUS,16,3,,,
9884,7613031584765,340.0,Purina Gourmet,"Comida Húmida Para Gato Finos Pedaços Com Legumes, emb. 4 x 85 gr",,2.59,7.62,0,kg,€/Kg,,,https://driveimg1.intermarche.com/pt/Content/images/boitmal/produit/zoom/C0CDF4838FFE7D06F232C7798568AA0E.jpg,,,,,2026-03-04T23:59:59Z,PROSPECTUS,16,3,,,
9887,7613032285470,340.0,Purina Gourmet,"Comida Húmida para Gato Adulto Finos Pedaços em Gelatina Saquetas, emb. 4 x 85 gr",Embalagem de 4x85 g,2.59,7.62,0,kg,€/Kg,,,https://driveimg1.intermarche.com/pt/Content/images/boitmal/produit/zoom/9135450626020059BB082204BCDFD9B5.jpg,,,,,2026-03-04T23:59:59Z,PROSPECTUS,16,3,,,
9900,7613034010605,3000.0,Friskies,Ração para cão adulto omega com vaca e peixe,Embalagem de 3 kg,9.74,3.25,0,kg,€/Kg,,,https://driveimg1.intermarche.com/pt/Content/images/boitmal/produit/zoom/5959E9CF4F393158E0F99F2CBB0F5184.jpg,,,,,2026-03-04T23:59:59Z,PROSPECTUS,16,3,,,
9906,7613034146687,800.0,Purina One,"Ração para Cão Weight Control rico em Peru, 800 g",,4.79,5.99,0,kg,€/Kg,,,https://driveimg1.intermarche.com/pt/Content/images/boitmal/produit/zoom/F5A0436D904322D54699D9AD681866F1.jpg,,,,,2026-03-04T23:59:59Z,PROSPECTUS,16,3,,,
9907,7613034146823,800.0,Purina One,"Ração para Cão Adulto Mini Vaca e Arroz, emb. 800 gr",,4.79,5.99,0,kg,€/Kg,,,https://driveimg1.intermarche.com/pt/Content/images/boitmal/produit/zoom/BC85A1894A8082C859A5F82E4CFD0FB7.jpg,,,,,2026-03-04T23:59:59Z,PROSPECTUS,16,3,,,
9909,7613034147509,1500.0,Purina One,Alimento seco para cão adulto,"Embalagem de 1,5 kg",7.49,4.99,0,kg,€/Kg,,,https://driveimg1.intermarche.com/pt/Content/images/boitmal/produit/zoom/EE854481DB147ADB2F1617DD2FD4D944.jpg,,,,,2026-03-04T23:59:59Z,PROSPECTUS,16,3,,,
9915,7613034515667,400.0,Yogolino,"Nestlé iogolino prep iog baunilha 100g, de 400g",,1.99,4.98,0,kg,€/Kg,,,https://driveimg1.intermarche.com/pt/Content/images/boitmal/produit/zoom/93D854C9817D9D32644809667C60F85C.jpg,,,,,2026-03-04T23:59:59Z,PROSPECTUS,16,3,,,
10002,8001480020573,1000.0,Neoblanc,"Lixívia para roupa, azul, tradicional",Embalagem de 1 l,1.68,1.68,1000,L,€/L,,,https://driveimg1.intermarche.com/pt/Content/images/boitmal/produit/zoom/F65198E56E8F6796FECE5F4D1AD86180.jpg,,,,,2026-03-04T23:59:59Z,PROSPECTUS,16,3,,,
10089,8410100030722,40.0,Crunch,"Tablete de Chocolate de Leite Crunch Mini, 40g",,1.29,32.25,0,kg,€/Kg,,,https://driveimg1.intermarche.com/pt/Content/images/boitmal/produit/zoom/E86A411CC9289CCFA0C69208C9C133E5.jpg,https://driveimg1.intermarche.com/pt/Content/images/boitmal/produit/zoom/AC97B2D249400B9A2C95B21F6B1799B6.jpg,,,,2026-03-04T23:59:59Z,PROSPECTUS,16,3,,,
10116,8410104702601,,Finish,Limpa máquina loiça regular,,3.89,3.89,1,,€/Unidade,,,https://driveimg1.intermarche.com/pt/Content/images/boitmal/produit/zoom/928CE798A3F3B183700718A418930AB8.jpg,,,,,2026-03-04T23:59:59Z,PROSPECTUS,16,3,,,
10128,8006540836224,,Dodot,Toalhitas Pure 0% Plástico,Embalagem de 48 unidades,1.74,1.74,0,,€/Unidade,,,https://driveimg1.intermarche.com/pt/Content/images/boitmal/produit/zoom/A6A917F7D6C239B691DF2BB237C59C0C.jpg,,,,,2026-03-04T23:59:59Z,PROSPECTUS,16,3,,,
10148,8410188012092,500.0,KelloggS,"Cereais corn flakes, embalagem de 500g",,3.49,6.98,0,kg,€/Kg,,,https://driveimg1.intermarche.com/pt/Content/images/boitmal/produit/zoom/50134096BD8DC39E1EABB6827BC545AE.jpg,,,,,2026-03-04T23:59:59Z,PROSPECTUS,16,3,,,
10357,8411300041686,,Nutrisse,"Coloração permanente, castanho dourado, nº43",1 unidade,6.14,6.14,0,,€/Unidade,,,https://driveimg1.intermarche.com/pt/Content/images/boitmal/produit/zoom/9703704A2C359848096236DC42C5F84E.jpg,,,,,2026-03-04T23:59:59Z,PROSPECTUS,16,3,,,
10509,8435250297955,256.0,Nestlé,"Iogurte mix in smarties baunilha, embalagem de 2 x 128 g",,2.19,8.55,0,kg,€/Kg,,,https://driveimg1.intermarche.com/pt/Content/images/boitmal/produit/zoom/5355941DC0922592DB9EDB46788FEE19.jpg,,,,,2026-03-04T23:59:59Z,PROSPECTUS,16,3,,,
10512,8435250439577,232.0,Nestlé,"Iogurte Mix-In Cereais Nesquik Infantil, emb. 232 gr (2 x 116 gr)",,2.19,9.44,0,kg,€/Kg,,,https://driveimg1.intermarche.com/pt/Content/images/boitmal/produit/zoom/6C2207480393D760FBF1824B2B4CD877.jpg,,,,,2026-03-04T23:59:59Z,PROSPECTUS,16,3,,,
10552,8693495032940,90.0,Palmolive,"Sabonete glicerina natural, 90 g",,0.74,8.22,0,kg,€/Kg,,,https://driveimg1.intermarche.com/pt/Content/images/boitmal/produit/zoom/26DBAEE35FA20A8B04FEA0DBE2DBA55C.jpg,,,,,2026-03-04T23:59:59Z,PROSPECTUS,16,3,,,
10823,2895063000000,250.0,Castelões,Queijo Curado kg,1 un = 250 gr  (aprox.),2.62,10.49,0,,€/Kg,,,https://driveimg1.intermarche.com/pt/Content/images/boitmal/produit/zoom/75B6363D9B6BD363EA11623977BF1CB2.jpg,,,,,2026-03-04T23:59:59Z,PROSPECTUS,16,3,,,
10859,3023290400395,230.0,Nestlé,"Iogurte mix in kit kat, embalagem de 2 x 115g",,2.19,9.52,0,kg,€/Kg,,,https://driveimg1.intermarche.com/pt/Content/images/boitmal/produit/zoom/46A338E8D7EAC63B8EF63808F7DF5998.jpg,,,,,2026-03-04T23:59:59Z,PROSPECTUS,16,3,,,
10897,3222270325257,85.0,Purina Gourmet,"Comida húmida para gatinhos mousse com vitela, embalagem de 85g",,0.74,8.71,0,kg,€/Kg,,,https://driveimg1.intermarche.com/pt/Content/images/boitmal/produit/zoom/9F3B44A6D750B4011FA8F3A0B64B7054.jpg,,,,,2026-03-04T23:59:59Z,PROSPECTUS,16,3,,,
10899,3228021000084,250.0,President,"Manteiga la motte sal do mar, embalagem de 250g",,3.99,15.96,0,kg,€/Kg,,,https://driveimg1.intermarche.com/pt/Content/images/boitmal/produit/zoom/F02DC28B5940DB25AE13C684F975BF0B.jpg,,,,,2026-03-04T23:59:59Z,PROSPECTUS,16,3,,,
10900,3228021920191,250.0,President,"Manteiga fácil de barrar, embalagem de 250g",,3.65,14.6,0,kg,€/Kg,,,https://driveimg1.intermarche.com/pt/Content/images/boitmal/produit/zoom/AD6F66474E604C53FDAA16EA65E09D09.jpg,,,,,2026-03-04T23:59:59Z,PROSPECTUS,16,3,,,
10901,3228022000298,250.0,President,"Manteiga magra baixo teor sal, embalagem de 250g",,2.69,10.76,0,kg,€/Kg,,,https://driveimg1.intermarche.com/pt/Content/images/boitmal/produit/zoom/DCFDE09AD10D5DD4255ED225FA75C5F7.jpg,,,,,2026-03-04T23:59:59Z,PROSPECTUS,16,3,,,
11171,4005808754458,400.0,Nivea,"Creme Corpo Body Milk Hidratante Nutritivo, emb. 400 ml",,4.68,11.7,400,L,€/L,,,https://driveimg1.intermarche.com/pt/Content/images/boitmal/produit/zoom/3649947FBEFD7843794DF9D978B6FEDA.jpg,,,,,2026-03-04T23:59:59Z,PROSPECTUS,16,3,,,
11468,5601028007085,,Renova,Guardanapos Gold 2 folhas,Dim.: 39x39cm,1.59,1.59,0,,€/Unidade,,,https://driveimg1.intermarche.com/pt/Content/images/boitmal/produit/zoom/035219A1B2466338CA4003CF7FC8769A.jpg,,,,,2026-03-04T23:59:59Z,PROSPECTUS,16,3,,,
11501,5601049612084,125.0,Mimosa,"Manteiga com sal, embalagem de 130g",,1.39,11.12,0,kg,€/Kg,,,https://driveimg1.intermarche.com/pt/Content/images/boitmal/produit/zoom/C0A3DF0B7623AAEE8B7C1B9626AECDDA.jpg,https://driveimg1.intermarche.com/pt/Content/images/boitmal/produit/zoom/1207D37BB442FDD5C918BE023189F00C.jpg,,,,2026-03-04T23:59:59Z,PROSPECTUS,16,3,,,
11613,5601164864467,1320.0,Somersby,"Sidra maçã, pack 4 x 0.33 l",,3.89,2.95,1320,L,€/L,,,https://driveimg1.intermarche.com/pt/Content/images/boitmal/produit/zoom/F0118862B10C3F3FD894ACFE7A34A6C9.jpg,,,,,2026-03-04T23:59:59Z,PROSPECTUS,16,3,,,
11650,5601192201104,200.0,Agros,Nata uht 200 ml,,0.89,4.45,200,L,€/L,,,https://driveimg1.intermarche.com/pt/Content/images/boitmal/produit/zoom/478AC7EFE77B8590BBD8EF6C88C17807.jpg,,,,,2026-03-04T23:59:59Z,PROSPECTUS,16,3,,,
11655,5601195101142,1980.0,Pedras Salgadas,"Água com gás natural pet, pack 6 x 0.33 l",,2.99,1.51,1980,L,€/L,,,https://driveimg1.intermarche.com/pt/Content/images/boitmal/produit/zoom/702FFA9017CB152B0B80B7BA93CF9B54.jpg,,,,,2026-03-04T23:59:59Z,PROSPECTUS,16,3,,,
11671,5601217126382,1650.0,Woolite,Detergente líquido p/ máquina lavar roupa cores,"Garrafa de 1,65 l",6.99,4.24,1650,L,€/L,,,https://driveimg1.intermarche.com/pt/Content/images/boitmal/produit/zoom/8C38ED746381E210259B37EA8CABFD0A.jpg,,,,,2026-03-04T23:59:59Z,PROSPECTUS,16,3,,,
11672,5601217126399,1650.0,Woolite,Detergente líquido p/ máquina lavar roupa cores escuras,"Garrafa de 1,65 l",6.99,4.24,1650,L,€/L,,,https://driveimg1.intermarche.com/pt/Content/images/boitmal/produit/zoom/FC5980949C1223101DAEB813C8710D22.jpg,,,,,2026-03-04T23:59:59Z,PROSPECTUS,16,3,,,
11685,5601244202042,150.0,Terra Nostra,"Queijo flamengo, ralado, embalagem de 150g",,1.69,11.27,0,kg,€/Kg,,,https://driveimg1.intermarche.com/pt/Content/images/boitmal/produit/zoom/661D5D131888AD52FC27900BF4583C9D.jpg,,,,,2026-03-04T23:59:59Z,PROSPECTUS,16,3,,,
11714,5601286402301,120.0,Nacional,"Bolachas mini alfa, embalagem de 120g",,1.04,8.67,0,kg,€/Kg,,,https://driveimg1.intermarche.com/pt/Content/images/boitmal/produit/zoom/CABDFDBC8DAA74CB0278C7B282CBCC9E.jpg,,,,,2026-03-04T23:59:59Z,PROSPECTUS,16,3,,,
11727,5601349013673,1000.0,3 marias,"Vinho verde branco, garrafa de 1l",,3.29,3.29,1000,L,€/L,,,https://driveimg1.intermarche.com/pt/Content/images/boitmal/produit/zoom/A81BCAF54881777811300CE8D032B128.jpg,,,,,2026-03-04T23:59:59Z,PROSPECTUS,16,3,,,
11733,5601356011839,750.0,Albarrada,Vinho maduro tinto doc alentejo reserva,Garrafa de 75 cl,3.49,4.65,750,L,€/L,,,https://driveimg1.intermarche.com/pt/Content/images/boitmal/produit/zoom/33B9742FF812113E0A51628BD9BC53AF.jpg,,,,,2026-03-04T23:59:59Z,PROSPECTUS,16,3,,,
11734,5601356012812,750.0,Albarrada,Vinho doc alentejo tinto,Garrafa de 750 ml,2.79,3.72,750,L,€/L,,,https://driveimg1.intermarche.com/pt/Content/images/boitmal/produit/zoom/71E706CAECD0B52AD13C2ECF90D542F3.jpg,,,,,2026-03-04T23:59:59Z,PROSPECTUS,16,3,,,
11744,5601385503367,,Aquafresh,Escova de Dentes Júnior,1 unidade,2.46,2.46,0,,€/Unidade,,,https://driveimg1.intermarche.com/pt/Content/images/boitmal/produit/zoom/E21B5A9C6DF80B154353F4559B6F4F4D.jpg,,,,,2026-03-04T23:59:59Z,PROSPECTUS,16,3,,,
11755,5601511000623,400.0,Limiano,"Queijo fatias -50% de gordura, 400g",,3.89,9.73,0,kg,€/Kg,,,https://driveimg1.intermarche.com/pt/Content/images/boitmal/produit/zoom/1F49DD4803359F1338D0D32889490E90.jpg,,,,,2026-03-04T23:59:59Z,PROSPECTUS,16,3,,,
29356,8718951202856,500.0,Palmolive,"Gel de banho natural leite e mel, 500 ml",,2.69,5.38,500,L,€/L,,,https://driveimg1.intermarche.com/pt/Content/images/boitmal/produit/zoom/6CB5E843C7A08E2ECE1293E08A53478D.jpg,,,,,2026-03-04T23:59:59Z,PROSPECTUS,16,4,,,
30053,7613036271882,,Nescafé,"Cápsulas de café com leite cappuccino, embalagem com 16 cápsulas",,5.89,5.89,16,,€/Unidade,,,https://driveimg1.intermarche.com/pt/Content/images/boitmal/produit/zoom/5BB9EC4C2940375D6F1C3E0EB32D5765.jpg,,,,,2026-03-04T23:59:59Z,PROSPECTUS,16,4,,,
30721,5601883270013,150.0,Nova Açores,"Queijo da ilha fatiado, embalagem de 150g",,1.88,12.53,0,kg,€/Kg,,,https://driveimg1.intermarche.com/pt/Content/images/boitmal/produit/zoom/40CA9125AF84B5E9D880FDC49E57282C.jpg,,,,,2026-03-04T23:59:59Z,PROSPECTUS,16,4,,,
30891,5609060099617,200.0,Delta,Bebida solúvel cereais+fibra frasco 200g,Embalagem de 200g,2.79,13.95,0,kg,€/Kg,,,https://driveimg1.intermarche.com/pt/Content/images/boitmal/produit/zoom/7C416EF7E94C6799222D8AD20D418923.jpg,,,,,2026-03-04T23:59:59Z,PROSPECTUS,16,4,,,
31902,7613036145831,,Nescafé,"Café com leite intenso, 16 cápsulas",,5.89,5.89,16,,€/Unidade,,,https://driveimg1.intermarche.com/pt/Content/images/boitmal/produit/zoom/A90BBCA2B06FA252007AC1326F21A0DA.jpg,,,,,2026-03-04T23:59:59Z,PROSPECTUS,16,4,,,
32074,7613036488402,340.0,Purina One,"Comida Húmida para Gato Adulto Frango e Vaca Saquetas, emb. 350 gr (4 x 85 gr)",,2.59,7.62,0,kg,€/Kg,,,https://driveimg1.intermarche.com/pt/Content/images/boitmal/produit/zoom/7C69B3F68B06FF88501E698801F8DD83.jpg,,,,,2026-03-04T23:59:59Z,PROSPECTUS,16,4,,,
32299,4005900388650,150.0,Nivea Men,"Desodorizante spray black & white men, 150 ml",,2.64,17.6,150,L,€/L,,,https://driveimg1.intermarche.com/pt/Content/images/boitmal/produit/zoom/1CFD17D9EFCFB764EEEE2BAAB79429B4.jpg,,,,,2026-03-04T23:59:59Z,PROSPECTUS,16,4,,,
32300,4005900388612,150.0,Nivea,"Desodorizante Spray Black & White Invisible Original, emb. 150 ml",,2.64,17.6,150,L,€/L,,,https://driveimg1.intermarche.com/pt/Content/images/boitmal/produit/zoom/8DE853FFE1791557BA744D60C2D0A5B6.jpg,,,,,2026-03-04T23:59:59Z,PROSPECTUS,16,4,,,
33400,5604260285228,4000.0,PorSi,Alimento Seco Cão Adulto Mix 4kg,,5.49,1.37,0,kg,€/Kg,,,https://driveimg1.intermarche.com/pt/Content/images/boitmal/produit/zoom/3AA045D73049470D10C23032126C6A0F.jpg,,,,,2026-03-04T23:59:59Z,PROSPECTUS,16,4,,,
33401,3065890142350,1200.0,Pedigree,"Alimento húmido para cão adulto, 12 x 100 g",,5.34,4.45,0,kg,€/Kg,,,https://driveimg1.intermarche.com/pt/Content/images/boitmal/produit/zoom/B303A5148245C532F7D1FC9626EB2397.jpg,,,,,2026-03-04T23:59:59Z,PROSPECTUS,16,4,,,
34201,5601066401029,150.0,Nacional,"Bolachas com pepitas de chocolate my cookie!, 150g",,1.39,9.27,0,kg,€/Kg,,,https://driveimg1.intermarche.com/pt/Content/images/boitmal/produit/zoom/62E8A4FDEC6FCE6FCA9B1B71AEF816E1.jpg,,,,,2026-03-04T23:59:59Z,PROSPECTUS,16,4,,,
34456,5604260325726,330.0,PorSi,6 Salsichas Frescas Merguez 330 G,,5.39,16.33,0,kg,€/Kg,,,https://driveimg1.intermarche.com/pt/Content/images/boitmal/produit/zoom/5AF24CB9ECB0552B9DC2158D80B5D568.jpg,,,,,2026-03-04T23:59:59Z,PROSPECTUS,16,4,,,
35852,5604260292868,300.0,PorSi,Lagartos,Embalagem de 300 gr,1.59,5.3,0,kg,€/Kg,,,https://driveimg1.intermarche.com/pt/Content/images/boitmal/produit/zoom/C51C928FD26DC077DB8F1E1D6D8F25D2.jpg,,,,,2026-03-04T23:59:59Z,PROSPECTUS,16,4,,,
35884,7613036886536,400.0,Yogolino,Yogolino morango banana 0% açúcares adicionados 4x100g,Embalagem de 400g,1.99,4.98,0,kg,€/Kg,,,https://driveimg1.intermarche.com/pt/Content/images/boitmal/produit/zoom/7807C1DC6FDB66074A291996AEB79A89.jpg,,,,,2026-03-04T23:59:59Z,PROSPECTUS,16,4,,,
36156,5604260296903,400.0,PorSi,Alimento Humido Gato Frango Coelho 400g,,0.99,2.48,0,kg,€/Kg,,,https://driveimg1.intermarche.com/pt/Content/images/boitmal/produit/zoom/76C8C10CB9460401502B28245C3865FD.jpg,,,,,2026-03-04T23:59:59Z,PROSPECTUS,16,4,,,
36527,5604260286492,4000.0,PorSi,Alimento Seco Gato Adulto Peixe 4kg,,5.79,1.45,0,kg,€/Kg,,,https://driveimg1.intermarche.com/pt/Content/images/boitmal/produit/zoom/88356AD51D92524DFF3B08AA84A48F7D.jpg,,,,,2026-03-04T23:59:59Z,PROSPECTUS,16,4,,,
36657,5601217132673,500.0,Cillitbang,"Spray lixívia e higiene, de 500 ml",,2.49,4.98,500,L,€/L,,,https://driveimg1.intermarche.com/pt/Content/images/boitmal/produit/zoom/D9B27A41A222F2F218026715A414F2D0.jpg,,,,,2026-03-04T23:59:59Z,PROSPECTUS,16,4,,,
36694,5604260318858,250.0,PorSi,Salsichas Churrasco com Ervas Aromáticas 250g,,1.79,7.16,0,kg,€/Kg,,,https://driveimg1.intermarche.com/pt/Content/images/boitmal/produit/zoom/063DC926B1C75A74FFE4B15592AF76BC.jpg,,,,,2026-03-04T23:59:59Z,PROSPECTUS,16,4,,,
36736,5604260300570,500.0,PorSi,Camarão Cozido 40/60 500 G,,5.99,11.98,0,kg,€/Kg,,,https://driveimg1.intermarche.com/pt/Content/images/boitmal/produit/zoom/9E9EFDBF21D2BFC0A52B3E968EF9C975.jpg,,,,,2026-03-04T23:59:59Z,PROSPECTUS,16,4,,,
37045,5601217132659,500.0,Cillitbang,"Spray bolor e sujidade, garrafa de 500 ml",,2.49,4.98,500,L,€/L,,,https://driveimg1.intermarche.com/pt/Content/images/boitmal/produit/zoom/2A51671BCEA4544BF377B06769DE1169.jpg,,,,,2026-03-04T23:59:59Z,PROSPECTUS,16,4,,,
37460,5900020033963,141.0,Nestlé,"Barras de Cereais Chocolate e Banana Fitness, emb. 141 gr (6 un)",Embalagem de 141 g,1.99,14.11,0,kg,€/Kg,,,https://driveimg1.intermarche.com/pt/Content/images/boitmal/produit/zoom/1E85263A2C5A59452E4D94091A02574C.jpg,,,,,2026-03-04T23:59:59Z,PROSPECTUS,16,4,,,
37812,5604260301065,,PorSi,Fraldas Premium T3 4-10 kg - 60 Unidades,,8.49,8.49,0,,€/Unidade,,,https://driveimg1.intermarche.com/pt/Content/images/boitmal/produit/zoom/4EAC10020B9224D6442ABE842B034538.jpg,,,,,2026-03-04T23:59:59Z,PROSPECTUS,16,4,,,
37814,5604260301089,,PorSi,Fraldas Premium T5 13-18 kg - 42 Unidades,,8.1,8.1,0,,€/Unidade,,,https://driveimg1.intermarche.com/pt/Content/images/boitmal/produit/zoom/C13EDAEA790705BF6C3FF3D6193E73D1.jpg,,,,,2026-03-04T23:59:59Z,PROSPECTUS,16,4,,,
38648,5449000195906,1000.0,Coca-Cola,"Refrigerante com Gás Cola Zero Açúcar Zero Cafeína, garrafa 1 lt",,1.19,1.19,1000,L,€/L,,,https://driveimg1.intermarche.com/pt/Content/images/boitmal/produit/zoom/4A88AB6803A9F950A0FE19DD551ED58E.jpg,,,,,2026-03-04T23:59:59Z,PROSPECTUS,16,4,,,
40535,5604260300709,414.0,PorSi,Maionese Frasco 414g,,1.87,4.52,0,kg,€/Kg,,,https://driveimg1.intermarche.com/pt/Content/images/boitmal/produit/zoom/290F33B0E8845EF825D490C738C8E0CE.jpg,,,,,2026-03-04T23:59:59Z,PROSPECTUS,16,4,,,
40825,7613038901954,,Nescafé,"Café dolce gusto marrakech, embalagem com 16 cápsulas",,5.89,5.89,16,,€/Unidade,,,https://driveimg1.intermarche.com/pt/Content/images/boitmal/produit/zoom/F73957FF9FB27931D99B81466C7679FE.jpg,,,,,2026-03-04T23:59:59Z,PROSPECTUS,16,4,,,
40833,8718951333482,1250.0,Ajax,"Detergente líquido lava-tudo festa das flores, 1.25 litros",,2.24,1.79,1250,L,€/L,,,https://driveimg1.intermarche.com/pt/Content/images/boitmal/produit/zoom/693F264420C4477C1D894CD0E8FEFC0A.jpg,,,,,2026-03-04T23:59:59Z,PROSPECTUS,16,4,,,
40916,3083681107944,400.0,Bonduelle,"Salteado da Horta, emb. 400 gr",,2.59,6.48,0,kg,€/Kg,,Tipo de stockagem,https://driveimg1.intermarche.com/pt/Content/images/boitmal/produit/zoom/8EC663DD06C540EF10455FD80FEDFFEF.jpg,,,,,2026-03-04T23:59:59Z,PROSPECTUS,16,4,,,
40963,3083681108323,400.0,Bonduelle,"Salteado Rústico, emb. 400 gr",,2.59,6.48,0,kg,€/Kg,,Tipo de stockagem,https://driveimg1.intermarche.com/pt/Content/images/boitmal/produit/zoom/D2BF04E30820A884E11F497F9EA9FC40.jpg,,,,,2026-03-04T23:59:59Z,PROSPECTUS,16,4,,,
41079,8718951337770,1250.0,Ajax,"Detergente líquido lava tudo festa das flores lavanda, embalagem de 1.25l",,2.24,1.79,1250,L,€/L,,,https://driveimg1.intermarche.com/pt/Content/images/boitmal/produit/zoom/9AF3F843CD8D9DB932E9E6D241AC411E.jpg,,,,,2026-03-04T23:59:59Z,PROSPECTUS,16,4,,,
41080,8718951338333,1250.0,Ajax,"Detergente líquido lava tudo festa das flores montanha, embalagem de 1.25l",,2.24,1.79,1250,L,€/L,,,https://driveimg1.intermarche.com/pt/Content/images/boitmal/produit/zoom/235AC3C4CF2F6CC997FC733634670C1E.jpg,,,,,2026-03-04T23:59:59Z,PROSPECTUS,16,4,,,
41300,5601050036596,440.0,Danone,"Iogurte oikos manga papaya, embalagem de 4 x 110g",,2.19,4.98,0,kg,€/Kg,,,https://driveimg1.intermarche.com/pt/Content/images/boitmal/produit/zoom/407B76EA9B8AB5CE288E3F687A8DBF84.jpg,,,,,2026-03-04T23:59:59Z,PROSPECTUS,16,4,,,
41582,5601050036626,440.0,Danone,"Iogurte grego café, embalagem de 4 x 110g",,2.19,4.98,0,kg,€/Kg,,,https://driveimg1.intermarche.com/pt/Content/images/boitmal/produit/zoom/EF95F2D28E70847A0AC4BCB56F85C051.jpg,,,,,2026-03-04T23:59:59Z,PROSPECTUS,16,4,,,
41795,5601349539920,750.0,Casalinho,"Vinho tinto, garrafa de 0.75 l",,2.19,2.92,750,L,€/L,,,https://driveimg1.intermarche.com/pt/Content/images/boitmal/produit/zoom/92C649D604E3891F5C5C266FFF8F4664.jpg,,,,,2026-03-04T23:59:59Z,PROSPECTUS,16,4,,,
42033,5604260302949,400.0,PorSi,Alimento Humido Gato Molho Saquetas 4x100g,Embalagem de 4 x 100 g,1.79,4.48,0,kg,€/Kg,,,https://driveimg1.intermarche.com/pt/Content/images/boitmal/produit/zoom/E1477336C06998BA798DC88B8101DB0F.jpg,,,,,2026-03-04T23:59:59Z,PROSPECTUS,16,4,,,
42146,5604260304363,2000.0,PorSi Select,Alimento Seco Gato Pro Interior 2kg,,5.39,2.7,0,kg,€/Kg,,,https://driveimg1.intermarche.com/pt/Content/images/boitmal/produit/zoom/5C1E77C66BE03B927EC3C6A958E696BC.jpg,,,,,2026-03-04T23:59:59Z,PROSPECTUS,16,4,,,
42240,5000396041392,199.0,McVities,"Bolacha digestiva chocolate negro, embalagem de 200g",,2.54,12.76,0,kg,€/Kg,,,https://driveimg1.intermarche.com/pt/Content/images/boitmal/produit/zoom/44933B55AD24092BA19041B105948178.jpg,,,,,2026-03-04T23:59:59Z,PROSPECTUS,16,4,,,
42244,5604260308828,4000.0,PorSi,Alimento Seco Cão Atividade Normal 4kg,,4.99,1.25,0,kg,€/Kg,,,https://driveimg1.intermarche.com/pt/Content/images/boitmal/produit/zoom/88195B234511C29FAF7A19365C968E0C.jpg,,,,,2026-03-04T23:59:59Z,PROSPECTUS,16,4,,,
42841,5604260307869,100.0,PorSi,Queijo Flamengo Sticks 5x20g,,1.49,14.9,0,kg,€/Kg,,,https://driveimg1.intermarche.com/pt/Content/images/boitmal/produit/zoom/7A865A047C280635359F45C9780680C4.jpg,https://driveimg1.intermarche.com/pt/Content/images/boitmal/produit/zoom/0C018978A9472C7823567BD24C2B49D6.jpg,https://driveimg1.intermarche.com/pt/Content/images/boitmal/produit/zoom/0C018978A9472C7823567BD24C2B49D6.jpg,https://driveimg1.intermarche.com/pt/Content/images/boitmal/produit/zoom/0C018978A9472C7823567BD24C2B49D6.jpg,https://driveimg1.intermarche.com/pt/Content/images/boitmal/produit/zoom/0C018978A9472C7823567BD24C2B49D6.jpg,2026-03-04T23:59:59Z,PROSPECTUS,16,4,https://driveimg1.intermarche.com/pt/Content/images/boitmal/produit/zoom/0C018978A9472C7823567BD24C2B49D6.jpg,,
438,8722700140139,20.0,Lipton,"20 saquetas infusão de cidreira, embalagem de 20g",,1.59,79.5,0,kg,€/Kg,,,https://driveimg1.intermarche.com/pt/Content/images/boitmal/produit/zoom/75772B648D442A3C0BB5D4E8A4601B76.jpg,,,,,2026-03-04T23:59:59Z,PROSPECTUS,16,4,,,
43816,7613036758758,1500.0,Purina One,Ração seca de frango cão júnior com menos de 10 kg,"Embalagem de 1,5kg",7.49,4.99,0,kg,€/Kg,,,https://driveimg1.intermarche.com/pt/Content/images/boitmal/produit/zoom/FD2CCAF3DB03169B9BED9C05AC14F6B9.jpg,,,,,2026-03-04T23:59:59Z,PROSPECTUS,16,4,,,
44040,5604260312047,450.0,PorSi,Caramelos Aroma Fruta 450 G,,2.29,5.09,0,kg,€/Kg,,,https://driveimg1.intermarche.com/pt/Content/images/boitmal/produit/zoom/BD71822C93486A4AA676D69ADCC0C45F.jpg,,,,,2026-03-04T23:59:59Z,PROSPECTUS,16,4,,,
44048,5054563101846,75.0,Sensodyne,Dentífrico branqueador,Embalagem de 75 ml,2.99,39.87,75,L,€/L,,,https://driveimg1.intermarche.com/pt/Content/images/boitmal/produit/zoom/3FCEF381523EF43D48FAABB009CAAFFA.jpg,,,,,2026-03-04T23:59:59Z,PROSPECTUS,16,4,,,
44234,8710522854815,257.0,Calvé,"Mostarda Top Down, emb. 257 gr",,1.68,6.54,0,kg,€/Kg,,,https://driveimg1.intermarche.com/pt/Content/images/boitmal/produit/zoom/63AC7BC5BB2C7D5CE58B458BE855CC4A.jpg,,,,,2026-03-04T23:59:59Z,PROSPECTUS,16,4,,,
44616,5998749138410,2160.0,Pedigree,"Snack para cão grande dentastix fresh, 56 unidades",,16.74,7.75,0,kg,€/Kg,,,https://driveimg1.intermarche.com/pt/Content/images/boitmal/produit/zoom/687F1DA3C884F2F296CE7564AC62C8D2.jpg,,,,,2026-03-04T23:59:59Z,PROSPECTUS,16,4,,,
44634,8711327485082,330.0,Magnum,"Gelados mini double gold caramel billionaire, embalagem de 6x55 ml",,4.49,13.61,330,L,€/L,,Tipo de stockagem,https://driveimg1.intermarche.com/pt/Content/images/boitmal/produit/zoom/42AC7934AA428100845DBDC81A00E314.jpg,,,,,2026-03-04T23:59:59Z,PROSPECTUS,16,4,,,
44755,8720182022042,350.0,Calvé,"Manteiga amendoim cremosa, embalagem de 350g",,2.39,6.83,0,kg,€/Kg,,,https://driveimg1.intermarche.com/pt/Content/images/boitmal/produit/zoom/233BB6D8E8CEE88ED461BD6951C97E8A.jpg,,,,,2026-03-04T23:59:59Z,PROSPECTUS,16,4,,,
44777,5601164905030,3000.0,Carlsberg,"Cerveja da Dinamarca Pilsner, Pack 12 x 25 cl",,7.39,2.46,3000,L,€/L,,,https://driveimg1.intermarche.com/pt/Content/images/boitmal/produit/zoom/2890D70B20089F457894A6889F74D8A8.jpg,,,,,2026-03-04T23:59:59Z,PROSPECTUS,16,4,,,
45588,5054563107282,75.0,Sensodyne,Pasta dentífrica branqueadora,Embalagem de 75 ml,3.96,52.8,75,L,€/L,,,https://driveimg1.intermarche.com/pt/Content/images/boitmal/produit/zoom/FB05A0E9A6F33DA3F30ECD45C3A12AD3.jpg,,,,,2026-03-04T23:59:59Z,PROSPECTUS,16,4,,,
45773,5054563087829,75.0,Aquafresh,"Pasta dentífrica eucalipto, lima e menta",Embalagem de 75ml,1.84,24.53,75,L,€/L,,,https://driveimg1.intermarche.com/pt/Content/images/boitmal/produit/zoom/1F94A046F2A6C727F7B6BE2D468B428F.jpg,,,,,2026-03-04T23:59:59Z,PROSPECTUS,16,4,,,
46162,3083681106480,400.0,Bonduelle,"Salteado de Legumes Estilo Parisino, emb. 400 gr",,2.59,6.48,0,kg,€/Kg,,Tipo de stockagem,https://driveimg1.intermarche.com/pt/Content/images/boitmal/produit/zoom/4DE85AF2C08839F22568D1C815770BA6.jpg,,,,,2026-03-04T23:59:59Z,PROSPECTUS,16,4,,,
46501,8410136023293,400.0,Pedigree,"Alimento húmido cão galinha, vaca e cenoura, 4 x 100g",,2.44,6.1,0,kg,€/Kg,,,https://driveimg1.intermarche.com/pt/Content/images/boitmal/produit/zoom/30E070E4432BF20EDCDCCA6E8C58258A.jpg,,,,,2026-03-04T23:59:59Z,PROSPECTUS,16,4,,,
46517,5000204208917,750.0,Pato,"Abrasivo Sanitário Líquido Ação Total Pinho, emb. 750 ml",,1.94,2.59,750,L,€/L,,,https://driveimg1.intermarche.com/pt/Content/images/boitmal/produit/zoom/08C17A1F547C898E2E6E9CBB3441BB2A.jpg,,,,,2026-03-04T23:59:59Z,PROSPECTUS,16,4,,,
46518,5000204208856,750.0,Pato,"Abrasivo Sanitário Líquido Ação Total Menta, emb. 750 ml",,1.94,2.59,750,L,€/L,,,https://driveimg1.intermarche.com/pt/Content/images/boitmal/produit/zoom/8D02BC7C70B0CBFEDA11FE724DDAAE84.jpg,,,,,2026-03-04T23:59:59Z,PROSPECTUS,16,4,,,
46670,5601050037227,620.0,Danone,"Iogurte Líquido Bifidus Aveia e Linhaça, emb. 620 gr (4 x 155 gr)",,2.09,3.37,0,kg,€/Kg,,,https://driveimg1.intermarche.com/pt/Content/images/boitmal/produit/zoom/4D8BE19F5E55132CE3BDC6C6840F7986.jpg,,,,,2026-03-04T23:59:59Z,PROSPECTUS,16,4,,,
46721,5604260315482,1000.0,PorSi,Sardinha Nacional 1kg,,4.49,4.49,0,kg,€/Kg,,Tipo de stockagem,https://driveimg1.intermarche.com/pt/Content/images/boitmal/produit/zoom/33A94EEE40D67398B15DB53377BEAD75.jpg,,,,,2026-03-04T23:59:59Z,PROSPECTUS,16,4,,,
46728,5054563107244,75.0,Sensodyne,Pasta dentífrica rapid action,Embalagem de 75 ml,3.96,52.8,75,L,€/L,,,https://driveimg1.intermarche.com/pt/Content/images/boitmal/produit/zoom/646B2949908FBEED0C31D95893C203DD.jpg,,,,,2026-03-04T23:59:59Z,PROSPECTUS,16,4,,,
46732,7322541096353,,Tena,"Pensos Incontinência Discreet Mini Ultra, emb. 20 un.",,3.14,3.14,20,,€/Unidade,,,https://driveimg1.intermarche.com/pt/Content/images/boitmal/produit/zoom/F386BE4B294B4D5ED88D121E27A2469D.jpg,https://driveimg1.intermarche.com/pt/Content/images/boitmal/produit/zoom/A9A3BAEB23D6C7E7ED5D45B2A8F2FBB1.jpg,https://driveimg1.intermarche.com/pt/Content/images/boitmal/produit/zoom/9B5D604934346CBC9DE81102A1CEC505.jpg,https://driveimg1.intermarche.com/pt/Content/images/boitmal/produit/zoom/A74CD13EF602AF0076AEBA20F81F2726.jpg,,2026-03-04T23:59:59Z,PROSPECTUS,16,4,,,
46792,5604260319602,2000.0,PorSi,Lava Tudo Amoniacal 2l,,0.71,0.36,2000,L,€/L,,,https://driveimg1.intermarche.com/pt/Content/images/boitmal/produit/zoom/0C9BD05E1DE72936A2E16D3F745EB933.jpg,,,,,2026-03-04T23:59:59Z,PROSPECTUS,16,4,,,
46840,5604260318957,750.0,Porsi Vivabem,Iogurte Magro Aroma Manga 6x125g,,1.09,1.45,0,kg,€/Kg,,,https://driveimg1.intermarche.com/pt/Content/images/boitmal/produit/zoom/94673AB82AD98D45564340DC8660A87A.jpg,,,,,2026-03-04T23:59:59Z,PROSPECTUS,16,4,,,
4687,5000116105212,375.0,Iglo,"Ervilhas, embalagem de 375g",,1.99,5.31,0,kg,€/Kg,,Tipo de stockagem,https://driveimg1.intermarche.com/pt/Content/images/boitmal/produit/zoom/6C528FEBBEDC5462386A3AB117EEBFD4.jpg,,,,,2026-03-04T23:59:59Z,PROSPECTUS,16,4,,,
47119,5998749138335,125.0,Pedigree,"Snack para cão júnior dentastix galinha, de 125g",,2.14,17.12,0,kg,€/Kg,,,https://driveimg1.intermarche.com/pt/Content/images/boitmal/produit/zoom/0C79593AFD61A5AAF6276B4A6FC330FF.jpg,,,,,2026-03-04T23:59:59Z,PROSPECTUS,16,4,,,
4715,5000204593198,72.0,Pato,"Discos Sanitários Ativos Recargas Marinho, 2 x 6 doses",Embalagem de 2x36 ml,3.49,48.47,72,L,€/L,,,https://driveimg1.intermarche.com/pt/Content/images/boitmal/produit/zoom/CCC21E7CD2CBE6B4EF157DF845CFFD44.jpg,,,,,2026-03-04T23:59:59Z,PROSPECTUS,16,4,,,
4716,5000204593242,72.0,Pato,"Discos Sanitários Ativos Recargas Lima, 2 x 6 doses",Embalagem de 2x36 ml,3.49,48.47,72,L,€/L,,,https://driveimg1.intermarche.com/pt/Content/images/boitmal/produit/zoom/6E8BEEF9B9E1E763C6D9B6E49B0D85F6.jpg,,,,,2026-03-04T23:59:59Z,PROSPECTUS,16,4,,,
47653,8414100306559,330.0,Schweppes,"Ginger ale, lata 33 cl",,0.72,2.18,330,L,€/L,,,https://driveimg1.intermarche.com/pt/Content/images/boitmal/produit/zoom/AF2113C89BE09A44CC79705B477BE6A0.jpg,,,,,2026-03-04T23:59:59Z,PROSPECTUS,16,4,,,
47807,5604260316724,250.0,Porsi Select - Programa Origens,Secretos de Porco Preto do Alentejo 250 G,,3.99,15.96,0,kg,€/Kg,,,https://driveimg1.intermarche.com/pt/Content/images/boitmal/produit/zoom/A1188505A5921D717B8B546770374A47.jpg,,,,,2026-03-04T23:59:59Z,PROSPECTUS,16,4,,,
48026,5600744051327,175.0,Waferland,"Bolacha waffer avelã, 175g",,0.99,5.66,0,kg,€/Kg,,,https://driveimg1.intermarche.com/pt/Content/images/boitmal/produit/zoom/A919611CA1A09B181CAD3C961C08067D.jpg,,,,,2026-03-04T23:59:59Z,PROSPECTUS,16,4,,,
48046,5604260316328,60.0,PorSi,Snack Gato Salmão 6x5g,,0.84,14.0,0,kg,€/Kg,,,https://driveimg1.intermarche.com/pt/Content/images/boitmal/produit/zoom/CD174E65B6D8C4723BDA1F4410CE9692.jpg,https://driveimg1.intermarche.com/pt/Content/images/boitmal/produit/zoom/33555CEC353837496FC2B04DE0128774.jpg,https://driveimg1.intermarche.com/pt/Content/images/boitmal/produit/zoom/33555CEC353837496FC2B04DE0128774.jpg,https://driveimg1.intermarche.com/pt/Content/images/boitmal/produit/zoom/33555CEC353837496FC2B04DE0128774.jpg,https://driveimg1.intermarche.com/pt/Content/images/boitmal/produit/zoom/33555CEC353837496FC2B04DE0128774.jpg,2026-03-04T23:59:59Z,PROSPECTUS,16,4,,,
