identifier,produitEan13,capacite,marque,libelle,conditionnement,prix,unitPrice,volume,typeProduit_uniteByCode,unit_value,pictogrammes_0,pictogrammes_libelleCategorie,images_0,images_1,images_2,images_3,avantages_dateFin,avantages_categorie,nro_paginas,page,images_4,images_5
1195,5601119230224,650.0,Nobre,"Salsichas extra suculentas, frasco de 650 g",,2.23,3.43,0,kg,€/Kg,,,https://driveimg1.intermarche.com/pt/Content/images/boitmal/produit/zoom/F74C2FC7C8B9C0B3ED0E43FFE3B59991.jpg,,,,2025-11-05T23:59:59Z,PROSPECTUS,14,1,,
25883,5449000008763,1500.0,Fanta,"Refrigerante com gás laranja, garrafa de 1,5 l",,0.99,0.66,1500,L,€/L,,,https://driveimg1.intermarche.com/pt/Content/images/boitmal/produit/zoom/FC51AAD13F2C3DD9969EDD9F1221FFFF.jpg,,,,2025-11-05T23:59:59Z,PROSPECTUS,14,1,,
3526,2894034000000,150.0,Nobre,Fiambre da Perna Extra,1 un = 150 gr (aprox.),2.4,15.99,0,,€/Kg,,,https://driveimg1.intermarche.com/pt/Content/images/boitmal/produit/zoom/C76D05EF052819EDC79567520AD2D260.jpg,,,,2025-11-05T23:59:59Z,PROSPECTUS,14,1,,
13914,2891225000000,350.0,Frango,Perna com Costa,1 un. = 300 g (aprox.),0.77,2.19,0,,€/Kg,,,https://driveimg1.intermarche.com/pt/Content/images/boitmal/produit/zoom/D1297D1CD095629263E582A65B4C3857.jpg,,,,2025-11-05T23:59:59Z,PROSPECTUS,14,1,,
12299,8003520013064,300.0,Palmolive,"Sabonete líquido de leite de amêndoas, recarga, 300 ml",,1.79,5.97,300,L,€/L,,,https://driveimg1.intermarche.com/pt/Content/images/boitmal/produit/zoom/35D2E48138CCA33503CE2D19DC83E44D.jpg,,,,2025-11-05T23:59:59Z,PROSPECTUS,14,1,,
13048,2893561000000,250.0,Marisco,Ameijoa Branca Vietnamita Congelada,Vendido a partir de 250 gr  (aprox.),0.5,1.99,0,,€/Kg,,Avantages !,https://driveimg1.intermarche.com/pt/Content/images/boitmal/produit/zoom/EB1BC296FF41180E6F3E1626AD4F78AA.jpg,,,,2025-11-05T23:59:59Z,PROSPECTUS,14,1,,
14038,2696013000000,80.0,Padaria,Bola mistura,1 unidade= 80 g,0.19,2.38,0,kg,€/Kg,,,https://driveimg1.intermarche.com/pt/Content/images/boitmal/produit/zoom/509539D5119FE663643D444B9A3F9D6A.jpg,,,,2025-11-05T23:59:59Z,PROSPECTUS,14,1,,
19415,5601028019798,,Renova,"Rolo de cozinha design xxl, 3 rolos",,1.99,1.99,3,,€/Unidade,,,https://driveimg1.intermarche.com/pt/Content/images/boitmal/produit/zoom/9A25E60B9B6B556C2D19CB0AC3EE543B.jpg,,,,2025-11-05T23:59:59Z,PROSPECTUS,14,1,,
12906,2892001000000,100.0,Fruta,Clementinas,1 un = 100 gr (aprox.),0.2,1.99,0,,€/Kg,,,https://driveimg1.intermarche.com/pt/Content/images/boitmal/produit/zoom/91DC72E142D597026B000E92136FFB70.jpg,,,,2025-11-05T23:59:59Z,PROSPECTUS,14,1,,
18942,5601989950086,750.0,Monte Velho,"Vinho rosé, região do alentejo, garrafa de 0,75 l",,3.99,5.32,750,L,€/L,,,https://driveimg1.intermarche.com/pt/Content/images/boitmal/produit/zoom/492FA643C4A4901779ACEB329DDE602F.jpg,,,,2025-11-05T23:59:59Z,PROSPECTUS,14,1,,
15489,7613031884247,4000.0,Friskies,"Ração para gato adulto com vaca, frango, embalagem de 4kg",,10.79,2.7,0,kg,€/Kg,,,https://driveimg1.intermarche.com/pt/Content/images/boitmal/produit/zoom/AA74DE430E0D577781082E763F8D5C13.jpg,,,,2025-11-05T23:59:59Z,PROSPECTUS,14,1,,
14698,7613034570512,90.0,Nestlé,"Fruta para bebé 4 frutas +4 meses, embalagem de 90g",,0.65,7.22,0,kg,€/Kg,,,https://driveimg1.intermarche.com/pt/Content/images/boitmal/produit/zoom/3717C2AF583A80AD83A765BB8032F767.jpg,,,,2025-11-05T23:59:59Z,PROSPECTUS,14,1,,
52340,8720181392962,1368.0,Comfort,"Amaciador roupa concentrado creations madressilva e sândalo, 76 doses",,3.99,2.92,1368,L,€/L,,,https://driveimg1.intermarche.com/pt/Content/images/boitmal/produit/zoom/C0B30E2D0BC6350378445269707C8D01.jpg,,,,2025-11-05T23:59:59Z,PROSPECTUS,14,1,,
41226,5601050036572,440.0,Danone,"Oikos morango, embalagem de 4 x 110g",,1.99,4.52,0,kg,€/Kg,,,https://driveimg1.intermarche.com/pt/Content/images/boitmal/produit/zoom/2653493E2B1190B7D8AE6B95BAB9D958.jpg,,,,2025-11-05T23:59:59Z,PROSPECTUS,14,1,,
28443,0000042332824,50.0,Nivea Men,"Desodorizante Black&White Active Roll-On Invisible, 50ml",,2.99,59.8,50,L,€/L,,,https://driveimg1.intermarche.com/pt/Content/images/boitmal/produit/zoom/23AEC11E060ABC48167BD960BFBE0CEF.jpg,,,,2025-11-05T23:59:59Z,PROSPECTUS,14,1,,
55354,8410063095202,1200.0,Pescanova,"Barrinhas Pescada Panada sem Gluten, 1.2Kg",,7.89,6.58,0,kg,€/Kg,,Tipo de stockagem,https://driveimg1.intermarche.com/pt/Content/images/boitmal/produit/zoom/D2F57A76EACAFAE8D2E905FFD81B787B.jpg,,,,2025-11-05T23:59:59Z,PROSPECTUS,14,1,,
10095,8435257040899,640.0,Nestlé,"Iogurte líquido yoggi morango, embalagem de 4 x 160g",,1.99,3.11,0,kg,€/Kg,,,https://driveimg1.intermarche.com/pt/Content/images/boitmal/produit/zoom/BCBB1C4518CDF8045B46EB41CD173E54.jpg,,,,2025-11-05T23:59:59Z,PROSPECTUS,14,1,,
51624,8445290071842,800.0,Purina One,Ração seca para gato frango,Embalagem de 800g,5.59,6.99,0,kg,€/Kg,,,https://driveimg1.intermarche.com/pt/Content/images/boitmal/produit/zoom/E0A4B307705088FDDA965A5AD9EFBFF3.jpg,,,,2025-11-05T23:59:59Z,PROSPECTUS,14,1,,
44956,2696878000000,,Padaria,Bola de mistura centeio Baviera,90 g,0.2,0.2,0,,€/Unidade,,,https://driveimg1.intermarche.com/pt/Content/images/boitmal/produit/zoom/09DB4B39AC0AAE5D11E868A906EFB364.jpg,,,,2025-11-05T23:59:59Z,PROSPECTUS,14,1,,
12994,2892524000000,100.0,Legumes,Cenoura Granel,1 un = 100 gr (aprox.),0.09,0.89,0,,€/Kg,,,https://driveimg1.intermarche.com/pt/Content/images/boitmal/produit/zoom/5AEDEF3ED6ABEF24EACEE9C46AA7916F.jpg,,,,2025-11-05T23:59:59Z,PROSPECTUS,14,1,,
4795,5010327000404,700.0,Grants,"Whisky, garrafa de 700 ml",,12.89,18.41,700,L,€/L,,,https://driveimg1.intermarche.com/pt/Content/images/boitmal/produit/zoom/5FEB2C2793B73FD65BBED9B479FAD32C.jpg,,,,2025-11-05T23:59:59Z,PROSPECTUS,14,1,,
13866,2891048000000,1000.0,Porco,Bifanas,Vendido ao peso a partir de 1 kg,3.99,3.99,0,,€/Kg,,,https://driveimg1.intermarche.com/pt/Content/images/boitmal/produit/zoom/72DE0DA6B485199AC995C629E3E4D279.jpg,,,,2025-11-05T23:59:59Z,PROSPECTUS,14,1,,
12997,2892527000000,300.0,Legumes,Courgette Categoria II,,0.45,1.49,0,,€/Kg,,,https://driveimg1.intermarche.com/pt/Content/images/boitmal/produit/zoom/323B806C0CB557ED0F5B2CB32A998FDE.jpg,,,,2025-11-05T23:59:59Z,PROSPECTUS,14,1,,
13813,2892489000000,250.0,Legumes,Batata Doce,1 un = 250 gr  (aprox.),0.25,0.99,0,,€/Kg,,,https://driveimg1.intermarche.com/pt/Content/images/boitmal/produit/zoom/B0785A3D8A1A6773EB1FB43B119AC4D9.jpg,,,,2025-11-05T23:59:59Z,PROSPECTUS,14,1,,
8383,5601049132995,1000.0,Mimosa,"Leite uht meio gordo, embalagem de 1litro",,0.9,0.9,1000,L,€/L,,,https://driveimg1.intermarche.com/pt/Content/images/boitmal/produit/zoom/6FB52C843F677BD37D399D45BB10B38B.jpg,https://driveimg1.intermarche.com/pt/Content/images/boitmal/produit/zoom/AE810093A08CEBD60415DCC626CF5804.jpg,https://driveimg1.intermarche.com/pt/Content/images/boitmal/produit/zoom/A0562293538F541B1B99592AA046327B.jpg,,2025-11-05T23:59:59Z,PROSPECTUS,14,1,,
13934,2891062000000,250.0,Porco,Rojões,1 un = 250 gr  (aprox.),1.0,3.99,0,,€/Kg,,,https://driveimg1.intermarche.com/pt/Content/images/boitmal/produit/zoom/925F2FDC1F925A7FD71EE6165315B22E.jpg,,,,2025-11-05T23:59:59Z,PROSPECTUS,14,1,,
12928,2892050000000,2000.0,Fruta,Abacaxi,1 un = 2kg ( aprox.),2.18,1.09,0,,€/Kg,,,https://driveimg1.intermarche.com/pt/Content/images/boitmal/produit/zoom/90A3F01E4C59C42862CFF43094D79900.jpg,,,,2025-11-05T23:59:59Z,PROSPECTUS,14,1,,
40749,5604260304158,1000.0,PorSi,Detergente Loiça Clássico 1l,Garrafa de 1 litro,0.8,0.8,1000,L,€/L,,,https://driveimg1.intermarche.com/pt/Content/images/boitmal/produit/zoom/AF2F1189F25F58E20EE8C7BA2141119A.jpg,,,,2025-11-05T23:59:59Z,PROSPECTUS,14,1,,
13781,2892323000000,250.0,Fruta,Uva Red Globe,1 un = 250 gr  (aprox.),0.7,2.79,0,,€/Kg,,,https://driveimg1.intermarche.com/pt/Content/images/boitmal/produit/zoom/0CB9D5C0FE47F5D642EA2D42574AAC35.jpg,,,,2025-11-05T23:59:59Z,PROSPECTUS,14,1,,
12887,2892089000000,500.0,Fruta,Manga Barco,1 un = 500 gr (aprox.),1.25,2.49,0,,€/Kg,,,https://driveimg1.intermarche.com/pt/Content/images/boitmal/produit/zoom/7DE73DFAB226CDE947BB89C61333D3FE.jpg,,,,2025-11-05T23:59:59Z,PROSPECTUS,14,1,,
56509,5604260336807,,PorSi,12 Ovos Frescos de Galinha Ar Livre M/l,,3.59,3.59,0,,€/Unidade,,,https://driveimg1.intermarche.com/pt/Content/images/boitmal/produit/zoom/676B0BA6283569BFF9A7A6391F935C03.jpg,,,,2025-11-05T23:59:59Z,PROSPECTUS,14,1,,
5926,5604260256907,2000.0,PorSi,Lava Tudo Perfumado Lavanda,,0.99,0.5,2000,L,€/L,,,https://driveimg1.intermarche.com/pt/Content/images/boitmal/produit/zoom/01DD4B6F1EC514CE87AE4FA32F6F195B.jpg,,,,2025-11-05T23:59:59Z,PROSPECTUS,14,1,,
34875,5604260285457,1500.0,PorSi,Maçã golden categoria II Programa Origens,Embalagem de 1.5 kg,1.89,1.26,0,kg,€/Kg,,,https://driveimg1.intermarche.com/pt/Content/images/boitmal/produit/zoom/56695A5FACFB945E46B511CB21214202.jpg,,,,2025-11-05T23:59:59Z,PROSPECTUS,14,1,,
48138,5604260323302,2000.0,PorSi,Amaciador Roupa Concentrado Spa 80d,,1.65,0.83,2000,L,€/L,,,https://driveimg1.intermarche.com/pt/Content/images/boitmal/produit/zoom/B55A72265AD19CED3CBED903155DF619.jpg,,,,2025-11-05T23:59:59Z,PROSPECTUS,14,1,,
9403,5604260042302,150.0,PorSi,Batatas Fritas Lisas Light 150g,,1.19,7.93,0,kg,€/Kg,,,https://driveimg1.intermarche.com/pt/Content/images/boitmal/produit/zoom/73A0C67508D9BE1C1394925C4F7C5FE3.jpg,,,,2025-11-05T23:59:59Z,PROSPECTUS,14,1,,
1293,5601151398104,630.0,Compal,"Pack de 3 embalagens de polpa de tomate, embalagem de 630g",,1.49,2.37,0,kg,€/Kg,,,https://driveimg1.intermarche.com/pt/Content/images/boitmal/produit/zoom/BC7D38B0892D2B72B99AEECF05E81523.jpg,,,,2025-11-05T23:59:59Z,PROSPECTUS,14,1,,
13893,2891043000000,1000.0,Porco,Entrecosto,Vendido ao peso a partir de 1 kg,5.99,5.99,0,,€/Kg,,,https://driveimg1.intermarche.com/pt/Content/images/boitmal/produit/zoom/AA05EE99D302D59771FCC108473E0700.jpg,,,,2025-11-05T23:59:59Z,PROSPECTUS,14,1,,
14198,5604260273683,800.0,PorSi,Bolacha Tostada 800 G,,1.69,2.11,0,kg,€/Kg,,,https://driveimg1.intermarche.com/pt/Content/images/boitmal/produit/zoom/B2D5FAAB4BD35CE24623ED7F165261C0.jpg,,,,2025-11-05T23:59:59Z,PROSPECTUS,14,1,,
1437,5601260046101,1000.0,Saludães,Arroz Carolino,Embalagem de 1 kg,1.14,1.14,0,kg,€/Kg,,,https://driveimg1.intermarche.com/pt/Content/images/boitmal/produit/zoom/844734F94E64C7EE2E76F0FC068B9A4B.jpg,,,,2025-11-05T23:59:59Z,PROSPECTUS,14,1,,
14950,2891247000000,100.0,Peru,Peru Costeletas,1 un = 100 gr (aprox.),0.38,3.79,0,,€/Kg,,,https://driveimg1.intermarche.com/pt/Content/images/boitmal/produit/zoom/5B1BD8BC73E46B1A5046441E54C2F5BD.jpg,,,,2025-11-05T23:59:59Z,PROSPECTUS,14,1,,
15156,2892099000000,500.0,Fruta,Papaia Avião,1 un = 500 g (aprox.),2.0,3.99,0,,€/Kg,,,https://driveimg1.intermarche.com/pt/Content/images/boitmal/produit/zoom/103067E524772C956478A94460D63E34.jpg,,,,2025-11-05T23:59:59Z,PROSPECTUS,14,1,,
36727,5604260294404,1000.0,PorSi,Arroz Basmati 1000g,,1.99,1.99,0,kg,€/Kg,,,https://driveimg1.intermarche.com/pt/Content/images/boitmal/produit/zoom/4276C26236BCA3B8F3F002AEBC9361B0.jpg,,,,2025-11-05T23:59:59Z,PROSPECTUS,14,1,,
929,5601001187803,625.0,Nestlé,"Cereais chocapic, 625 g",,3.49,5.58,0,kg,€/Kg,,,https://driveimg1.intermarche.com/pt/Content/images/boitmal/produit/zoom/8DB31C1F3066D48D593AE11B75516670.jpg,,,,2025-11-05T23:59:59Z,PROSPECTUS,14,1,,
1467,5601286236784,500.0,Milaneza,"Massa de espirais, embalagem de 500g",,1.04,2.08,0,kg,€/Kg,,,https://driveimg1.intermarche.com/pt/Content/images/boitmal/produit/zoom/90F3AD9985391E2BB3C76374F1217643.jpg,,,,2025-11-05T23:59:59Z,PROSPECTUS,14,1,,
21291,2891140000000,1000.0,Porco,Cachaço s/ Osso,Vendido ao peso a partir de 1 kg,5.29,5.29,0,,€/Kg,,,https://driveimg1.intermarche.com/pt/Content/images/boitmal/produit/zoom/7E3931887AC2DD400F13FFEDAE44781A.jpg,,,,2025-11-05T23:59:59Z,PROSPECTUS,14,1,,
2335,5604260274000,200.0,PorSi,Molho Soja 200ml,,0.99,4.95,200,L,€/L,,,https://driveimg1.intermarche.com/pt/Content/images/boitmal/produit/zoom/3DCF6DF021A2D301503F0F65FD4A3A91.jpg,,,,2025-11-05T23:59:59Z,PROSPECTUS,14,1,,
24920,5604260281848,500.0,PorSi,Massa Laços 500g,,0.99,1.98,0,kg,€/Kg,,,https://driveimg1.intermarche.com/pt/Content/images/boitmal/produit/zoom/C1693538ACC0B37B44EA7A19996490A3.jpg,,,,2025-11-05T23:59:59Z,PROSPECTUS,14,1,,
251,2696001000000,400.0,Padaria,Baguete,400 g,0.79,1.98,0,kg,€/Kg,,,https://driveimg1.intermarche.com/pt/Content/images/boitmal/produit/zoom/42C2E126B9E5B84C243F0668DEC3869F.jpg,,,,2025-11-05T23:59:59Z,PROSPECTUS,14,1,,
34876,5604260285488,1500.0,PorSi,Maçã starking categoria II Programa Origens,Embalagem de 1.5 kg,1.89,1.26,0,kg,€/Kg,,,https://driveimg1.intermarche.com/pt/Content/images/boitmal/produit/zoom/AA6B73374DD1E7B1436CB2F99D3B721B.jpg,,,,2025-11-05T23:59:59Z,PROSPECTUS,14,1,,
38321,2696806000000,250.0,Padaria,Pão gémeos,250 g,0.49,1.96,0,kg,€/Kg,,,https://driveimg1.intermarche.com/pt/Content/images/boitmal/produit/zoom/A99E9F55D9FD5180D848A5ADDB578F15.jpg,,,,2025-11-05T23:59:59Z,PROSPECTUS,14,1,,
56281,5604260329113,500.0,PorSi,Bolachas Canela 500g,,1.44,2.88,0,kg,€/Kg,,,https://driveimg1.intermarche.com/pt/Content/images/boitmal/produit/zoom/08E86031FA8001E2C27053B35EA38D5A.jpg,,,,2025-11-05T23:59:59Z,PROSPECTUS,14,1,,
8384,5601049133992,1000.0,Mimosa,"Leite uht magro, embalagem de 1litro",,0.9,0.9,1000,L,€/L,,,https://driveimg1.intermarche.com/pt/Content/images/boitmal/produit/zoom/128AB814EBA9C0783B386EB2E0A38CC9.jpg,https://driveimg1.intermarche.com/pt/Content/images/boitmal/produit/zoom/8C350978140C257D0AAD7365CD133F0C.jpg,https://driveimg1.intermarche.com/pt/Content/images/boitmal/produit/zoom/B9BED9F397071733FB4D36CBE39ECDBA.jpg,,2025-11-05T23:59:59Z,PROSPECTUS,14,1,,
10094,8435257040776,640.0,Nestlé,"Iogurte líquido yoggi banana, embalagem de 4 x 160 g",,1.99,3.11,0,kg,€/Kg,,,https://driveimg1.intermarche.com/pt/Content/images/boitmal/produit/zoom/6885FCEF2FEF4752D565E64A3BDEE242.jpg,,,,2025-11-05T23:59:59Z,PROSPECTUS,14,1,,
1011,5601043111019,1000.0,Branca de neve,"Farinha para bolos fina, embalagem de 1 kg",,1.59,1.59,0,kg,€/Kg,,,https://driveimg1.intermarche.com/pt/Content/images/boitmal/produit/zoom/D6747B38ADBB658B352D698D9667A42C.jpg,,,,2025-11-05T23:59:59Z,PROSPECTUS,14,1,,
12940,2892083000000,200.0,Fruta,Lima,1 un = 200 gr (aprox.),0.56,2.79,0,,€/Kg,,,https://driveimg1.intermarche.com/pt/Content/images/boitmal/produit/zoom/2DD3A3AD2AC0E0F4144D0C1CF845306C.jpg,,,,2025-11-05T23:59:59Z,PROSPECTUS,14,1,,
12998,2892529000000,200.0,Legumes,Cogumelos Granel,1 un = 200 gr (aprox.),0.8,3.99,0,,€/Kg,,,https://driveimg1.intermarche.com/pt/Content/images/boitmal/produit/zoom/21980CA05745F31B22EE237361B7FEB6.jpg,,,,2025-11-05T23:59:59Z,PROSPECTUS,14,1,,
13625,2893620000000,300.0,Peixaria,Salmão de viveiro à posta,1 un. = 300 g (aprox.),3.45,11.49,0,,€/Kg,,,https://driveimg1.intermarche.com/pt/Content/images/boitmal/produit/zoom/A170DAF9DE78983CFA7E8DD1EFE6A371.jpg,,,,2025-11-05T23:59:59Z,PROSPECTUS,14,1,,
15507,5601050031621,480.0,Danone,"Iogurte activia cremoso coco,  4 x 120 g",,1.99,4.15,0,kg,€/Kg,,,https://driveimg1.intermarche.com/pt/Content/images/boitmal/produit/zoom/C7C13400244FC9F141DCEBAD00E0F9D5.jpg,,,,2025-11-05T23:59:59Z,PROSPECTUS,14,1,,
16105,5601146703463,7500.0,Sagres,"Cerveja com álcool, pack 30 x 0.25 l",,13.85,1.85,7500,L,€/L,,,https://driveimg1.intermarche.com/pt/Content/images/boitmal/produit/zoom/8AED8878F83EE06034073768C464A0DF.jpg,,,,2025-11-05T23:59:59Z,PROSPECTUS,14,1,,
16420,5604260248070,250.0,PorSi,Creme Vegetal para Culinária 250g,,0.79,3.16,0,kg,€/Kg,,,https://driveimg1.intermarche.com/pt/Content/images/boitmal/produit/zoom/5C1DD5410179DEFA19B43035110F391B.jpg,,,,2025-11-05T23:59:59Z,PROSPECTUS,14,1,,
26047,8412600070994,650.0,Bimbo,Pão de forma s/ côdea,Embalagem de 650 g,2.14,3.29,0,kg,€/Kg,,,https://driveimg1.intermarche.com/pt/Content/images/boitmal/produit/zoom/5D9620F17746A1D49642D0DCBD72A2D3.jpg,,,,2025-11-05T23:59:59Z,PROSPECTUS,14,1,,
35559,5601151973738,3500.0,Pepsi,"Refrigerante com gás max zero, pack de 2 x 1.75 l",,2.69,0.77,3500,L,€/L,,,https://driveimg1.intermarche.com/pt/Content/images/boitmal/produit/zoom/698445C2558FCB105ECA616759C001D7.jpg,,,,2025-11-05T23:59:59Z,PROSPECTUS,14,1,,
53942,5603722523298,1000.0,Matinal,"Bebida de leite sem lactose livre, 1l",,1.25,1.25,1000,L,€/L,,,https://driveimg1.intermarche.com/pt/Content/images/boitmal/produit/zoom/3F3F185EBF624903AC3031EAC11A6631.jpg,,,,2025-11-05T23:59:59Z,PROSPECTUS,14,1,,
56253,5604260337460,150.0,PorSi,Batatas Fritas Onduladas com Sabor a Mel e Mostarda 150g,,1.49,9.93,0,kg,€/Kg,,,https://driveimg1.intermarche.com/pt/Content/images/boitmal/produit/zoom/C6C0BCC7F09323B008FD6E4D3A34617D.jpg,,,,2025-11-05T23:59:59Z,PROSPECTUS,14,1,,
5788,5604260033447,200.0,PorSi,Chouriço Corrente 200g,,0.99,4.95,0,kg,€/Kg,,,https://driveimg1.intermarche.com/pt/Content/images/boitmal/produit/zoom/92DD7C79E00E3F96B89DDD048D065D1C.jpg,,,,2025-11-05T23:59:59Z,PROSPECTUS,14,1,,
9292,5603722493812,250.0,Matinal,"Manteiga magra, embalagem de 250g",,2.49,9.96,0,kg,€/Kg,,,https://driveimg1.intermarche.com/pt/Content/images/boitmal/produit/zoom/AA91DFCE88DA98DA1BB05E606B3C1FF9.jpg,,,,2025-11-05T23:59:59Z,PROSPECTUS,14,1,,
1010,5601038300091,240.0,Knorr,"Caldo de galinha 24 cubos, embalagem de 240g",,2.49,10.38,0,kg,€/Kg,,,https://driveimg1.intermarche.com/pt/Content/images/boitmal/produit/zoom/4E25834255892D5C9C1047A286FE9847.jpg,,,,2025-11-05T23:59:59Z,PROSPECTUS,14,1,,
11463,5601018001642,250.0,Gresso,"Manteiga com sal, embalagem de 250g",,2.14,8.56,0,kg,€/Kg,,,https://driveimg1.intermarche.com/pt/Content/images/boitmal/produit/zoom/3A5F1036925C0C6B8D6C067104A96CDE.jpg,https://driveimg1.intermarche.com/pt/Content/images/boitmal/produit/zoom/7AC5179CFF33BEA38B382077FB05A477.jpg,,,2025-11-05T23:59:59Z,PROSPECTUS,14,1,,
11641,5601180001020,1000.0,Vigor,Leite pasteurizado meio gordo,Garrafa de 1 l,1.0,1.0,1000,L,€/L,,,https://driveimg1.intermarche.com/pt/Content/images/boitmal/produit/zoom/C25BCB5001E1A92DAA543A65EC5B2802.jpg,,,,2025-11-05T23:59:59Z,PROSPECTUS,14,1,,
11935,5603124023273,545.0,Mistolin,"Tira gorduras pistola, 550 ml",,2.69,4.94,545,L,€/L,,,https://driveimg1.intermarche.com/pt/Content/images/boitmal/produit/zoom/61307002E6EA5352BB9A64A39F439A9A.jpg,,,,2025-11-05T23:59:59Z,PROSPECTUS,14,1,,
11961,5603722505607,1000.0,Mimosa,"Leite sem lactose meio gordo, de 1l",,1.15,1.15,1000,L,€/L,,,https://driveimg1.intermarche.com/pt/Content/images/boitmal/produit/zoom/A98ED8A0E5E675A3AC1A551BCE75B0AB.jpg,https://driveimg1.intermarche.com/pt/Content/images/boitmal/produit/zoom/4E57BFE09E8D859BDBE1705476BB9F1B.jpg,https://driveimg1.intermarche.com/pt/Content/images/boitmal/produit/zoom/E1F70144AAFCC0EAEBFF05614177D009.jpg,,2025-11-05T23:59:59Z,PROSPECTUS,14,1,,
13523,2893515000000,250.0,Peixaria,Lula Congelada,1 un= 250 gr (aprox.),1.25,4.99,0,,€/Kg,,Avantages !,https://driveimg1.intermarche.com/pt/Content/images/boitmal/produit/zoom/B2B7BBDC4CDC3C912C9CD2FEC6D3B682.jpg,,,,2025-11-05T23:59:59Z,PROSPECTUS,14,1,,
14726,8711100080060,400.0,Maizena,"Farinha, embalagem de 400g",,1.64,4.1,0,kg,€/Kg,,,https://driveimg1.intermarche.com/pt/Content/images/boitmal/produit/zoom/510CA0D1320DDBD17C988D55861FD3B8.jpg,,,,2025-11-05T23:59:59Z,PROSPECTUS,14,1,,
15074,2893812000000,2500.0,Bacalhau,Bacalhau Graúdo da Noruega,1 un = 2.5 kg (aprox.),39.98,15.99,0,,€/Kg,,,https://driveimg1.intermarche.com/pt/Content/images/boitmal/produit/zoom/5B57E89267AA2374EF4EE7D25F5702E7.jpg,,,,2025-11-05T23:59:59Z,PROSPECTUS,14,1,,
16427,5604260277407,2000.0,PorSi,Lixívia Delicada 2l,,1.19,0.6,2000,L,€/L,,,https://driveimg1.intermarche.com/pt/Content/images/boitmal/produit/zoom/04D235A82CA5C93C045F731FF2ACAE42.jpg,,,,2025-11-05T23:59:59Z,PROSPECTUS,14,1,,
2071,5604260193332,250.0,PorSi,Mel 250g,,2.09,8.36,0,kg,€/Kg,,,https://driveimg1.intermarche.com/pt/Content/images/boitmal/produit/zoom/0BBF8EA0662046D169A4CB39247F7AB7.jpg,,,,2025-11-05T23:59:59Z,PROSPECTUS,14,1,,
2403,5608543000072,20.0,Tetley,"Chá de mel, limão e ginseng",Embalagem de 20g,0.94,47.0,0,kg,€/Kg,,,https://driveimg1.intermarche.com/pt/Content/images/boitmal/produit/zoom/9B1217457C8CB66C8447C64453800613.jpg,,,,2025-11-05T23:59:59Z,PROSPECTUS,14,1,,
40750,5604260304165,1000.0,PorSi,Detergente Loiça Limão 1l,Garrafa de 1 litro,0.8,0.8,1000,L,€/L,,,https://driveimg1.intermarche.com/pt/Content/images/boitmal/produit/zoom/2532D260202FF646D416E5D63E3F4DF5.jpg,,,,2025-11-05T23:59:59Z,PROSPECTUS,14,1,,
41384,5601050036602,440.0,Danone,"Iogurte grego oikos stracciatella, embalagem de 4 x 110g",,1.99,4.52,0,kg,€/Kg,,,https://driveimg1.intermarche.com/pt/Content/images/boitmal/produit/zoom/4F7A349ED222FA644F51711D6A4D74B4.jpg,,,,2025-11-05T23:59:59Z,PROSPECTUS,14,1,,
47678,5604260319572,96.0,PorSi,Cápsulas Café Velutatto Cdgx16,,3.85,40.1,0,kg,€/Kg,,,https://driveimg1.intermarche.com/pt/Content/images/boitmal/produit/zoom/BE18676367C8B5BB22F7EEF5D41DB56F.jpg,,,,2025-11-05T23:59:59Z,PROSPECTUS,14,1,,
48083,5604260323135,1000.0,PorSi,Óleo Alimentar 1l,,1.69,1.69,1000,L,€/L,,,https://driveimg1.intermarche.com/pt/Content/images/boitmal/produit/zoom/E944172459A071A70840EE83F576BC60.jpg,,,,2025-11-05T23:59:59Z,PROSPECTUS,14,1,,
48298,5604260314270,,PorSi Select,Guardanapo 39x39cm Branco 2 Folhas 50 Unidades,,1.49,1.49,0,,€/Unidade,,,https://driveimg1.intermarche.com/pt/Content/images/boitmal/produit/zoom/0822083B27B2B359A41E7AEEAEF9137E.jpg,,,,2025-11-05T23:59:59Z,PROSPECTUS,14,1,,
51837,8711327587205,2000.0,Lipton,Ice tea lipton pessego 2l,,2.39,1.2,2000,L,€/L,,,https://driveimg1.intermarche.com/pt/Content/images/boitmal/produit/zoom/337078DD8DFA2309401BA5C925E0DABA.jpg,,,,2025-11-05T23:59:59Z,PROSPECTUS,14,1,,
53113,8719200265271,225.0,Planta,"Creme vegetal para barrar sabor a manteiga, 225g",,1.79,7.96,0,kg,€/Kg,,,https://driveimg1.intermarche.com/pt/Content/images/boitmal/produit/zoom/6933A44AB3EA30061ADF0D13AACAFFF4.jpg,https://driveimg1.intermarche.com/pt/Content/images/boitmal/produit/zoom/EEC881B16EB917B52FDADCD01B6DC717.jpg,https://driveimg1.intermarche.com/pt/Content/images/boitmal/produit/zoom/EEC881B16EB917B52FDADCD01B6DC717.jpg,https://driveimg1.intermarche.com/pt/Content/images/boitmal/produit/zoom/EEC881B16EB917B52FDADCD01B6DC717.jpg,2025-11-05T23:59:59Z,PROSPECTUS,14,1,,
53304,5000204339192,,Pato,"Bloco Sanitário Discos Activos Apa Lavanda, 6 doses",,2.34,2.34,0,,€/Unidade,,,https://driveimg1.intermarche.com/pt/Content/images/boitmal/produit/zoom/59D5095BF6A3943166C68414CAB5DBA1.jpg,https://driveimg1.intermarche.com/pt/Content/images/boitmal/produit/zoom/2AE9A575E39232DD896A393DDEA671D2.jpg,https://driveimg1.intermarche.com/pt/Content/images/boitmal/produit/zoom/2AE9A575E39232DD896A393DDEA671D2.jpg,https://driveimg1.intermarche.com/pt/Content/images/boitmal/produit/zoom/2AE9A575E39232DD896A393DDEA671D2.jpg,2025-11-05T23:59:59Z,PROSPECTUS,14,1,,
54538,8006540763582,,Fairy,"Detergente Máquina Loiça Pastilhas Original Tudo em 1 Limão, 71D",,12.99,12.99,0,,€/Unidade,,,https://driveimg1.intermarche.com/pt/Content/images/boitmal/produit/zoom/937EB01E1BF93392425BD6CC2ABF2650.jpg,,,,2025-11-05T23:59:59Z,PROSPECTUS,14,1,,
5928,5604260256921,2000.0,PorSi,Lava Tudo Perfumado Montanha,,0.99,0.5,2000,L,€/L,,,https://driveimg1.intermarche.com/pt/Content/images/boitmal/produit/zoom/1025C53588751D93B22FC3DF4D839D3B.jpg,,,,2025-11-05T23:59:59Z,PROSPECTUS,14,1,,
9315,5603722509544,1000.0,Mimosa,"Leite 0% lactose magro, de 1l",,1.15,1.15,1000,L,€/L,,,https://driveimg1.intermarche.com/pt/Content/images/boitmal/produit/zoom/0350D0DE44A653A9AB01722B06443E94.jpg,https://driveimg1.intermarche.com/pt/Content/images/boitmal/produit/zoom/DC5219EC1E15E09529E323B7D196FADA.jpg,https://driveimg1.intermarche.com/pt/Content/images/boitmal/produit/zoom/DC48BFFA4281D8016E9FB40168ED4485.jpg,,2025-11-05T23:59:59Z,PROSPECTUS,14,1,,
9689,5604260270569,1000.0,PorSi,Leite Uht Meio-gordo Dos Açores 1l,,0.89,0.89,1000,L,€/L,,,https://driveimg1.intermarche.com/pt/Content/images/boitmal/produit/zoom/0A3AA54822C30F0497B3ACA5DD5DF689.jpg,,,,2025-11-05T23:59:59Z,PROSPECTUS,14,1,,
1044,5601055091040,125.0,Pantagruel,"Chocolate culinário em pó, embalagem de 130g",,1.89,15.12,0,kg,€/Kg,,,https://driveimg1.intermarche.com/pt/Content/images/boitmal/produit/zoom/EC39818FB7DAC7B6D92FD68237D46905.jpg,,,,2025-11-05T23:59:59Z,PROSPECTUS,14,1,,
1296,5601151543306,1000.0,Compal,"Néctar de pêra, embalagem de 1l",,1.26,1.26,1000,L,€/L,,,https://driveimg1.intermarche.com/pt/Content/images/boitmal/produit/zoom/20D6CCFACD44697943FB8CAF67B7E4F5.jpg,,,,2025-11-05T23:59:59Z,PROSPECTUS,14,1,,
1305,5601151862155,500.0,Compal,Polpa de tomate 500g,,1.19,2.38,0,kg,€/Kg,,,https://driveimg1.intermarche.com/pt/Content/images/boitmal/produit/zoom/D9FD9B4F4905971874C5E4127C57C62E.jpg,,,,2025-11-05T23:59:59Z,PROSPECTUS,14,1,,
1310,5601151979969,140.0,Compal,"Compal da horta concentrado tomate, embalagem de 140g",,0.99,7.07,0,kg,€/Kg,,,https://driveimg1.intermarche.com/pt/Content/images/boitmal/produit/zoom/AFB213C2AE47899B42B45E2988A779B7.jpg,,,,2025-11-05T23:59:59Z,PROSPECTUS,14,1,,
13897,2891053000000,1000.0,Porco,Lombo sem Osso,Vendido ao peso a partir de 1 kg,4.49,4.49,0,,€/Kg,,,https://driveimg1.intermarche.com/pt/Content/images/boitmal/produit/zoom/415564DA70574ED3C1D7475F1F28BDB6.jpg,,,,2025-11-05T23:59:59Z,PROSPECTUS,14,1,,
14337,3387390320008,141.0,Nestlé,"Barras fitness com chocolate, embalagem de 140g",,1.99,14.11,0,kg,€/Kg,,,https://driveimg1.intermarche.com/pt/Content/images/boitmal/produit/zoom/60AE623A4FF700F6FDA38FA5729DE5A4.jpg,,,,2025-11-05T23:59:59Z,PROSPECTUS,14,1,,
14344,3387390406719,150.0,Nestlé,"Barras de cereais nesquik, embalagem de 150g",,1.99,13.27,0,kg,€/Kg,,,https://driveimg1.intermarche.com/pt/Content/images/boitmal/produit/zoom/4878F7C89F5570C091D36337F3638AB8.jpg,,,,2025-11-05T23:59:59Z,PROSPECTUS,14,1,,
1438,5601260047108,1000.0,Saludães,Arroz agulha,Embalagem de 1kg,1.35,1.35,0,kg,€/Kg,,,https://driveimg1.intermarche.com/pt/Content/images/boitmal/produit/zoom/B47152EFC4F603CBADD3130829B29F08.jpg,,,,2025-11-05T23:59:59Z,PROSPECTUS,14,1,,
14545,5606293100295,100.0,Vitacress,"Salada aromática, embalagem de 100 g",,0.99,9.9,0,kg,€/Kg,,,https://driveimg1.intermarche.com/pt/Content/images/boitmal/produit/zoom/8B774925D3C426E499C84729B9F86DF2.jpg,,,,2025-11-05T23:59:59Z,PROSPECTUS,14,1,,
15125,2895006000000,150.0,Terra Nostra,Queijo Flamengo em Barra,1 un = 150 gr (aprox.),1.39,9.29,0,,€/Kg,,,https://driveimg1.intermarche.com/pt/Content/images/boitmal/produit/zoom/BF84618CA37316EE2612494B15F423CC.jpg,,,,2025-11-05T23:59:59Z,PROSPECTUS,14,1,,
17189,5603344531107,110.0,General,"Atum em posta, em azeite, embalagem de 110g",,1.49,13.55,0,kg,€/Kg,,,https://driveimg1.intermarche.com/pt/Content/images/boitmal/produit/zoom/9B578FD57DAE66EA731A200412CF6D79.jpg,,,,2025-11-05T23:59:59Z,PROSPECTUS,14,1,,
17827,5603344531022,110.0,General,Atum posta em óleo,Embalagem de 110g,0.99,9.0,0,kg,€/Kg,,,https://driveimg1.intermarche.com/pt/Content/images/boitmal/produit/zoom/6CF8780AD6CFF5E4D2703538338330A5.jpg,,,,2025-11-05T23:59:59Z,PROSPECTUS,14,2,,
17873,8718951037885,500.0,Ajax,"Limpa vidros recarga tripla ação, 500 ml",,1.79,3.58,500,L,€/L,,,https://driveimg1.intermarche.com/pt/Content/images/boitmal/produit/zoom/D0A7A0C399BF07DEEA9FD446034A3D4F.jpg,,,,2025-11-05T23:59:59Z,PROSPECTUS,14,2,,
19022,5603722509742,800.0,Agros,"Leite com chocolate, embalagem de 4 x 200 ml",,1.88,2.35,800,L,€/L,,,https://driveimg1.intermarche.com/pt/Content/images/boitmal/produit/zoom/86A34AF1051A1750347A4FF58912A923.jpg,,,,2025-11-05T23:59:59Z,PROSPECTUS,14,2,,
20433,5601244500070,1000.0,Terra Nostra,"Leite de pastagem magro, embalagem de 1 l",,0.89,0.89,1000,L,€/L,,,https://driveimg1.intermarche.com/pt/Content/images/boitmal/produit/zoom/9F4485855ABBC3534A5CD1111ACFCBA8.jpg,https://driveimg1.intermarche.com/pt/Content/images/boitmal/produit/zoom/E6424B45F8177C670F59F3BF8C085519.jpg,,,2025-11-05T23:59:59Z,PROSPECTUS,14,2,,
20512,5601070000539,500.0,Cristal,"Vinagre de sidra, garrafa de 500 ml",,1.22,2.44,500,L,€/L,,,https://driveimg1.intermarche.com/pt/Content/images/boitmal/produit/zoom/088D2E6C27D5043C18AD10EB75A50F4E.jpg,,,,2025-11-05T23:59:59Z,PROSPECTUS,14,2,,
20988,5601260593605,67.0,Cigala,"Noodle banzai galinha, embalagem de 70g",,1.09,16.27,0,kg,€/Kg,,,https://driveimg1.intermarche.com/pt/Content/images/boitmal/produit/zoom/71C67AA9B3CABECA513D8BECB737982E.jpg,,,,2025-11-05T23:59:59Z,PROSPECTUS,14,2,,
22335,5000116110940,420.0,Capitão Iglo,"15 douradinhos, embalagem de 420g",,4.99,11.88,0,kg,€/Kg,,Tipo de stockagem,https://driveimg1.intermarche.com/pt/Content/images/boitmal/produit/zoom/3973A8C90F686ECB72E76C3B0A0492D4.jpg,,,,2025-11-05T23:59:59Z,PROSPECTUS,14,2,,
23758,5604260282616,150.0,PorSi,Batatas Fritas Lisas Gourmet 150g,,1.23,8.2,0,kg,€/Kg,,,https://driveimg1.intermarche.com/pt/Content/images/boitmal/produit/zoom/086887FDC28498C155F9760C1B0A2422.jpg,,,,2025-11-05T23:59:59Z,PROSPECTUS,14,2,,
25108,5601226041720,750.0,Ucal,"Leite uht com chocolate, embalagem de 3 x 250 ml",,2.49,3.32,750,L,€/L,,,https://driveimg1.intermarche.com/pt/Content/images/boitmal/produit/zoom/7D29449DA2FD72495E3738757304836A.jpg,,,,2025-11-05T23:59:59Z,PROSPECTUS,14,2,,
25109,5601226041669,1000.0,Ucal,"Leite uht com chocolate, de 1 l",,2.39,2.39,1000,L,€/L,,,https://driveimg1.intermarche.com/pt/Content/images/boitmal/produit/zoom/738D47C205671FC9009C184DEADB5970.jpg,,,,2025-11-05T23:59:59Z,PROSPECTUS,14,2,,
27489,8434165466395,168.0,Cuétara,"Bolacha tosta rica choco guay, embalagem de 170g",,1.69,10.06,0,kg,€/Kg,,,https://driveimg1.intermarche.com/pt/Content/images/boitmal/produit/zoom/3A9A98A9DDBC51A86941E146A23D130C.jpg,,,,2025-11-05T23:59:59Z,PROSPECTUS,14,2,,
27771,5604079033003,150.0,Valformoso,Queijo flamengo ralado,Embalagem de 150g,1.65,11.0,0,kg,€/Kg,,,https://driveimg1.intermarche.com/pt/Content/images/boitmal/produit/zoom/340E4A9FCB80195F103A751E1015B7D7.jpg,,,,2025-11-05T23:59:59Z,PROSPECTUS,14,2,,
31196,5600380891936,30.0,Prozis,"Barra proteina chocolate belga, 30g",,0.89,29.67,0,kg,€/Kg,,,https://driveimg1.intermarche.com/pt/Content/images/boitmal/produit/zoom/AEF2828DA67AED740E0D4177968F2748.jpg,,,,2025-11-05T23:59:59Z,PROSPECTUS,14,2,,
34318,5604260278886,200.0,PorSi,Molho Inglês 200ml,,0.99,4.95,200,L,€/L,,,https://driveimg1.intermarche.com/pt/Content/images/boitmal/produit/zoom/7251F73A4AE8A2736A579F5A5FC81FCF.jpg,,,,2025-11-05T23:59:59Z,PROSPECTUS,14,2,,
35138,5603722517655,960.0,Mimosa,"Iogurte sólido aroma morango, ananás e banana, 8 x 120 g",,1.89,1.97,0,kg,€/Kg,,,https://driveimg1.intermarche.com/pt/Content/images/boitmal/produit/zoom/7070B93AC2DB23DCF61734D801E40E6D.jpg,,,,2025-11-05T23:59:59Z,PROSPECTUS,14,2,,
35483,8410436343435,500.0,Sonasol,Spray desengordurante,Embalagem de 500 ml,1.99,3.98,500,L,€/L,,,https://driveimg1.intermarche.com/pt/Content/images/boitmal/produit/zoom/47473DD6CCCCC8BCBCC650E05B76EF50.jpg,,,,2025-11-05T23:59:59Z,PROSPECTUS,14,2,,
35849,5601050035353,440.0,Danone,"Iogurte oikos cheesecake de mirtilo, embalagem de 4 x 110g",,1.99,4.52,0,kg,€/Kg,,,https://driveimg1.intermarche.com/pt/Content/images/boitmal/produit/zoom/4A1EC89AAD14F77718D5CC67F571432A.jpg,,,,2025-11-05T23:59:59Z,PROSPECTUS,14,2,,
38557,5601027004764,315.0,Manhãzitos,Manhãzitos® planetus 9x2 un.,Embalagem de 315g,2.94,9.33,0,kg,€/Kg,,,https://driveimg1.intermarche.com/pt/Content/images/boitmal/produit/zoom/8BC9A4B8955F0072A9A69D2A17EA2C77.jpg,,,,2025-11-05T23:59:59Z,PROSPECTUS,14,2,,
405,8712566410910,275.0,Calvé,"Ketchup, embalagem de 275g",,1.48,5.38,0,kg,€/Kg,,,https://driveimg1.intermarche.com/pt/Content/images/boitmal/produit/zoom/9E63EED4B27A252289B8979C188F5B40.jpg,https://driveimg1.intermarche.com/pt/Content/images/boitmal/produit/zoom/0D7B165FF00CA45BD8F6AC077E3CA1EC.jpg,https://driveimg1.intermarche.com/pt/Content/images/boitmal/produit/zoom/0D7B165FF00CA45BD8F6AC077E3CA1EC.jpg,https://driveimg1.intermarche.com/pt/Content/images/boitmal/produit/zoom/0D7B165FF00CA45BD8F6AC077E3CA1EC.jpg,2025-11-05T23:59:59Z,PROSPECTUS,14,2,,
41297,5601050036534,440.0,Danone,"Iogurte oikos pêssego, embalagem de 4 x 110g",,1.99,4.52,0,kg,€/Kg,,,https://driveimg1.intermarche.com/pt/Content/images/boitmal/produit/zoom/C2BCC90FB2B192B3C8BC1E9CCF0DA4AF.jpg,,,,2025-11-05T23:59:59Z,PROSPECTUS,14,2,,
41581,5601050036619,440.0,Danone,"Iogurte grego maçã e canela, 4 x 110g",,1.99,4.52,0,kg,€/Kg,,,https://driveimg1.intermarche.com/pt/Content/images/boitmal/produit/zoom/069FA6355B7D02BF816E598F365E6B99.jpg,,,,2025-11-05T23:59:59Z,PROSPECTUS,14,2,,
41583,5601050036633,440.0,Danone,"Iogurte grego caramelo, embalagem de 4 x 110g",,1.99,4.52,0,kg,€/Kg,,,https://driveimg1.intermarche.com/pt/Content/images/boitmal/produit/zoom/4AF60E7434769AFED892C6902FE959A2.jpg,,,,2025-11-05T23:59:59Z,PROSPECTUS,14,2,,
41714,5604260307746,750.0,Porsi Vivabem,Iogurte Magro Natural 6x125g,,1.15,1.53,0,kg,€/Kg,,,https://driveimg1.intermarche.com/pt/Content/images/boitmal/produit/zoom/E5F62F5C5637195700F5155AF4D3058C.jpg,,,,2025-11-05T23:59:59Z,PROSPECTUS,14,2,,
42850,5604260307623,400.0,Porsi Vivabem,Especialidade Soja 4x100g,,1.29,3.23,0,kg,€/Kg,,,https://driveimg1.intermarche.com/pt/Content/images/boitmal/produit/zoom/DB9725133F1B2FF31F4BB486DF7451DE.jpg,,,,2025-11-05T23:59:59Z,PROSPECTUS,14,2,,
44234,8710522854815,257.0,Calvé,"Mostarda top down, embalagem de 257g",,1.68,6.54,0,kg,€/Kg,,,https://driveimg1.intermarche.com/pt/Content/images/boitmal/produit/zoom/63AC7BC5BB2C7D5CE58B458BE855CC4A.jpg,,,,2025-11-05T23:59:59Z,PROSPECTUS,14,2,,
46840,5604260318957,750.0,Porsi Vivabem,Iogurte Magro Aroma Manga 6x125g,,1.15,1.53,0,kg,€/Kg,,,https://driveimg1.intermarche.com/pt/Content/images/boitmal/produit/zoom/94673AB82AD98D45564340DC8660A87A.jpg,,,,2025-11-05T23:59:59Z,PROSPECTUS,14,2,,
47635,8412600018316,300.0,Bimbo,Bimbo® bagels clássico 4 un.,Embalagem de 300g,2.34,7.8,0,kg,€/Kg,,,https://driveimg1.intermarche.com/pt/Content/images/boitmal/produit/zoom/A909D7B45AB188586A83F78F8C44D74E.jpg,,,,2025-11-05T23:59:59Z,PROSPECTUS,14,2,,
47636,8412600018323,300.0,Bimbo,Bimbo® bagels sementes 4 un.,Embalagem de 300g,2.34,7.8,0,kg,€/Kg,,,https://driveimg1.intermarche.com/pt/Content/images/boitmal/produit/zoom/4C1FC5DD8D8752799FB839690B061514.jpg,,,,2025-11-05T23:59:59Z,PROSPECTUS,14,2,,
49542,5604260323906,1000.0,Porsi Vivabem,Bebida de Amendoa 0% Açúcares Adicionados 1l,,1.35,1.35,1000,L,€/L,,,https://driveimg1.intermarche.com/pt/Content/images/boitmal/produit/zoom/AEE9651854E78E84B75576B58758E00E.jpg,,,,2025-11-05T23:59:59Z,PROSPECTUS,14,2,,
51623,8445290099426,800.0,Purina One,Ração seca para gato esterilizado vaca,Embalagem de 800g,5.59,6.99,0,kg,€/Kg,,,https://driveimg1.intermarche.com/pt/Content/images/boitmal/produit/zoom/913C6E752F1EE698DDE3304A8611D873.jpg,,,,2025-11-05T23:59:59Z,PROSPECTUS,14,2,,
52377,8720181385131,,Skip,Detergente Máquina Roupa Líquido Sabão Natural,100 Doses,11.99,11.99,0,,€/Unidade,,,https://driveimg1.intermarche.com/pt/Content/images/boitmal/produit/zoom/B7482844827C04E8BE654EF9B7B49DD3.jpg,,,,2025-11-05T23:59:59Z,PROSPECTUS,14,2,,
52859,8410063094571,1000.0,Pescanova,"Peskitos pescada panada sem glúten, 1 kg",,7.49,7.49,0,kg,€/Kg,,Tipo de stockagem,https://driveimg1.intermarche.com/pt/Content/images/boitmal/produit/zoom/7BDF38BE112B6C73B2BBE43BC17C505D.jpg,https://driveimg1.intermarche.com/pt/Content/images/boitmal/produit/zoom/68AC33F24F2A838C3801DAA9F2505E5E.jpg,https://driveimg1.intermarche.com/pt/Content/images/boitmal/produit/zoom/68AC33F24F2A838C3801DAA9F2505E5E.jpg,https://driveimg1.intermarche.com/pt/Content/images/boitmal/produit/zoom/68AC33F24F2A838C3801DAA9F2505E5E.jpg,2025-11-05T23:59:59Z,PROSPECTUS,14,2,,
53209,8719200268616,250.0,Vaqueiro,"Creme vegetal culinária clássico, 250g",,1.43,5.72,0,kg,€/Kg,,,https://driveimg1.intermarche.com/pt/Content/images/boitmal/produit/zoom/1DED1E9DAECA76ADDCCDF45A9F1F2B22.jpg,https://driveimg1.intermarche.com/pt/Content/images/boitmal/produit/zoom/FFB50D9A6B4B2420D7BA125832D59133.jpg,https://driveimg1.intermarche.com/pt/Content/images/boitmal/produit/zoom/FFB50D9A6B4B2420D7BA125832D59133.jpg,https://driveimg1.intermarche.com/pt/Content/images/boitmal/produit/zoom/FFB50D9A6B4B2420D7BA125832D59133.jpg,2025-11-05T23:59:59Z,PROSPECTUS,14,2,,
53261,8445290042125,2800.0,Purina One,"Ração para Gato Junior, 2.8 kg",,15.59,5.57,0,kg,€/Kg,,,https://driveimg1.intermarche.com/pt/Content/images/boitmal/produit/zoom/043A9C58978C34750AF76A83E9D0BAAD.jpg,https://driveimg1.intermarche.com/pt/Content/images/boitmal/produit/zoom/E81A6F8459939103F6BC984A253914A3.jpg,https://driveimg1.intermarche.com/pt/Content/images/boitmal/produit/zoom/E81A6F8459939103F6BC984A253914A3.jpg,https://driveimg1.intermarche.com/pt/Content/images/boitmal/produit/zoom/E81A6F8459939103F6BC984A253914A3.jpg,2025-11-05T23:59:59Z,PROSPECTUS,14,2,,
53916,5604260333172,285.0,PorSi,Milho Doce em Grão 300g,,0.99,3.47,0,kg,€/Kg,,,https://driveimg1.intermarche.com/pt/Content/images/boitmal/produit/zoom/531A9C6CC93810353AC348E857100AD3.jpg,,,,2025-11-05T23:59:59Z,PROSPECTUS,14,2,,
54795,5603722521225,604.0,Mimosa,"Iogurte magro liquido morango, 4x151 ml",,1.54,2.55,604,L,€/L,,,https://driveimg1.intermarche.com/pt/Content/images/boitmal/produit/zoom/075603ECF4916B645B9AA45146480552.jpg,,,,2025-11-05T23:59:59Z,PROSPECTUS,14,2,,
55158,5411188140207,400.0,Alpro,"Yofu Soja Morango, 400g",,2.19,5.48,0,kg,€/Kg,,,https://driveimg1.intermarche.com/pt/Content/images/boitmal/produit/zoom/6D5822160F3EA1DD1E384DF378925EEA.jpg,,,,2025-11-05T23:59:59Z,PROSPECTUS,14,2,,
56362,5604260336821,,PorSi,Papel Higiénico Branco Perfumado Karité 2 Folhas 6 Rolos,,2.29,2.29,0,,€/Unidade,,,https://driveimg1.intermarche.com/pt/Content/images/boitmal/produit/zoom/BE5AA17A72D14E4AA25326990C4CAB14.jpg,,,,2025-11-05T23:59:59Z,PROSPECTUS,14,2,,
7409,3250390504535,250.0,Páturages,Chantilly Spray Light 250g,Embalagem de 250g,1.79,7.16,0,kg,€/Kg,,,https://driveimg1.intermarche.com/pt/Content/images/boitmal/produit/zoom/0EDD81F8B87FE74609B7B722EED5BB1F.jpg,,,,2025-11-05T23:59:59Z,PROSPECTUS,14,2,,
8068,5011417544679,400.0,Finish,Abrilhantador p/ máquina de lavar loiça,Garrafa de 400 ml,4.99,12.48,400,L,€/L,,,https://driveimg1.intermarche.com/pt/Content/images/boitmal/produit/zoom/5D045CC65EE222532216DB5B0BF2A582.jpg,,,,2025-11-05T23:59:59Z,PROSPECTUS,14,2,,
8398,5601050016024,600.0,Danone,"Danacol natural, embalagem de 6 x 100g",,2.99,4.98,0,kg,€/Kg,,,https://driveimg1.intermarche.com/pt/Content/images/boitmal/produit/zoom/E05E5353FD11FB2707504DEA431D86EA.jpg,,,,2025-11-05T23:59:59Z,PROSPECTUS,14,2,,
9255,5603124024140,545.0,Mistolin,"Tira gorduras recarga, de 550 ml",,1.99,3.65,545,L,€/L,,,https://driveimg1.intermarche.com/pt/Content/images/boitmal/produit/zoom/687EAA7C10E8372C470B9350CC205D49.jpg,,,,2025-11-05T23:59:59Z,PROSPECTUS,14,2,,
931,5601001228100,300.0,Nestum,Nestum flocos de cereais com mel,Embalagem de 300g,2.09,6.97,0,kg,€/Kg,,,https://driveimg1.intermarche.com/pt/Content/images/boitmal/produit/zoom/82B368094FF4C269D04DE75FB30D7775.jpg,,,,2025-11-05T23:59:59Z,PROSPECTUS,14,2,,
10161,8410199030900,85.0,LayS,"Aperitivos 3ds cones, embalagem de 90g",,1.19,14.0,0,kg,€/Kg,,,https://driveimg1.intermarche.com/pt/Content/images/boitmal/produit/zoom/CABD9E02E15FE0A39A1EB6AA89751DFE.jpg,,,,2025-11-05T23:59:59Z,PROSPECTUS,14,2,,
1043,5601055024017,200.0,Pantagruel,"Chocolate culinário, embalagem de 200g",,3.29,16.45,0,kg,€/Kg,,,https://driveimg1.intermarche.com/pt/Content/images/boitmal/produit/zoom/CD7A81B2D616DAA659580B8B1F91D9F1.jpg,,,,2025-11-05T23:59:59Z,PROSPECTUS,14,2,,
10859,3023290400395,230.0,Nestlé,"Iogurte mix in kit kat, embalagem de 2 x 115g",,2.19,9.52,0,kg,€/Kg,,,https://driveimg1.intermarche.com/pt/Content/images/boitmal/produit/zoom/46A338E8D7EAC63B8EF63808F7DF5998.jpg,,,,2025-11-05T23:59:59Z,PROSPECTUS,14,2,,
11466,5601018004605,200.0,Gresso,Nata uht para bater 200 ml,,0.85,4.25,200,L,€/L,,,https://driveimg1.intermarche.com/pt/Content/images/boitmal/produit/zoom/6D55411BE639B830632A68D20D002036.jpg,,,,2025-11-05T23:59:59Z,PROSPECTUS,14,2,,
11640,5601180000993,1000.0,Vigor,"Leite pasteurizado gordo, de 1l",,1.08,1.08,1000,L,€/L,,,https://driveimg1.intermarche.com/pt/Content/images/boitmal/produit/zoom/12B86C68D7331166E668398B8E667665.jpg,,,,2025-11-05T23:59:59Z,PROSPECTUS,14,2,,
11642,5601180002003,1000.0,Vigor,Leite pasteurizado magro,Garrafa de 1 l,1.0,1.0,1000,L,€/L,,,https://driveimg1.intermarche.com/pt/Content/images/boitmal/produit/zoom/F8C109F76B61C34DDC541F6014AEA1D3.jpg,,,,2025-11-05T23:59:59Z,PROSPECTUS,14,2,,
11650,5601192201104,200.0,Agros,Nata uht 200 ml,,0.89,4.45,200,L,€/L,,,https://driveimg1.intermarche.com/pt/Content/images/boitmal/produit/zoom/478AC7EFE77B8590BBD8EF6C88C17807.jpg,,,,2025-11-05T23:59:59Z,PROSPECTUS,14,2,,
11656,5601195510128,1000.0,Pedras Salgadas,"Água com gás limão, pack 4 x 0.25 l",,2.19,2.19,1000,L,€/L,,,https://driveimg1.intermarche.com/pt/Content/images/boitmal/produit/zoom/B17C3B681260FB1EF3C3D602C2A48DB7.jpg,,,,2025-11-05T23:59:59Z,PROSPECTUS,14,2,,
12468,8435250439584,256.0,Nestlé,"Iogurte mix in smarties morango, embalagem de 2 x 128 g",,2.19,8.55,0,kg,€/Kg,,,https://driveimg1.intermarche.com/pt/Content/images/boitmal/produit/zoom/546EB338CC6149CC0CDDECE6E5ABF48D.jpg,,,,2025-11-05T23:59:59Z,PROSPECTUS,14,2,,
12471,8435257040868,640.0,Nestlé,"Iogurte líquido yoggi morango/banana, embalagem de 4 x 160g",,1.99,3.11,0,kg,€/Kg,,,https://driveimg1.intermarche.com/pt/Content/images/boitmal/produit/zoom/E92C48D7A1A5BA67322D0E6250F5BAFF.jpg,,,,2025-11-05T23:59:59Z,PROSPECTUS,14,2,,
13977,2696106000000,,Pastelaria,Folhado de Maçã,1 unidade= 100 g,0.75,0.75,0,,€/Unidade,,,https://driveimg1.intermarche.com/pt/Content/images/boitmal/produit/zoom/C92497D9C6A75CD832651E848AF344C3.jpg,,,,2025-11-05T23:59:59Z,PROSPECTUS,14,2,,
14346,3387390406849,150.0,Nestlé,"Barras cereais chocapic, embalagem de 150g",,1.99,13.27,0,kg,€/Kg,,,https://driveimg1.intermarche.com/pt/Content/images/boitmal/produit/zoom/A9E143A7AE167B7B2DF153E69E157760.jpg,,,,2025-11-05T23:59:59Z,PROSPECTUS,14,2,,
14372,8712100599392,550.0,Calvé,"Ketchup top down, embalagem de 550g",,2.59,4.71,0,kg,€/Kg,,,https://driveimg1.intermarche.com/pt/Content/images/boitmal/produit/zoom/6D3218F33B22BC3205033BC41E176600.jpg,https://driveimg1.intermarche.com/pt/Content/images/boitmal/produit/zoom/FE7F103C359D2D1FD7BF3FDC8DD381BA.jpg,https://driveimg1.intermarche.com/pt/Content/images/boitmal/produit/zoom/FE7F103C359D2D1FD7BF3FDC8DD381BA.jpg,https://driveimg1.intermarche.com/pt/Content/images/boitmal/produit/zoom/FE7F103C359D2D1FD7BF3FDC8DD381BA.jpg,2025-11-05T23:59:59Z,PROSPECTUS,14,2,,
14396,3387390326284,141.0,Nestlé,"Barras fitness natural 141g, embalagem de 140g",,1.99,14.11,0,kg,€/Kg,,,https://driveimg1.intermarche.com/pt/Content/images/boitmal/produit/zoom/1D94765A03D57547DD65718EEAF795A7.jpg,,,,2025-11-05T23:59:59Z,PROSPECTUS,14,2,,
1468,5601286250780,500.0,Milaneza,"Massa maçarronete riscado, embalagem de 500g",,1.04,2.08,0,kg,€/Kg,,,https://driveimg1.intermarche.com/pt/Content/images/boitmal/produit/zoom/BA4109E5185276DFC6B9D6597899335A.jpg,,,,2025-11-05T23:59:59Z,PROSPECTUS,14,2,,
15353,5604260270767,800.0,PorSi,Tentáculos Pota 800g,,5.99,7.49,0,kg,€/Kg,,Tipo de stockagem,https://driveimg1.intermarche.com/pt/Content/images/boitmal/produit/zoom/49398B6B79D4038703598D2AD5AB070C.jpg,,,,2025-11-05T23:59:59Z,PROSPECTUS,14,2,,
15577,5604260279166,125.0,PorSi,Framboesa,Embalagem com 125g,1.99,15.92,0,kg,€/Kg,,,https://driveimg1.intermarche.com/pt/Content/images/boitmal/produit/zoom/B88FD29FAEF1BF8CB6DEB86AC94C2B60.jpg,,,,2025-11-05T23:59:59Z,PROSPECTUS,14,2,,
16003,5000116109630,300.0,Capitão Iglo,"12 douradinhos forníssimo, embalagem de 300g",,3.98,13.27,0,kg,€/Kg,,Tipo de stockagem,https://driveimg1.intermarche.com/pt/Content/images/boitmal/produit/zoom/544992A31EAE2C5ED6C344C7B21BC2DA.jpg,,,,2025-11-05T23:59:59Z,PROSPECTUS,14,2,,
19094,4084500330955,1500.0,Fairy,"Detergente líquido, manual loiça, original, 1,5 l",,6.19,4.13,1500,L,€/L,,,https://driveimg1.intermarche.com/pt/Content/images/boitmal/produit/zoom/95EC3D03AC3B46A8207C2E0CFB674294.jpg,,,,2025-11-05T23:59:59Z,PROSPECTUS,14,2,,
1948,5604260056941,200.0,PorSi,Massa de Alho 200g,,0.85,4.25,0,kg,€/Kg,,,https://driveimg1.intermarche.com/pt/Content/images/boitmal/produit/zoom/E280B75D03F6886AA331E096355381E5.jpg,,,,2025-11-05T23:59:59Z,PROSPECTUS,14,2,,
19940,7613035619456,300.0,Nestlé,Granola aveia fitness mel,Embalagem de 300g,3.29,10.97,0,kg,€/Kg,,,https://driveimg1.intermarche.com/pt/Content/images/boitmal/produit/zoom/EAEAF515FE565B8F35270BCD3427077E.jpg,,,,2025-11-05T23:59:59Z,PROSPECTUS,14,2,,
20918,5000116110964,840.0,Capitão Iglo,"30 douradinhos, embalagem de 840g",,8.99,10.7,0,kg,€/Kg,,Tipo de stockagem,https://driveimg1.intermarche.com/pt/Content/images/boitmal/produit/zoom/3C52B0905F2F1ACE3D67359B13FE0331.jpg,,,,2025-11-05T23:59:59Z,PROSPECTUS,14,2,,
2630,8000500003787,200.0,Ferrero Rocher,16 bombons,Embalagem de 200g,5.19,25.95,0,kg,€/Kg,,,https://driveimg1.intermarche.com/pt/Content/images/boitmal/produit/zoom/C48862C103510D2C0692C2794FC35562.jpg,,,,2025-11-05T23:59:59Z,PROSPECTUS,14,2,,
28507,8006540618752,,Dodot,Fraldas Bebé Seco Extra +14kg T6,Embalagem c/ 48 un.,13.99,13.99,0,,€/Unidade,,,https://driveimg1.intermarche.com/pt/Content/images/boitmal/produit/zoom/3B2C8C276E6D8600A83CC88CD26B6A19.jpg,,,,2025-11-05T23:59:59Z,PROSPECTUS,14,2,,
29271,2895030000000,200.0,Agros,Queijo Flamengo Bola,Vendido ao peso,1.9,9.49,0,,€/Kg,,,https://driveimg1.intermarche.com/pt/Content/images/boitmal/produit/zoom/4C4B9766D3CBE00237D8217293FC8A7D.jpg,,,,2025-11-05T23:59:59Z,PROSPECTUS,14,2,,
31436,5607233508829,750.0,Panrico,Pão de forma especial torradas,Embalagem de 750g,1.89,2.52,0,kg,€/Kg,,,https://driveimg1.intermarche.com/pt/Content/images/boitmal/produit/zoom/E55F9FC30ED3A9561F136B69689D41FE.jpg,,,,2025-11-05T23:59:59Z,PROSPECTUS,14,2,,
32348,5000116124121,250.0,Iglo,"Filetes primavera receita original sem glúten, embalagem de 250g",,2.99,11.96,0,kg,€/Kg,,Tipo de stockagem,https://driveimg1.intermarche.com/pt/Content/images/boitmal/produit/zoom/DE4454A2804A2E2A8AB17463BBC49235.jpg,,,,2025-11-05T23:59:59Z,PROSPECTUS,14,2,,
33021,5601260048105,1000.0,Saludães,"Arroz basmati, embalagem de 1 kg",,2.49,2.49,0,kg,€/Kg,,,https://driveimg1.intermarche.com/pt/Content/images/boitmal/produit/zoom/69B2912DAB5813399DDCD1424E089110.jpg,,,,2025-11-05T23:59:59Z,PROSPECTUS,14,2,,
35888,5601151973752,3500.0,Sumol,"Refrigerante com gás de ananás, 2 x 1.75 l",,3.78,1.08,3500,L,€/L,,,https://driveimg1.intermarche.com/pt/Content/images/boitmal/produit/zoom/088D8DA34921F50F39B725B4135D000A.jpg,,,,2025-11-05T23:59:59Z,PROSPECTUS,14,2,,
36170,5604260295654,1000.0,PorSi,Batata pré-frita palito,Embalagem de 1 kg,1.85,1.85,0,kg,€/Kg,,Tipo de stockagem,https://driveimg1.intermarche.com/pt/Content/images/boitmal/produit/zoom/3CCF0DFFCA76AEE7F401DF2681D9A02B.jpg,,,,2025-11-05T23:59:59Z,PROSPECTUS,14,2,,
36655,8410436343404,500.0,Sonasol,Spray casa de banho brilhante,Embalagem de 500 ml,1.99,3.98,500,L,€/L,,,https://driveimg1.intermarche.com/pt/Content/images/boitmal/produit/zoom/74C5950FE2E809CF8D1EA09C76858123.jpg,,,,2025-11-05T23:59:59Z,PROSPECTUS,14,2,,
37574,8717163836835,2000.0,Lipton,"Ice tea de pêssego sem açúcar, garrafa de 2l",,2.39,1.2,2000,L,€/L,,,https://driveimg1.intermarche.com/pt/Content/images/boitmal/produit/zoom/B0D164F35BECC5A6CA9E515D71ED323C.jpg,,,,2025-11-05T23:59:59Z,PROSPECTUS,14,2,,
37604,5601244500148,1000.0,Terra Nostra,"Leite pastagem uht terra nostra inteiro, de 1l",,1.0,1.0,1000,L,€/L,,,https://driveimg1.intermarche.com/pt/Content/images/boitmal/produit/zoom/3B4C7B765CD878B7B162B4FFE368B474.jpg,https://driveimg1.intermarche.com/pt/Content/images/boitmal/produit/zoom/CA7222E1CEE2BE2C3D48716FA51D8421.jpg,,,2025-11-05T23:59:59Z,PROSPECTUS,14,2,,
37923,5604260300990,1000.0,Porsi Vivabem,Bebida de Amêndoa 1l,,1.05,1.05,1000,L,€/L,,,https://driveimg1.intermarche.com/pt/Content/images/boitmal/produit/zoom/74B05726BD16B03D5A528D4778757940.jpg,,,,2025-11-05T23:59:59Z,PROSPECTUS,14,2,,
37948,5601217132697,500.0,Cillitbang,"Spray limpeza casa de banho, embalagem de 500 ml",,2.49,4.98,500,L,€/L,,,https://driveimg1.intermarche.com/pt/Content/images/boitmal/produit/zoom/62E5A8E0A6D5CF81B7A29AA6D1070117.jpg,,,,2025-11-05T23:59:59Z,PROSPECTUS,14,2,,
40769,5604260301942,300.0,PorSi,Alimento Humido Cão Vaca 300g,Embalagem de 300 g,0.75,2.5,0,kg,€/Kg,,,https://driveimg1.intermarche.com/pt/Content/images/boitmal/produit/zoom/D9C4A619B4359B319F6376BE6477D965.jpg,,,,2025-11-05T23:59:59Z,PROSPECTUS,14,2,,
40925,8710522652138,240.0,Calvé,"Maionese top down, embalagem de 240g",,1.48,6.17,0,kg,€/Kg,,,https://driveimg1.intermarche.com/pt/Content/images/boitmal/produit/zoom/ECF2C8ABFC985CAC5B87AA78A2E96931.jpg,https://driveimg1.intermarche.com/pt/Content/images/boitmal/produit/zoom/8E23B17512BCD2C444A6228885CC4217.jpg,https://driveimg1.intermarche.com/pt/Content/images/boitmal/produit/zoom/8E23B17512BCD2C444A6228885CC4217.jpg,https://driveimg1.intermarche.com/pt/Content/images/boitmal/produit/zoom/8E23B17512BCD2C444A6228885CC4217.jpg,2025-11-05T23:59:59Z,PROSPECTUS,14,2,https://driveimg1.intermarche.com/pt/Content/images/boitmal/produit/zoom/8E23B17512BCD2C444A6228885CC4217.jpg,
40974,8711327407121,2000.0,Lipton,Ice tea de limão zero açúcar garrafa 2 l,,2.39,1.2,2000,L,€/L,,,https://driveimg1.intermarche.com/pt/Content/images/boitmal/produit/zoom/01B1D0B046262E5013625D98284F67D4.jpg,,,,2025-11-05T23:59:59Z,PROSPECTUS,14,2,,
41139,5604260303878,150.0,PorSi,Batatas Fritas Onduladas Sabor a Ovo Frito com Presunto 150g,,1.39,9.27,0,kg,€/Kg,,,https://driveimg1.intermarche.com/pt/Content/images/boitmal/produit/zoom/B8DBC6D402B223D1F1B9908A5EC78518.jpg,,,,2025-11-05T23:59:59Z,PROSPECTUS,14,2,,
41299,5601050036565,440.0,Danone,"Iogurte oikos maracujá, embalagem de 4 x 110g",,1.99,4.52,0,kg,€/Kg,,,https://driveimg1.intermarche.com/pt/Content/images/boitmal/produit/zoom/29553156A2F0422FEBEDFC7E0CF7883D.jpg,,,,2025-11-05T23:59:59Z,PROSPECTUS,14,2,,
42510,5604260308224,100.0,PorSi,Bloco Wc (4 Cilindros) Oceano 2x50g,Pack de 2 x 50 g,1.45,14.5,0,kg,€/Kg,,,https://driveimg1.intermarche.com/pt/Content/images/boitmal/produit/zoom/EFA45C1B39B0B4FF795080FD92094D4A.jpg,,,,2025-11-05T23:59:59Z,PROSPECTUS,14,2,,
42852,5604260307647,800.0,Porsi Vivabem,Especialidade Soja Polpa Fruta 8x100g,,2.69,3.36,0,kg,€/Kg,,,https://driveimg1.intermarche.com/pt/Content/images/boitmal/produit/zoom/0D2C3FB98762D16156C168FBF7DA568A.jpg,https://driveimg1.intermarche.com/pt/Content/images/boitmal/produit/zoom/4F993DA45A14AE1C56E5DF1A5FFD0B10.jpg,https://driveimg1.intermarche.com/pt/Content/images/boitmal/produit/zoom/4F993DA45A14AE1C56E5DF1A5FFD0B10.jpg,https://driveimg1.intermarche.com/pt/Content/images/boitmal/produit/zoom/4F993DA45A14AE1C56E5DF1A5FFD0B10.jpg,2025-11-05T23:59:59Z,PROSPECTUS,14,2,https://driveimg1.intermarche.com/pt/Content/images/boitmal/produit/zoom/4F993DA45A14AE1C56E5DF1A5FFD0B10.jpg,
4309,3600540342461,250.0,Fructis,Champô hydra caracóis,Embalagem de 250 ml,3.19,12.76,250,L,€/L,,,https://driveimg1.intermarche.com/pt/Content/images/boitmal/produit/zoom/20B5022D508A6A7AF557561048C9AC2E.jpg,,,,2025-11-05T23:59:59Z,PROSPECTUS,14,2,,
43876,5604260313693,460.0,PorSi,Hambúrgueres de Frango 460 G,,3.09,6.72,0,kg,€/Kg,,,https://driveimg1.intermarche.com/pt/Content/images/boitmal/produit/zoom/B59F443B43C1B7309A984790E7E9E810.jpg,,,,2025-11-05T23:59:59Z,PROSPECTUS,14,2,,
44702,5053990155354,175.0,Pringles,"Snacks batata sour cream & onion, embalagem de 175g",,2.39,13.66,0,kg,€/Kg,,,https://driveimg1.intermarche.com/pt/Content/images/boitmal/produit/zoom/0C0E56E5BC42C468A1D6A594D5BD0C63.jpg,https://driveimg1.intermarche.com/pt/Content/images/boitmal/produit/zoom/3743B152C095FACA5BB155343DC8A7EE.jpg,https://driveimg1.intermarche.com/pt/Content/images/boitmal/produit/zoom/3743B152C095FACA5BB155343DC8A7EE.jpg,https://driveimg1.intermarche.com/pt/Content/images/boitmal/produit/zoom/3743B152C095FACA5BB155343DC8A7EE.jpg,2025-11-05T23:59:59Z,PROSPECTUS,14,2,https://driveimg1.intermarche.com/pt/Content/images/boitmal/produit/zoom/3743B152C095FACA5BB155343DC8A7EE.jpg,
46128,3083681137811,450.0,Bonduelle,"Milho sem resíduos de pesticidas, embalagem de 450g",,2.59,5.76,0,kg,€/Kg,,,https://driveimg1.intermarche.com/pt/Content/images/boitmal/produit/zoom/EC051C59563F4690C90E354F78286A70.jpg,,,,2025-11-05T23:59:59Z,PROSPECTUS,14,2,,
46841,5604260318940,750.0,Porsi Vivabem,Iogurte Magro Aroma Morango 6x125g,,1.15,1.53,0,kg,€/Kg,,,https://driveimg1.intermarche.com/pt/Content/images/boitmal/produit/zoom/FAE81D187B49A173052F912072180DE4.jpg,,,,2025-11-05T23:59:59Z,PROSPECTUS,14,2,,
47110,7613287218766,110.0,Nestlé,Bolsitas de puré de multifrutas,Embalagem de 110g,0.79,7.18,0,kg,€/Kg,,,https://driveimg1.intermarche.com/pt/Content/images/boitmal/produit/zoom/3A0DC006BA90FE4ED51AF00C38870697.jpg,,,,2025-11-05T23:59:59Z,PROSPECTUS,14,2,,
48139,5604260319275,1200.0,PorSi,Alimento Humido Gato Pedaços Molho 12x100g,Embalagem de 12 x 100 g,3.49,2.91,0,kg,€/Kg,,,https://driveimg1.intermarche.com/pt/Content/images/boitmal/produit/zoom/9384B60785BEBF14FFB885F3137420A4.jpg,,,,2025-11-05T23:59:59Z,PROSPECTUS,14,2,,
48775,2769516000000,200.0,PorSi,"Preguinhos de Porco Finíssimos, embalagem de 200g (aprox.)",,1.6,7.98,0,,€/Kg,,,https://driveimg1.intermarche.com/pt/Content/images/boitmal/produit/zoom/3DD3775BE4F1F4161B469D1F01BAB9D5.jpg,,,,2025-11-05T23:59:59Z,PROSPECTUS,14,2,,
48777,5604260320011,900.0,PorSi,Panadinhos de Peixe 900g,,5.79,6.43,0,kg,€/Kg,,Tipo de stockagem,https://driveimg1.intermarche.com/pt/Content/images/boitmal/produit/zoom/8F6B2BB5CE05E7D3FD9612D443C20F1B.jpg,,,,2025-11-05T23:59:59Z,PROSPECTUS,14,2,,
48922,8006540417072,300.0,Pantene,Máscara Caracóis Perfeitos,300 ml,4.94,16.47,300,L,€/L,,,https://driveimg1.intermarche.com/pt/Content/images/boitmal/produit/zoom/025366923064A3F3F548E755A8D57055.jpg,,,,2025-11-05T23:59:59Z,PROSPECTUS,14,2,,
49093,5601082049656,440.0,Delta Q,Cápsulas de Café Grand Qalidus,Embalagem com 80 cápsulas,27.99,63.61,0,kg,€/Kg,,,https://driveimg1.intermarche.com/pt/Content/images/boitmal/produit/zoom/A7E404A1FB1D6000149DA6BB1923FB15.jpg,,,,2025-11-05T23:59:59Z,PROSPECTUS,14,2,,
49387,4001724039235,375.0,Dr. Oetker,Pizza Ristorante Bolognese,Embalagem de 375g,3.69,9.84,0,kg,€/Kg,,Tipo de stockagem,https://driveimg1.intermarche.com/pt/Content/images/boitmal/produit/zoom/46053FB4E0DC2CE725978B30687992F4.jpg,,,,2025-11-05T23:59:59Z,PROSPECTUS,14,2,,
49391,4001724039082,355.0,Dr. Oetker,Pizza Ristorante Hawaii,Embalagem de 355g,3.69,10.39,0,kg,€/Kg,,Tipo de stockagem,https://driveimg1.intermarche.com/pt/Content/images/boitmal/produit/zoom/2DE944D488744D2BB58C8960D267D6AC.jpg,,,,2025-11-05T23:59:59Z,PROSPECTUS,14,2,,
49831,8445290157348,390.0,Nesquik,"Achocolatado em pó, embalagem de 390g",,3.49,8.95,0,kg,€/Kg,,,https://driveimg1.intermarche.com/pt/Content/images/boitmal/produit/zoom/1C8D0ADDD419DD646B2CF36E18D3378F.jpg,,,,2025-11-05T23:59:59Z,PROSPECTUS,14,2,,
50454,5603722521829,1208.0,Mimosa,"Iogurte líquido aroma banana e morango, 8 x 151 ml",,2.64,2.19,1208,L,€/L,,,https://driveimg1.intermarche.com/pt/Content/images/boitmal/produit/zoom/AA12AF3CF07E84D8BB18D68CC6DFA3EB.jpg,,,,2025-11-05T23:59:59Z,PROSPECTUS,14,2,,
50495,5601164905771,500.0,Somersby,"Sidra, lata de 500 ml",,1.29,2.58,500,L,€/L,,,https://driveimg1.intermarche.com/pt/Content/images/boitmal/produit/zoom/E89767E3F9F65845A619995358BB3B33.jpg,,,,2025-11-05T23:59:59Z,PROSPECTUS,14,3,,
50629,5603722521454,1208.0,Mimosa,"Iogurte magro liquido de morango e framboesa, 8 x 151ml",,2.99,2.48,1208,L,€/L,,,https://driveimg1.intermarche.com/pt/Content/images/boitmal/produit/zoom/AB607BD866F448FA21D3247580B1F4C6.jpg,,,,2025-11-05T23:59:59Z,PROSPECTUS,14,3,,
51066,5604260324316,250.0,Porsi Vivabem,Queijo Fundido Light X16 250g,,1.99,7.96,0,kg,€/Kg,,,https://driveimg1.intermarche.com/pt/Content/images/boitmal/produit/zoom/88F63BC05D9FDBD7CBBF37390F91DC98.jpg,,,,2025-11-05T23:59:59Z,PROSPECTUS,14,3,,
51184,7322540671391,,Colhogar,"Papel higiénico 3 folhas protect rosa, 12 rolos",,5.97,5.97,12,,€/Unidade,,,https://driveimg1.intermarche.com/pt/Content/images/boitmal/produit/zoom/A6C380595272193AE3147EE314746BF0.jpg,https://driveimg1.intermarche.com/pt/Content/images/boitmal/produit/zoom/0A76D80299BD740B327BC202CA42E6A7.jpg,https://driveimg1.intermarche.com/pt/Content/images/boitmal/produit/zoom/E6EB8A4D7BADEA4C91682970DB1B81B4.jpg,https://driveimg1.intermarche.com/pt/Content/images/boitmal/produit/zoom/EA4F047C8C7EB304DA21BB6440EC9C0E.jpg,2025-11-05T23:59:59Z,PROSPECTUS,14,3,,
51273,8434165598485,210.0,Cuétara,"Bolacha Tosta Rica Chocolate, 210g",,2.49,11.86,0,kg,€/Kg,,,https://driveimg1.intermarche.com/pt/Content/images/boitmal/produit/zoom/859A5E709F0886F5B1C1599075C44A78.jpg,,,,2025-11-05T23:59:59Z,PROSPECTUS,14,3,,
51753,8410001134970,,Scotch Brite,"Esfregão Fibra com Esponja Não Risca Azul, 2 unidades",,0.99,0.99,0,,€/Unidade,,,https://driveimg1.intermarche.com/pt/Content/images/boitmal/produit/zoom/1406EA81C05F8A34137EF898D93E3B95.jpg,,,,2025-11-05T23:59:59Z,PROSPECTUS,14,3,,
51896,8719200253377,400.0,Planta,"Creme vegetal para barrar original, 400g",,2.54,6.35,0,kg,€/Kg,,,https://driveimg1.intermarche.com/pt/Content/images/boitmal/produit/zoom/0265DFAAA6CC23B5D28B5523E860ECEF.jpg,,,,2025-11-05T23:59:59Z,PROSPECTUS,14,3,,
52788,5900020043832,80.0,Nestlé,"Barras de Cereais Protein Fitness 0% Cacau, 80g",,1.79,22.38,0,kg,€/Kg,,,https://driveimg1.intermarche.com/pt/Content/images/boitmal/produit/zoom/7E4A3C5552FC27CE6A83D366162140DD.jpg,,,,2025-11-05T23:59:59Z,PROSPECTUS,14,3,,
52828,5411188139560,200.0,Alpro,"Iogurte high protein frutos vermelhos, 200g",,1.44,7.2,0,kg,€/Kg,,,https://driveimg1.intermarche.com/pt/Content/images/boitmal/produit/zoom/C10E92643335660DAE653A1243E6D656.jpg,https://driveimg1.intermarche.com/pt/Content/images/boitmal/produit/zoom/359C3C96C0E1B489DF2323C6790AAC64.jpg,,,2025-11-05T23:59:59Z,PROSPECTUS,14,3,,
52967,5411188138099,400.0,Alpro,"Yofu natural sem açúcar, 400g",,2.19,5.48,0,kg,€/Kg,,,https://driveimg1.intermarche.com/pt/Content/images/boitmal/produit/zoom/54214AECC446986553F991E1FE98EED2.jpg,https://driveimg1.intermarche.com/pt/Content/images/boitmal/produit/zoom/FAA5A0953C1320F7951A42ED471EF0CE.jpg,https://driveimg1.intermarche.com/pt/Content/images/boitmal/produit/zoom/FAA5A0953C1320F7951A42ED471EF0CE.jpg,,2025-11-05T23:59:59Z,PROSPECTUS,14,3,,
54361,8410104915186,,Finish,"Detergente Loiça Máquina Quantum Limão, 28 Pastilhas",,5.99,5.99,0,,€/Unidade,,,https://driveimg1.intermarche.com/pt/Content/images/boitmal/produit/zoom/AF6445EE2B2537230E8784866A377CB3.jpg,,,,2025-11-05T23:59:59Z,PROSPECTUS,14,3,,
54539,8700216236669,,Fairy,"Detergente Máquina Loiça Pastilhas Platinum Plus Tudo em 1 Limão, 19D",,5.99,5.99,0,,€/Unidade,,,https://driveimg1.intermarche.com/pt/Content/images/boitmal/produit/zoom/8EF65916B83E06C892876A46E53055E1.jpg,,,,2025-11-05T23:59:59Z,PROSPECTUS,14,3,,
54578,5604260332847,200.0,Labell Men,Deo Antitranspirante Invisible 200ml,,1.39,6.95,200,L,€/L,,,https://driveimg1.intermarche.com/pt/Content/images/boitmal/produit/zoom/9F97A1D9614F72330708B76934B0733F.jpg,,,,2025-11-05T23:59:59Z,PROSPECTUS,14,3,,
54799,5603722521263,604.0,Mimosa,Iogurte magro liquido frutos silvestres 4 x 151 ml,,1.54,2.55,604,L,€/L,,,https://driveimg1.intermarche.com/pt/Content/images/boitmal/produit/zoom/783E43940BBBFF2CB63BFFCCB1232BA5.jpg,,,,2025-11-05T23:59:59Z,PROSPECTUS,14,3,,
54805,5603722521256,604.0,Mimosa,"Iogurte magro liquido morango e kiwi, 4 x 151ml",,1.54,2.55,604,L,€/L,,,https://driveimg1.intermarche.com/pt/Content/images/boitmal/produit/zoom/A3858514DE6D6159040FFCC958098D81.jpg,,,,2025-11-05T23:59:59Z,PROSPECTUS,14,3,,
54806,5603722521232,604.0,Mimosa,"Iogurte magro liquido ananás, 4x151ml",,1.54,2.55,604,L,€/L,,,https://driveimg1.intermarche.com/pt/Content/images/boitmal/produit/zoom/D981284783DF4A8CA45CC5B90BEC5E71.jpg,,,,2025-11-05T23:59:59Z,PROSPECTUS,14,3,,
54807,5603722521249,604.0,Mimosa,"Iogurte magro liquido frutos tropicais, 4 x 151 ml",,1.54,2.55,604,L,€/L,,,https://driveimg1.intermarche.com/pt/Content/images/boitmal/produit/zoom/C77456F505DA2CCD8DCF28975C13CB45.jpg,,,,2025-11-05T23:59:59Z,PROSPECTUS,14,3,,
55040,5411188140184,400.0,Alpro,"Yofu Soja Pêssego, 400g",,2.19,5.48,0,kg,€/Kg,,,https://driveimg1.intermarche.com/pt/Content/images/boitmal/produit/zoom/195F8AC7C58210AC0282C72258CD37FB.jpg,,,,2025-11-05T23:59:59Z,PROSPECTUS,14,3,,
55047,8445291325036,250.0,Nestum,"Nestum Cereais Proteína, 250g",,1.99,7.96,0,kg,€/Kg,,,https://driveimg1.intermarche.com/pt/Content/images/boitmal/produit/zoom/60118FC3A66CD4FA6B7C87A7FDB061C9.jpg,,,,2025-11-05T23:59:59Z,PROSPECTUS,14,3,,
55246,8410063095219,1000.0,Pescanova,"Filetes de Pescada Panados sem Glúten, 1kg",,7.89,7.89,0,kg,€/Kg,,Tipo de stockagem,https://driveimg1.intermarche.com/pt/Content/images/boitmal/produit/zoom/A5655C95B01DFE4827D4B19FBAEEAA93.jpg,,,,2025-11-05T23:59:59Z,PROSPECTUS,14,3,,
55369,3760381261915,250.0,Mousline,"Puré de Batata, 250g",,2.24,8.96,0,kg,€/Kg,,,https://driveimg1.intermarche.com/pt/Content/images/boitmal/produit/zoom/0503F13411CBCA8B3804F28FAFE429EE.jpg,,,,2025-11-05T23:59:59Z,PROSPECTUS,14,3,,
55738,5603722523489,230.0,Vigor,"Leite com Chocolate, garrafa de 230ml",,0.89,3.87,230,L,€/L,,,https://driveimg1.intermarche.com/pt/Content/images/boitmal/produit/zoom/EF08C528BDD02E0657AC31D252B3F487.jpg,,,,2025-11-05T23:59:59Z,PROSPECTUS,14,3,,
55750,8711327583436,600.0,Lipton,"Ice Tea Limão, 3 x 200ml",,1.49,2.48,600,L,€/L,,,https://driveimg1.intermarche.com/pt/Content/images/boitmal/produit/zoom/629840FDC1977AC7A9BFE6B4014508CA.jpg,,,,2025-11-05T23:59:59Z,PROSPECTUS,14,3,,
56389,5604260336432,200.0,PorSi,Peito Peru Fatiado 200g,,2.49,12.45,0,kg,€/Kg,,,https://driveimg1.intermarche.com/pt/Content/images/boitmal/produit/zoom/6BCF748A310349772B1D8A2B94DD82B0.jpg,,,,2025-11-05T23:59:59Z,PROSPECTUS,14,3,,
5927,5604260256914,2000.0,PorSi,Lava Tudo Perfumado Herbal,,0.99,0.5,2000,L,€/L,,,https://driveimg1.intermarche.com/pt/Content/images/boitmal/produit/zoom/D0BC6E0F8FB6EE1D6C3B7DBC82D3AD1E.jpg,,,,2025-11-05T23:59:59Z,PROSPECTUS,14,3,,
6060,5608527000555,5000.0,Dom Campos,"Vinho tinto regional, península de setúbal, bag-in-box",Garrafa de 5 l,8.99,1.8,5000,L,€/L,,,https://driveimg1.intermarche.com/pt/Content/images/boitmal/produit/zoom/78079834B0E3726D7B386E02341FE7CB.jpg,,,,2025-11-05T23:59:59Z,PROSPECTUS,14,3,,
6689,8435257022567,720.0,Longa vida,"Iogurte magro morango, embalagem de 6 x 120g",,2.29,3.18,0,kg,€/Kg,,,https://driveimg1.intermarche.com/pt/Content/images/boitmal/produit/zoom/C7D81FD136DA0ED21FA11EE161602678.jpg,,,,2025-11-05T23:59:59Z,PROSPECTUS,14,3,,
6717,8693495032964,90.0,Palmolive,"Sabonete de glicerina hidratante, 90 g",,0.74,8.22,0,kg,€/Kg,,,https://driveimg1.intermarche.com/pt/Content/images/boitmal/produit/zoom/3108070260340CBEDACE468F76B5B6CB.jpg,,,,2025-11-05T23:59:59Z,PROSPECTUS,14,3,,
815,5000116106172,250.0,Capitão Iglo,"Douradinhos de frango, 10 unidades, embalagem de 250g",,3.49,13.96,0,kg,€/Kg,,Tipo de stockagem,https://driveimg1.intermarche.com/pt/Content/images/boitmal/produit/zoom/C5A8F3400BD1CDAA3A658C1B6BE7A4E1.jpg,,,,2025-11-05T23:59:59Z,PROSPECTUS,14,3,,
8339,5601036306750,250.0,Fructis,Champô 2 em 1 anti-caspa,Embalagem de 250 ml,3.19,12.76,250,L,€/L,,,https://driveimg1.intermarche.com/pt/Content/images/boitmal/produit/zoom/FE2EDAAAEB42F179BCEC4C6F8754D785.jpg,,,,2025-11-05T23:59:59Z,PROSPECTUS,14,3,,
9078,5601883000351,250.0,Nova Açores,"Manteiga com sal, embalagem de 250g",,2.45,9.8,0,kg,€/Kg,,,https://driveimg1.intermarche.com/pt/Content/images/boitmal/produit/zoom/E131D1B806869A8D2A8CB27A9731E282.jpg,,,,2025-11-05T23:59:59Z,PROSPECTUS,14,3,,
988,5601029003000,120.0,Tenorio,Atum Filete em Azeite,Embalagem de 120 g,2.49,20.75,0,kg,€/Kg,,,https://driveimg1.intermarche.com/pt/Content/images/boitmal/produit/zoom/48D594978C230E0BC7076D44C622917A.jpg,,,,2025-11-05T23:59:59Z,PROSPECTUS,14,3,,
10002,8001480020573,1000.0,Neoblanc,"Lixívia para roupa, azul, tradicional",Embalagem de 1 l,1.68,1.68,1000,L,€/L,,,https://driveimg1.intermarche.com/pt/Content/images/boitmal/produit/zoom/F65198E56E8F6796FECE5F4D1AD86180.jpg,,,,2025-11-05T23:59:59Z,PROSPECTUS,14,3,,
10091,8410100059839,360.0,Nestlé,"Queijinho petit nesquik, embalagem de 6 x 60g",,2.99,8.31,0,kg,€/Kg,,,https://driveimg1.intermarche.com/pt/Content/images/boitmal/produit/zoom/88B248C453A669F7E350B1DDEC2F3C33.jpg,,,,2025-11-05T23:59:59Z,PROSPECTUS,14,3,,
1042,5601055008550,200.0,Pantagruel,"Chocolate culinário 70% cacau, embalagem de 200g",,4.99,24.95,0,kg,€/Kg,,,https://driveimg1.intermarche.com/pt/Content/images/boitmal/produit/zoom/3690A5270C254F91A8C67311038991B7.jpg,,,,2025-11-05T23:59:59Z,PROSPECTUS,14,3,,
1045,5601055092047,125.0,Pantagruel,"Cacau em pó, embalagem de 130g",,2.54,20.32,0,kg,€/Kg,,,https://driveimg1.intermarche.com/pt/Content/images/boitmal/produit/zoom/2D3ECC6F7CA7279C7C154AAF76A7C46D.jpg,,,,2025-11-05T23:59:59Z,PROSPECTUS,14,3,,
10552,8693495032940,90.0,Palmolive,"Sabonete glicerina natural, 90 g",,0.74,8.22,0,kg,€/Kg,,,https://driveimg1.intermarche.com/pt/Content/images/boitmal/produit/zoom/26DBAEE35FA20A8B04FEA0DBE2DBA55C.jpg,,,,2025-11-05T23:59:59Z,PROSPECTUS,14,3,,
11464,5601018003400,1000.0,Matinal,"Leite seleccionado meio gordo, de 1l",,1.0,1.0,1000,L,€/L,,,https://driveimg1.intermarche.com/pt/Content/images/boitmal/produit/zoom/5F34056BF2D07C9D39E218B31081D1FC.jpg,,,,2025-11-05T23:59:59Z,PROSPECTUS,14,3,,
11503,5601050019100,600.0,Danone,"Danacol frutos exóticos, embalagem de 6 x 100 g",,2.99,4.98,0,kg,€/Kg,,,https://driveimg1.intermarche.com/pt/Content/images/boitmal/produit/zoom/2A16EAD58E7A10ECD338C77C33D25273.jpg,,,,2025-11-05T23:59:59Z,PROSPECTUS,14,3,,
11753,5601489781357,135.0,Du Bois de la Roche,"Feuilletine, embalagem de 135g",,1.64,12.15,0,kg,€/Kg,,,https://driveimg1.intermarche.com/pt/Content/images/boitmal/produit/zoom/997953ACC55043196AF108062B03F127.jpg,,,,2025-11-05T23:59:59Z,PROSPECTUS,14,3,,
1189,5601119007987,250.0,Nobre,"Salsichas de porco, lata de 250g",,1.67,6.68,0,kg,€/Kg,,,https://driveimg1.intermarche.com/pt/Content/images/boitmal/produit/zoom/0B023C2ECBDBE7AB09A89A8810925D65.jpg,,,,2025-11-05T23:59:59Z,PROSPECTUS,14,3,,
11925,5603089002221,200.0,Parmalat,"Nata uht para culinária, embalagem de 200 ml",,0.99,4.95,200,L,€/L,,,https://driveimg1.intermarche.com/pt/Content/images/boitmal/produit/zoom/6D33922CAD380AFD4F287905CBB6BE3F.jpg,,,,2025-11-05T23:59:59Z,PROSPECTUS,14,3,,
12237,7613034725936,390.0,Nesquik,"Achocolatado em pó extra chocolate, embalagem de 390g",,4.89,12.54,0,kg,€/Kg,,,https://driveimg1.intermarche.com/pt/Content/images/boitmal/produit/zoom/353302D99749C8164ECF43D711820BAA.jpg,,,,2025-11-05T23:59:59Z,PROSPECTUS,14,3,,
1270,5601151023150,500.0,Compal,"Polpa de tomate com cebola e alho, embalagem de 500g",,1.49,2.98,0,kg,€/Kg,,,https://driveimg1.intermarche.com/pt/Content/images/boitmal/produit/zoom/195ABA90C0C8B2FE1D9EE0202B59D28C.jpg,,,,2025-11-05T23:59:59Z,PROSPECTUS,14,3,,
1272,5601151060254,500.0,Compal,"Tomate triturado, embalagem de 500g",,1.49,2.98,0,kg,€/Kg,,,https://driveimg1.intermarche.com/pt/Content/images/boitmal/produit/zoom/F73D2E34D160FB2C4040DA3AD1BBEF87.jpg,,,,2025-11-05T23:59:59Z,PROSPECTUS,14,3,,
13095,2893071000000,100.0,Peixaria,Carapau Pequeno,1 un = 100 g (aprox.),0.35,3.49,0,,€/Kg,,,https://driveimg1.intermarche.com/pt/Content/images/boitmal/produit/zoom/07606BE143D22CF4796A63CA9C752E5B.jpg,,,,2025-11-05T23:59:59Z,PROSPECTUS,14,3,,
13262,2893247000000,200.0,Peixaria,Sardinha Fresca,1 un = 200 gr (aprox.),0.8,3.99,0,,€/Kg,,,https://driveimg1.intermarche.com/pt/Content/images/boitmal/produit/zoom/66B3AFDFB78EAEB8A16C084E7A27E749.jpg,,,,2025-11-05T23:59:59Z,PROSPECTUS,14,3,,
13529,2893521000000,1000.0,Peixaria,Pescada do Chile Congelada Nº3,1 un= 1 kg (aprox.),8.99,8.99,0,,€/Kg,,Avantages !,https://driveimg1.intermarche.com/pt/Content/images/boitmal/produit/zoom/40D57D35BBDBDF72027C959F41A6E90C.jpg,,,,2025-11-05T23:59:59Z,PROSPECTUS,14,3,,
13566,2893560000000,250.0,Congelado de Aquicultura,Camarão Congelado 20/30,1 un = 250 gr  (aprox.),2.0,7.99,0,,€/Kg,,Avantages !,https://driveimg1.intermarche.com/pt/Content/images/boitmal/produit/zoom/863DB9F10BE616A55736AB7A17BC6BB5.jpg,,,,2025-11-05T23:59:59Z,PROSPECTUS,14,3,,
13884,2891106000000,2000.0,PorSi Select,Frango do Campo Inteiro c/ Miúdos Programa Origens,Vendido ao peso,8.58,4.29,0,,€/Kg,,,https://driveimg1.intermarche.com/pt/Content/images/boitmal/produit/zoom/4004CE88E12A24D0AD85684C27210FBB.jpg,,,,2025-11-05T23:59:59Z,PROSPECTUS,14,3,,
14105,3250391489237,300.0,Itinéraire des Saveurs,"Chili com carne, embalagem 300g",,2.99,9.97,0,kg,€/Kg,,,https://driveimg1.intermarche.com/pt/Content/images/boitmal/produit/zoom/EEF15F6C3EF990D9AD55E30009587789.jpg,,,,2025-11-05T23:59:59Z,PROSPECTUS,14,3,,
14340,3387390326291,141.0,Nestlé,"Barras fitness com morango, embalagem de 140g",,1.99,14.11,0,kg,€/Kg,,,https://driveimg1.intermarche.com/pt/Content/images/boitmal/produit/zoom/3A9BF700A100B0328316208A3B97640F.jpg,,,,2025-11-05T23:59:59Z,PROSPECTUS,14,3,,
14597,5604260272082,250.0,PorSi,Salsichas Bockwurst Frasco 5 Unidades,,2.49,9.96,0,kg,€/Kg,,,https://driveimg1.intermarche.com/pt/Content/images/boitmal/produit/zoom/DF9E54E735DBE129604F2C904B67D784.jpg,,,,2025-11-05T23:59:59Z,PROSPECTUS,14,3,,
14708,5601244202332,250.0,Terra Nostra,"Manteiga com sal, embalagem de 250g",,2.29,9.16,0,kg,€/Kg,,,https://driveimg1.intermarche.com/pt/Content/images/boitmal/produit/zoom/34C574538A57B9FC15AB22DC51C8B356.jpg,https://driveimg1.intermarche.com/pt/Content/images/boitmal/produit/zoom/9D76B5CC4F670644A71C1CF49788751C.jpg,,,2025-11-05T23:59:59Z,PROSPECTUS,14,3,,
1472,5601286256782,500.0,Milaneza,"Massa de ondas, embalagem de 500g",,1.04,2.08,0,kg,€/Kg,,,https://driveimg1.intermarche.com/pt/Content/images/boitmal/produit/zoom/DB70E545A30F062DF52F7A55D883D748.jpg,,,,2025-11-05T23:59:59Z,PROSPECTUS,14,3,,
14906,2893338000000,2500.0,Peixaria,Raia Média,1un= 2.5 kg (aprox.),12.48,4.99,0,,€/Kg,,,https://driveimg1.intermarche.com/pt/Content/images/boitmal/produit/zoom/8656D84533D8D96687B78A64EDF2E80C.jpg,,,,2025-11-05T23:59:59Z,PROSPECTUS,14,3,,
14941,2893850000000,3000.0,Peixaria,Safio Médio,1 un= 3kg (aprox.),14.97,4.99,0,,€/Kg,,,https://driveimg1.intermarche.com/pt/Content/images/boitmal/produit/zoom/D8AB63826551F228EC5D44634A7E043A.jpg,,,,2025-11-05T23:59:59Z,PROSPECTUS,14,3,,
1539,5601489135150,500.0,Du Bois de la Roche,"Bolachas crackers com sal, embalagem de 500g",,2.99,5.98,0,kg,€/Kg,,,https://driveimg1.intermarche.com/pt/Content/images/boitmal/produit/zoom/F0B5FA8856EDB5A939AB82442E09EFE5.jpg,,,,2025-11-05T23:59:59Z,PROSPECTUS,14,3,,
1540,5601489136157,500.0,Du Bois de la Roche,"Bolachas crackers integral, embalagem de 500g",,2.99,5.98,0,kg,€/Kg,,,https://driveimg1.intermarche.com/pt/Content/images/boitmal/produit/zoom/A16DC8F44B525FAEA7B327A4AD3CFA23.jpg,,,,2025-11-05T23:59:59Z,PROSPECTUS,14,3,,
15566,8410063056180,250.0,Pescanova,"Miolo camarão, 250g",,6.99,27.96,0,kg,€/Kg,,Tipo de stockagem,https://driveimg1.intermarche.com/pt/Content/images/boitmal/produit/zoom/BEE1FF3586E000AD085B4D38C7ACD034.jpg,,,,2025-11-05T23:59:59Z,PROSPECTUS,14,3,,
15979,5601119242364,650.0,Nobre,"Salsichas de aves extra suculentas, frasco de 650g",,2.23,3.43,0,kg,€/Kg,,,https://driveimg1.intermarche.com/pt/Content/images/boitmal/produit/zoom/F9B3EEFB29AFDD46B059DC76A73501AE.jpg,,,,2025-11-05T23:59:59Z,PROSPECTUS,14,3,,
15980,5601119244368,210.0,Nobre,"Salsichas extra suculentas de peru, frasco de 210g",,2.55,12.14,0,kg,€/Kg,,,https://driveimg1.intermarche.com/pt/Content/images/boitmal/produit/zoom/CFAE20131139C70D365FB7E596D49C5A.jpg,,,,2025-11-05T23:59:59Z,PROSPECTUS,14,3,,
15981,5601119244375,210.0,Nobre,"Salsichas extra suculentas de frango, frasco de 210g",,2.55,12.14,0,kg,€/Kg,,,https://driveimg1.intermarche.com/pt/Content/images/boitmal/produit/zoom/FF112EFB90E4953B2240BF7E131FD2C0.jpg,,,,2025-11-05T23:59:59Z,PROSPECTUS,14,3,,
16097,5601029003406,120.0,Tenorio,"Atum filete azeite biológico, embalagem de 120g",,2.79,23.25,0,kg,€/Kg,,,https://driveimg1.intermarche.com/pt/Content/images/boitmal/produit/zoom/7F92ED44DD18157D7E4D76287A81509E.jpg,,,,2025-11-05T23:59:59Z,PROSPECTUS,14,3,,
16343,5601151978856,6000.0,Serra da estrela,"Água sem gás, garrafão de 6l",,1.79,0.3,6000,L,€/L,,,https://driveimg1.intermarche.com/pt/Content/images/boitmal/produit/zoom/8D402342781DACEBEA13B36CE32D8EBF.jpg,,,,2025-11-05T23:59:59Z,PROSPECTUS,14,3,,
16493,8718951037939,500.0,Ajax,"Limpa vidros pistola, cristal, embalagem de 500 ml",,1.97,3.94,500,L,€/L,,,https://driveimg1.intermarche.com/pt/Content/images/boitmal/produit/zoom/B2152E81252C8B3ECCDB87063FC44E64.jpg,,,,2025-11-05T23:59:59Z,PROSPECTUS,14,3,,
16567,5000116110070,750.0,Iglo,"Esparregado de espinafres, embalagem de 750g",,3.49,4.65,0,kg,€/Kg,,Tipo de stockagem,https://driveimg1.intermarche.com/pt/Content/images/boitmal/produit/zoom/F70E4F5A76F097E6E455FB2FF67D9B6F.jpg,,,,2025-11-05T23:59:59Z,PROSPECTUS,14,3,,
16695,7622210480002,154.0,Oreo,Bolacha golden,Embalagem de 154 g,1.49,9.68,0,kg,€/Kg,,,https://driveimg1.intermarche.com/pt/Content/images/boitmal/produit/zoom/838CC6F368FD2767C7E228B5A889ABC3.jpg,,,,2025-11-05T23:59:59Z,PROSPECTUS,14,3,,
16706,5601260592608,67.0,Cigala,"Noodle banzai carne, embalagem de 70g",,1.09,16.27,0,kg,€/Kg,,,https://driveimg1.intermarche.com/pt/Content/images/boitmal/produit/zoom/82737AEBE736E2B8511494BB15EEB657.jpg,,,,2025-11-05T23:59:59Z,PROSPECTUS,14,3,,
17207,8006540943687,1800.0,Fairy,Detergente manual de loiça limão,Embalagem de 2 x 900 ml,6.99,3.88,1800,L,€/L,,,https://driveimg1.intermarche.com/pt/Content/images/boitmal/produit/zoom/B2EE328B1B3FB1BA0162E77ED87C40E9.jpg,,,,2025-11-05T23:59:59Z,PROSPECTUS,14,3,,
17665,8712100745591,754.0,Calvé,"Maionese top down, embalagem de 753 g",,3.49,4.63,0,kg,€/Kg,,,https://driveimg1.intermarche.com/pt/Content/images/boitmal/produit/zoom/C6F00A8AA4D7D21E56D34CFA61170423.jpg,,,,2025-11-05T23:59:59Z,PROSPECTUS,14,3,,
18770,5449000138026,1500.0,Fanta,"Refrigerante com gás de laranja zero, garrafa de 1,5 l",,0.99,0.66,1500,L,€/L,,,https://driveimg1.intermarche.com/pt/Content/images/boitmal/produit/zoom/DE34E5B994CDF7FCC42CE983A86D82DE.jpg,,,,2025-11-05T23:59:59Z,PROSPECTUS,14,3,,
18842,5601070000508,500.0,Cristal,"Vinagre vinho branco 500ml, garrafa de 500 ml",,1.16,2.32,500,L,€/L,,,https://driveimg1.intermarche.com/pt/Content/images/boitmal/produit/zoom/BF40408BEDD92487320D96D1D241D8F5.jpg,,,,2025-11-05T23:59:59Z,PROSPECTUS,14,3,,
19608,7613035376861,90.0,Nestlé,Fruta para bebé maçã cenoura manga +6 meses,Embalagem de 90g,0.65,7.22,0,kg,€/Kg,,,https://driveimg1.intermarche.com/pt/Content/images/boitmal/produit/zoom/E13C913249530CE7ED9D191950EA3924.jpg,,,,2025-11-05T23:59:59Z,PROSPECTUS,14,3,,
20434,5601244500063,1000.0,Terra Nostra,"Leite de pastagem meio gordo, embalagem de 1litro",,0.89,0.89,1000,L,€/L,,,https://driveimg1.intermarche.com/pt/Content/images/boitmal/produit/zoom/416A848D81A31A3BE14CC7E8951CC4DA.jpg,https://driveimg1.intermarche.com/pt/Content/images/boitmal/produit/zoom/E82125FE177156A16B33D08208F11D7F.jpg,,,2025-11-05T23:59:59Z,PROSPECTUS,14,3,,
21339,5603089007134,200.0,Parmalat,"Nata uht 0% lactose, embalagem de 200 ml",,1.18,5.9,200,L,€/L,,,https://driveimg1.intermarche.com/pt/Content/images/boitmal/produit/zoom/4DE276C95463646D95E7252C2976F63F.jpg,,,,2025-11-05T23:59:59Z,PROSPECTUS,14,3,,
21465,5449000085474,1500.0,Fanta,"Refrigerante com gás de maracujá, garrafa de 1,5 l",,0.99,0.66,1500,L,€/L,,,https://driveimg1.intermarche.com/pt/Content/images/boitmal/produit/zoom/713F7A2E8FF1504D7580CF5EB99232C0.jpg,,,,2025-11-05T23:59:59Z,PROSPECTUS,14,3,,
21745,7613035659728,250.0,Cerelac,Papa infantil não láctea multicereais +6 meses,Embalagem de 250g,2.39,9.56,0,kg,€/Kg,,,https://driveimg1.intermarche.com/pt/Content/images/boitmal/produit/zoom/90667A298E4003D9445C62EE2E028371.jpg,,,,2025-11-05T23:59:59Z,PROSPECTUS,14,3,,
22413,7613035314375,125.0,Nestlé,"Tablete de chocolate preto, embalagem de 130g",,2.94,23.52,0,kg,€/Kg,,,https://driveimg1.intermarche.com/pt/Content/images/boitmal/produit/zoom/A4ECB1D77E989339C34579161CBA1AC6.jpg,,,,2025-11-05T23:59:59Z,PROSPECTUS,14,3,,
22458,5601255625069,1000.0,Caçarola,"Arroz sushi, embalagem de 1 kg",,1.89,1.89,0,kg,€/Kg,,,https://driveimg1.intermarche.com/pt/Content/images/boitmal/produit/zoom/AAB1EF300AE62C1E8EB7BA437C218B24.jpg,,,,2025-11-05T23:59:59Z,PROSPECTUS,14,3,,
2255,5604260267903,500.0,PorSi,Massa Fettucine 500g,,1.34,2.68,0,kg,€/Kg,,,https://driveimg1.intermarche.com/pt/Content/images/boitmal/produit/zoom/18407BCA8571F0FADB3A4F41B971F2FA.jpg,,,,2025-11-05T23:59:59Z,PROSPECTUS,14,3,,
22840,7613035268388,125.0,Nestlé,"Tablete de chocolate leite, embalagem de 130g",,2.19,17.52,0,kg,€/Kg,,,https://driveimg1.intermarche.com/pt/Content/images/boitmal/produit/zoom/AA1F9149962828BE7A13B8577DE5A654.jpg,,,,2025-11-05T23:59:59Z,PROSPECTUS,14,3,,
23353,5000116112197,375.0,Capitão Iglo,"18 nuggets de frango, embalagem de 380g",,4.99,13.31,0,kg,€/Kg,,Tipo de stockagem,https://driveimg1.intermarche.com/pt/Content/images/boitmal/produit/zoom/F26C89B365D9DC17E138C74AB049DE6B.jpg,,,,2025-11-05T23:59:59Z,PROSPECTUS,14,3,,
23524,5000204922851,750.0,Pato,"Líquido sanitário extra power, marinho, 750 ml",,1.69,2.25,750,L,€/L,,,https://driveimg1.intermarche.com/pt/Content/images/boitmal/produit/zoom/60268FF4016AF8FBA52DB6A9A88D181B.jpg,,,,2025-11-05T23:59:59Z,PROSPECTUS,14,3,,
24458,5600258596451,750.0,Mistolin,"Tira gorduras dia a dia, de 750 ml",,2.87,3.83,750,L,€/L,,,https://driveimg1.intermarche.com/pt/Content/images/boitmal/produit/zoom/BFC9AA5046634B670383ABF29DB35829.jpg,,,,2025-11-05T23:59:59Z,PROSPECTUS,14,3,,
2457,7613031213849,340.0,Purina Gourmet,Comida húmida para gato delícias do oceano,Embalagem de 340 g,2.59,7.62,0,kg,€/Kg,,,https://driveimg1.intermarche.com/pt/Content/images/boitmal/produit/zoom/434167A16368A96CB5D1945EBB02F8CB.jpg,,,,2025-11-05T23:59:59Z,PROSPECTUS,14,3,,
2482,7613032584757,250.0,Cerelac,Papa infantil láctea 5 frutos +6 meses,Embalagem de 250g,3.19,12.76,0,kg,€/Kg,,,https://driveimg1.intermarche.com/pt/Content/images/boitmal/produit/zoom/3BA8FAB1CBB784A1F35D14E45DA423EA.jpg,,,,2025-11-05T23:59:59Z,PROSPECTUS,14,3,,
24838,5601164903722,7500.0,Super Bock,"Cerveja com álcool, pack 30 x 0.25 l",,14.49,1.93,7500,L,€/L,,,https://driveimg1.intermarche.com/pt/Content/images/boitmal/produit/zoom/F70F225DD8BCAD2EFB4E63DAAFD05BBF.jpg,,,,2025-11-05T23:59:59Z,PROSPECTUS,14,3,,
25185,8001090362841,,Evax,Pensos higiénicos liberty normal abas,Embalagem com 12 un.,2.79,2.79,0,,€/Unidade,,,https://driveimg1.intermarche.com/pt/Content/images/boitmal/produit/zoom/08B9620E64423FB759215F697F387CEB.jpg,,,,2025-11-05T23:59:59Z,PROSPECTUS,14,3,,
2534,7613034155160,397.0,Nestlé,"Leite condensado cozido, embalagem de 397g",,2.19,5.52,0,kg,€/Kg,,,https://driveimg1.intermarche.com/pt/Content/images/boitmal/produit/zoom/7F1A4CD3925F133CB52FB643A8011E1E.jpg,,,,2025-11-05T23:59:59Z,PROSPECTUS,14,3,,
2543,7613034465689,387.0,Nestlé,"Leite condensado magro, embalagem de 390g",,2.09,5.4,0,kg,€/Kg,,,https://driveimg1.intermarche.com/pt/Content/images/boitmal/produit/zoom/550282655C8CD4805DB04276CFECA7D7.jpg,,,,2025-11-05T23:59:59Z,PROSPECTUS,14,3,,
25871,5601260594602,67.0,Cigala,"Noodles de camarão banzai, 70g",,1.09,16.27,0,kg,€/Kg,,,https://driveimg1.intermarche.com/pt/Content/images/boitmal/produit/zoom/7E1759C17E77CC4902F1A3B8AA6FCBFB.jpg,,,,2025-11-05T23:59:59Z,PROSPECTUS,14,3,,
2589,7622300281182,154.0,Oreo,"Bolachas, tubo, embalagem de 150g",,1.49,9.68,0,kg,€/Kg,,,https://driveimg1.intermarche.com/pt/Content/images/boitmal/produit/zoom/46D952192D83520413CC02FFD2B835D0.jpg,,,,2025-11-05T23:59:59Z,PROSPECTUS,14,3,,
26153,8001090229083,,Ausonia,Pensos Higiênicos com Abas Super,embalagem com 12 un.,1.94,1.94,0,,€/Unidade,,,https://driveimg1.intermarche.com/pt/Content/images/boitmal/produit/zoom/4FCDBAAA6006F704DA8CF068ABE27C13.jpg,,,,2025-11-05T23:59:59Z,PROSPECTUS,14,3,,
26177,5603722514470,1000.0,Matinal,"Leite seleccionado leve, de 1l",,1.1,1.1,1000,L,€/L,,,https://driveimg1.intermarche.com/pt/Content/images/boitmal/produit/zoom/3414EC19C8611CE7E0D99781254117D1.jpg,,,,2025-11-05T23:59:59Z,PROSPECTUS,14,3,,
26414,5000116110919,1042.0,Capitão Iglo,"50 nuggets de frango, embalagem de 1042g",,12.99,12.47,0,kg,€/Kg,,Tipo de stockagem,https://driveimg1.intermarche.com/pt/Content/images/boitmal/produit/zoom/D97E3080A57234D7462734347713E694.jpg,,,,2025-11-05T23:59:59Z,PROSPECTUS,14,3,,
27222,0069276220031,340.0,Patak's,Molho indiano chutney de manga pataks,Embalagem de 340g,4.39,12.91,0,kg,€/Kg,,,https://driveimg1.intermarche.com/pt/Content/images/boitmal/produit/zoom/42D4B0EEF346DC79FE922092CF73C136.jpg,,,,2025-11-05T23:59:59Z,PROSPECTUS,14,3,,
2748,8410063044521,200.0,Pescanova,"Miolo de camarão cozido 40/60, 200 g",,6.39,31.95,0,kg,€/Kg,,Tipo de stockagem,https://driveimg1.intermarche.com/pt/Content/images/boitmal/produit/zoom/D50FF0C33F27025B364B2A0F02EC1F36.jpg,,,,2025-11-05T23:59:59Z,PROSPECTUS,14,3,,
2778,8410168399939,4000.0,Friskies,"Ração para gato adulto com coelho, embalagem de 4 kg",,10.79,2.7,0,kg,€/Kg,,,https://driveimg1.intermarche.com/pt/Content/images/boitmal/produit/zoom/48E426D2CA0EFD97E75332E6A0553A7B.jpg,,,,2025-11-05T23:59:59Z,PROSPECTUS,14,3,,
2786,8410199150905,100.0,Cheetos,"Aperitivos rolitos, embalagem de 100g",,1.49,14.9,0,kg,€/Kg,,,https://driveimg1.intermarche.com/pt/Content/images/boitmal/produit/zoom/F470A36FD76D61EC69758C933CF291DA.jpg,,,,2025-11-05T23:59:59Z,PROSPECTUS,14,3,,
27950,5604260281404,450.0,Porsi Programa Origens,Mistura Saborosa 450 G,,1.39,3.09,0,kg,€/Kg,,,https://driveimg1.intermarche.com/pt/Content/images/boitmal/produit/zoom/9FC1BB19FC125562EBD7537C69EF7799.jpg,,,,2025-11-05T23:59:59Z,PROSPECTUS,14,4,,
28366,5604086238026,750.0,Três Bagos,Vinho DOC Douro Reserva Tinto,"Garrafa de 0,75L",8.99,11.99,750,L,€/L,,,https://driveimg1.intermarche.com/pt/Content/images/boitmal/produit/zoom/CC0C36D15EE266EB0410A0A00AD24762.jpg,,,,2025-11-05T23:59:59Z,PROSPECTUS,14,4,,
28601,7613034196453,680.0,Purina Gourmet,Comida húmida para gato finos pedaços em molho,Embalagem de 680g,4.64,6.82,0,kg,€/Kg,,,https://driveimg1.intermarche.com/pt/Content/images/boitmal/produit/zoom/913F2A9EEBC89BDE539CE130E00F4167.jpg,,,,2025-11-05T23:59:59Z,PROSPECTUS,14,4,,
29356,8718951202856,500.0,Palmolive,"Gel de banho natural leite e mel, 500 ml",,2.69,5.38,500,L,€/L,,,https://driveimg1.intermarche.com/pt/Content/images/boitmal/produit/zoom/6CB5E843C7A08E2ECE1293E08A53478D.jpg,,,,2025-11-05T23:59:59Z,PROSPECTUS,14,4,,
29417,5604260296484,500.0,PorSi,Kefir Líquido Natural 500g,,1.0,2.0,0,kg,€/Kg,,,https://driveimg1.intermarche.com/pt/Content/images/boitmal/produit/zoom/1DC4ED7F9A816B066F43BF4AFE2CDA94.jpg,,,,2025-11-05T23:59:59Z,PROSPECTUS,14,4,,
29612,5604260283545,1000.0,Porsi Vivabem,Bebida de Arroz 0% Açúcares Adicionados 1l,,1.19,1.19,1000,L,€/L,,,https://driveimg1.intermarche.com/pt/Content/images/boitmal/produit/zoom/1CC67FBC1159B7AB53C4B66B360A0BCF.jpg,,,,2025-11-05T23:59:59Z,PROSPECTUS,14,4,,
30102,5604260282890,750.0,Selecção de Enófilos,"Vinho Rosé Leve Regional Lisboa 0,75l",,1.59,2.12,750,L,€/L,,,https://driveimg1.intermarche.com/pt/Content/images/boitmal/produit/zoom/0630E15FBC424F57DF8DEFC37230936C.jpg,,,,2025-11-05T23:59:59Z,PROSPECTUS,14,4,,
30175,5607238032015,345.0,Casa de Mateus,"Doce de gila, embalagem de 350g",,2.99,8.67,0,kg,€/Kg,,,https://driveimg1.intermarche.com/pt/Content/images/boitmal/produit/zoom/59C7C2F566A9BD5C29D8672F40580460.jpg,,,,2025-11-05T23:59:59Z,PROSPECTUS,14,4,,
30176,5607238032053,345.0,Casa de Mateus,Doce de abóbora,Embalagem de 345 g,2.79,8.09,0,kg,€/Kg,,,https://driveimg1.intermarche.com/pt/Content/images/boitmal/produit/zoom/6BEBB884284D27C5E59F76E074E3C419.jpg,,,,2025-11-05T23:59:59Z,PROSPECTUS,14,4,,
30477,3083681070187,225.0,Bonduelle,"Milho doce, embalagem 3 x 75g",,1.78,7.91,0,kg,€/Kg,,,https://driveimg1.intermarche.com/pt/Content/images/boitmal/produit/zoom/21305BEE4D64377736F1C50D030AC0E3.jpg,,,,2025-11-05T23:59:59Z,PROSPECTUS,14,4,,
31907,4005900388551,50.0,Nivea,"Desodorizante pure & natural roll on, 50 ml",,2.99,59.8,50,L,€/L,,,https://driveimg1.intermarche.com/pt/Content/images/boitmal/produit/zoom/ECAF4A1AD2575DDB5B61D99D918BFBAA.jpg,,,,2025-11-05T23:59:59Z,PROSPECTUS,14,4,,
32074,7613036488402,340.0,Purina One,"Comida húmida para gato com frango/vaca, embalagem de 340g",,2.59,7.62,0,kg,€/Kg,,,https://driveimg1.intermarche.com/pt/Content/images/boitmal/produit/zoom/7C69B3F68B06FF88501E698801F8DD83.jpg,,,,2025-11-05T23:59:59Z,PROSPECTUS,14,4,,
32075,7613036496230,340.0,Purina One,Comida húmida para gato indoor em molho com atum,Embalagem de 340g,2.59,7.62,0,kg,€/Kg,,,https://driveimg1.intermarche.com/pt/Content/images/boitmal/produit/zoom/3841879E8C072CCA15A9C44E736AF30F.jpg,,,,2025-11-05T23:59:59Z,PROSPECTUS,14,4,,
32076,7613036496353,340.0,Purina One,"Comida húmida para gato esterilizado em molho com salmão, 4 x 85g",,2.59,7.62,0,kg,€/Kg,,,https://driveimg1.intermarche.com/pt/Content/images/boitmal/produit/zoom/3F5C404D1E0ED04E5681C0681EDCBF4A.jpg,,,,2025-11-05T23:59:59Z,PROSPECTUS,14,4,,
32279,8001090229168,,Ausonia,Pensos com Abas de Noite,embalagem com 9 un.,1.94,1.94,0,,€/Unidade,,,https://driveimg1.intermarche.com/pt/Content/images/boitmal/produit/zoom/7B058B845CC4022D52A23EBEB340E566.jpg,,,,2025-11-05T23:59:59Z,PROSPECTUS,14,4,,
32399,5000204018059,36.0,Pato,"Gel Activo Lavanda WC Discos, 2 x 36 ml",,3.49,96.94,36,L,€/L,,,https://driveimg1.intermarche.com/pt/Content/images/boitmal/produit/zoom/B72D863D0E6868872226363DBAB2B1DF.jpg,,,,2025-11-05T23:59:59Z,PROSPECTUS,14,4,,
32408,5601050034967,600.0,Danone,"Danacol aveia, embalagem de 6 x 100g",,2.99,4.98,0,kg,€/Kg,,,https://driveimg1.intermarche.com/pt/Content/images/boitmal/produit/zoom/5CE656F263120C59B9C0953B21D516B7.jpg,,,,2025-11-05T23:59:59Z,PROSPECTUS,14,4,,
34087,3083681079647,160.0,Bonduelle,"Favas, embalagem de 2 x 80 g",,1.78,11.13,0,kg,€/Kg,,,https://driveimg1.intermarche.com/pt/Content/images/boitmal/produit/zoom/2D292CEFEF166DC22479B605B9DEDA67.jpg,,,,2025-11-05T23:59:59Z,PROSPECTUS,14,4,,
34414,8712000320003,1500.0,Heineken,"Cerveja 0%, pack 6 x 0.25 l",,4.49,2.99,1500,L,€/L,,,https://driveimg1.intermarche.com/pt/Content/images/boitmal/produit/zoom/EF8B0F6B9FE9DF39E73883BE1606B28D.jpg,,,,2025-11-05T23:59:59Z,PROSPECTUS,14,4,,
35062,5604260278732,300.0,PorSi,Alface frisada categoria: II Programa Origens,Embalagem de 300 g,1.19,3.97,0,kg,€/Kg,,,https://driveimg1.intermarche.com/pt/Content/images/boitmal/produit/zoom/DD98DAA1F3C65D42BFAE1F5E106F260A.jpg,,,,2025-11-05T23:59:59Z,PROSPECTUS,14,4,,
35499,5601151973769,3500.0,Sumol,"Refrigerante com gás de laranja, 2 x 1.75 l",,3.78,1.08,3500,L,€/L,,,https://driveimg1.intermarche.com/pt/Content/images/boitmal/produit/zoom/15C97042A71F49C362C4C213EA28900F.jpg,,,,2025-11-05T23:59:59Z,PROSPECTUS,14,4,,
36241,5000204117677,,Glade,Ambientador eléctrico Relaxing Zen + recarga,1 unidade,4.49,4.49,0,,€/Unidade,,,https://driveimg1.intermarche.com/pt/Content/images/boitmal/produit/zoom/A8E5FE428FF22BA09505578086BBD614.jpg,,,,2025-11-05T23:59:59Z,PROSPECTUS,14,4,,
36657,5601217132673,500.0,Cillitbang,"Spray lixívia e higiene, de 500 ml",,2.49,4.98,500,L,€/L,,,https://driveimg1.intermarche.com/pt/Content/images/boitmal/produit/zoom/D9B27A41A222F2F218026715A414F2D0.jpg,,,,2025-11-05T23:59:59Z,PROSPECTUS,14,4,,
36806,8001090639011,300.0,Pantene,Champô 3 em 1 anti-caspa,Embalagem de 300 ml,4.74,15.8,300,L,€/L,,,https://driveimg1.intermarche.com/pt/Content/images/boitmal/produit/zoom/63F1C2B8DA28084708D48EB2853A6BE4.jpg,,,,2025-11-05T23:59:59Z,PROSPECTUS,14,4,,
37443,7613037040869,250.0,Nestum,"Nestum zero espelta/aveia, embalagem de 250g",,2.24,8.96,0,kg,€/Kg,,,https://driveimg1.intermarche.com/pt/Content/images/boitmal/produit/zoom/BF80E2BF1A95765256612BEC5A65D8DD.jpg,,,,2025-11-05T23:59:59Z,PROSPECTUS,14,4,,
37460,5900020033963,141.0,Nestlé,Barra fitness chocolate e banana,Embalagem de 141 g,1.99,14.11,0,kg,€/Kg,,,https://driveimg1.intermarche.com/pt/Content/images/boitmal/produit/zoom/1E85263A2C5A59452E4D94091A02574C.jpg,,,,2025-11-05T23:59:59Z,PROSPECTUS,14,4,,
37775,5604260298259,380.0,PorSi,Pickles em Vinagre 670g,,2.29,6.03,0,kg,€/Kg,,,https://driveimg1.intermarche.com/pt/Content/images/boitmal/produit/zoom/D34B0D501D2A09DA154FA4AD4236AB34.jpg,,,,2025-11-05T23:59:59Z,PROSPECTUS,14,4,,
37991,5601027946200,450.0,Bimbo,Pão integral sem côdea,Embalagem de 450 g,1.99,4.42,0,kg,€/Kg,,,https://driveimg1.intermarche.com/pt/Content/images/boitmal/produit/zoom/F51F7A9C9A8DEFAFD2BD4E66CE470724.jpg,,,,2025-11-05T23:59:59Z,PROSPECTUS,14,4,,
38312,8410104702663,,Finish,"Limpa máquinas de loiça limão, embalagem com 250 ml",,3.99,3.99,1,,€/Unidade,,,https://driveimg1.intermarche.com/pt/Content/images/boitmal/produit/zoom/543AF0EA0E513D87A0B6AA970DE2490B.jpg,,,,2025-11-05T23:59:59Z,PROSPECTUS,14,4,,
38933,5601151972984,1000.0,Compal,"Compal clássico néctar frutos vermelhos, garrafa de 1l",,1.26,1.26,1000,L,€/L,,,https://driveimg1.intermarche.com/pt/Content/images/boitmal/produit/zoom/92B7D2C96C7CCB854EEB11C98238B069.jpg,,,,2025-11-05T23:59:59Z,PROSPECTUS,14,4,,
38934,5601164863217,500.0,Somersby,"Sidra de maçã, lata de 500 ml",,1.29,2.58,500,L,€/L,,,https://driveimg1.intermarche.com/pt/Content/images/boitmal/produit/zoom/A3D6F4DDF9AFF4F9F8F47269DBD60191.jpg,,,,2025-11-05T23:59:59Z,PROSPECTUS,14,4,,
40588,5604260300983,210.0,PorSi,Azeitona Verde Inteira Gordal 141/160 350g,,1.83,8.71,0,kg,€/Kg,,,https://driveimg1.intermarche.com/pt/Content/images/boitmal/produit/zoom/8EB45BDFE83D31E92A1A42D3F7217581.jpg,,,,2025-11-05T23:59:59Z,PROSPECTUS,14,4,,
40739,5604260302666,2000.0,PorSi,Lava Tudo Perfumado Camomila & Flor de Laranjeira,,0.99,0.5,2000,L,€/L,,,https://driveimg1.intermarche.com/pt/Content/images/boitmal/produit/zoom/EC235B47803E16EEB9720D84212A145E.jpg,,,,2025-11-05T23:59:59Z,PROSPECTUS,14,4,,
41300,5601050036596,440.0,Danone,"Iogurte oikos manga papaya, embalagem de 4 x 110g",,1.99,4.52,0,kg,€/Kg,,,https://driveimg1.intermarche.com/pt/Content/images/boitmal/produit/zoom/407B76EA9B8AB5CE288E3F687A8DBF84.jpg,,,,2025-11-05T23:59:59Z,PROSPECTUS,14,4,,
41582,5601050036626,440.0,Danone,"Iogurte grego café, embalagem de 4 x 110g",,1.99,4.52,0,kg,€/Kg,,,https://driveimg1.intermarche.com/pt/Content/images/boitmal/produit/zoom/EF95F2D28E70847A0AC4BCB56F85C051.jpg,,,,2025-11-05T23:59:59Z,PROSPECTUS,14,4,,
42511,5604260308217,100.0,PorSi,Blocos Wc Multiativo Pinho 2x50g,Pack de 2 x 50 g,1.45,14.5,0,kg,€/Kg,,,https://driveimg1.intermarche.com/pt/Content/images/boitmal/produit/zoom/0F8A67F1E6CF7C2342C15D97399AE5FF.jpg,,,,2025-11-05T23:59:59Z,PROSPECTUS,14,4,,
42577,5604260305865,414.0,PorSi,Maionese Light Top Down 414g,,1.39,3.36,0,kg,€/Kg,,,https://driveimg1.intermarche.com/pt/Content/images/boitmal/produit/zoom/C4AB0163B17E8B89531C439C3594D871.jpg,,,,2025-11-05T23:59:59Z,PROSPECTUS,14,4,,
43391,5604260311361,375.0,PorSi,Cereais Tufados com Chocolate 375g,,1.99,5.31,0,kg,€/Kg,,,https://driveimg1.intermarche.com/pt/Content/images/boitmal/produit/zoom/0428AE1F5CD3BB970CAA041BF746DC66.jpg,https://driveimg1.intermarche.com/pt/Content/images/boitmal/produit/zoom/7E78E95CAFB58715E2FD207B8F077F2E.jpg,https://driveimg1.intermarche.com/pt/Content/images/boitmal/produit/zoom/7E78E95CAFB58715E2FD207B8F077F2E.jpg,https://driveimg1.intermarche.com/pt/Content/images/boitmal/produit/zoom/7E78E95CAFB58715E2FD207B8F077F2E.jpg,2025-11-05T23:59:59Z,PROSPECTUS,14,4,,
43417,8001841889535,140.0,Pantene,Creme modelador de caracóis,140 ml,5.99,42.79,140,L,€/L,,,https://driveimg1.intermarche.com/pt/Content/images/boitmal/produit/zoom/752C14FEDE4EB81AAB996EFCE5781DCA.jpg,,,,2025-11-05T23:59:59Z,PROSPECTUS,14,4,,
4362,3600541221147,200.0,Fructis,Creme tratamento hydra caracóis,Embalagem de 200 ml,3.49,17.45,200,L,€/L,,,https://driveimg1.intermarche.com/pt/Content/images/boitmal/produit/zoom/F41E1F1598E3D0E982BDFB3924B8C2FB.jpg,,,,2025-11-05T23:59:59Z,PROSPECTUS,14,4,,
43658,5604260312672,275.0,PorSi,Perolas Perfumadas Fresh 275g,Embalagem de 275 g,2.99,10.87,0,kg,€/Kg,,,https://driveimg1.intermarche.com/pt/Content/images/boitmal/produit/zoom/C481D383E04EE387D22A1B430E527754.jpg,,,,2025-11-05T23:59:59Z,PROSPECTUS,14,4,,
43659,5604260312665,275.0,PorSi,Perolas Perfumadas Floral 275g,Embalagem de 275 g,2.99,10.87,0,kg,€/Kg,,,https://driveimg1.intermarche.com/pt/Content/images/boitmal/produit/zoom/818E4C4C5943171A63CAB38316104A99.jpg,,,,2025-11-05T23:59:59Z,PROSPECTUS,14,4,,
43797,5604260303953,380.0,PorSi,Massa de alho,Embalagem de 380g,1.49,3.92,0,kg,€/Kg,,,https://driveimg1.intermarche.com/pt/Content/images/boitmal/produit/zoom/C63C61E4694A46B0D0DFDA1135AA08D2.jpg,,,,2025-11-05T23:59:59Z,PROSPECTUS,14,4,,
44258,5410126716016,250.0,Lotus,"Bolachas biscoff, embalagem de 250g",,1.89,7.56,0,kg,€/Kg,,,https://driveimg1.intermarche.com/pt/Content/images/boitmal/produit/zoom/991677C76CFA3916388F6515CFE95FE5.jpg,,,,2025-11-05T23:59:59Z,PROSPECTUS,14,4,,
44634,8711327485082,330.0,Magnum,"Gelados mini double gold caramel billionaire, embalagem de 6x55 ml",,4.49,13.61,330,L,€/L,,Tipo de stockagem,https://driveimg1.intermarche.com/pt/Content/images/boitmal/produit/zoom/42AC7934AA428100845DBDC81A00E314.jpg,,,,2025-11-05T23:59:59Z,PROSPECTUS,14,4,,
44664,8711327488052,1000.0,Lipton,"Ice tea limão zero açúcar, garrafa de 1l",,1.39,1.39,1000,L,€/L,,,https://driveimg1.intermarche.com/pt/Content/images/boitmal/produit/zoom/03733E8A9603AAB1349B8892D732D6AA.jpg,,,,2025-11-05T23:59:59Z,PROSPECTUS,14,4,,
44743,5000116126125,300.0,Iglo,"3 filetes recheados tomate e mozzarella, embalagem de 300g",,3.74,12.47,0,kg,€/Kg,,Tipo de stockagem,https://driveimg1.intermarche.com/pt/Content/images/boitmal/produit/zoom/1356ED675F8A7598F484F58AEA91589C.jpg,,,,2025-11-05T23:59:59Z,PROSPECTUS,14,4,,
44902,5601286248787,500.0,Milaneza,"Massa conchas, 500g",,1.04,2.08,0,kg,€/Kg,,,https://driveimg1.intermarche.com/pt/Content/images/boitmal/produit/zoom/47B035D4D71BAB8FACEBBDD297C9B9B8.jpg,,,,2025-11-05T23:59:59Z,PROSPECTUS,14,4,,
45032,5054563098795,75.0,Sensodyne,Pasta dentífrica repair&protect,Embalagem de 75 ml,4.19,55.87,75,L,€/L,,,https://driveimg1.intermarche.com/pt/Content/images/boitmal/produit/zoom/76D41495665EAB67980545B32E3813D6.jpg,,,,2025-11-05T23:59:59Z,PROSPECTUS,14,4,,
45424,5449000205551,1500.0,Sprite,"Refrigerante com gás lima limão, garrafa de 1.5 l",,0.99,0.66,1500,L,€/L,,,https://driveimg1.intermarche.com/pt/Content/images/boitmal/produit/zoom/435BA3924DACD7858B68099757279D0D.jpg,,,,2025-11-05T23:59:59Z,PROSPECTUS,14,4,,
45600,4005900648181,750.0,Nivea,"Gel de banho creme aloe vera, 750 ml",,3.99,5.32,750,L,€/L,,,https://driveimg1.intermarche.com/pt/Content/images/boitmal/produit/zoom/38ED25B3E1B734D9B60438B2D4D4A6D2.jpg,,,,2025-11-05T23:59:59Z,PROSPECTUS,14,4,,
46433,5604260298273,750.0,Selecção de Enófilos,"Vinho Espumante de Qualidade Doce-branco 0,75l",Garrafa de 0.75 l,3.49,4.65,750,L,€/L,,,https://driveimg1.intermarche.com/pt/Content/images/boitmal/produit/zoom/C4C3DAA8AD4A8EBCF8A4CAFDD8D3670F.jpg,,,,2025-11-05T23:59:59Z,PROSPECTUS,14,4,,
46499,7613287399045,,Nescafé,Café em cápsulas Dolce Gusto Intenso,64 cápsulas,19.79,19.79,0,,€/Unidade,,,https://driveimg1.intermarche.com/pt/Content/images/boitmal/produit/zoom/C18E938357B5F7158AF721A91D724A11.jpg,,,,2025-11-05T23:59:59Z,PROSPECTUS,14,4,,
4713,5000204559163,150.0,Glade,"Absorvedores de odores, relax zen",Embalagem de 2x150g,3.29,21.93,150,L,€/L,,,https://driveimg1.intermarche.com/pt/Content/images/boitmal/produit/zoom/16916DD7F5CC08A46A02D04C9338D0A8.jpg,,,,2025-11-05T23:59:59Z,PROSPECTUS,14,4,,
4734,5000204678840,50.0,Pato,"Bloco sanitário, automático, água azul",Embalagem de 2x50 g,2.49,49.8,0,kg,€/Kg,,,https://driveimg1.intermarche.com/pt/Content/images/boitmal/produit/zoom/FFF052ED8D335191AD778149C1D6A51C.jpg,,,,2025-11-05T23:59:59Z,PROSPECTUS,14,4,,
47933,5604260319558,96.0,PorSi,Cápsulas Café Descafeinado Cdgx16,,3.85,40.1,0,kg,€/Kg,,,https://driveimg1.intermarche.com/pt/Content/images/boitmal/produit/zoom/E41919E5BDA62510C85250B2A50FD3A3.jpg,,,,2025-11-05T23:59:59Z,PROSPECTUS,14,4,,
47934,5604260319565,96.0,PorSi,Cápsulas Café Splendido Cdgx16,,3.85,40.1,0,kg,€/Kg,,,https://driveimg1.intermarche.com/pt/Content/images/boitmal/produit/zoom/55CCF612142A42C8831C49805F97F920.jpg,,,,2025-11-05T23:59:59Z,PROSPECTUS,14,4,,
48011,5603722520068,800.0,Agros,"Leite com chocolate meio gordo sem lactose, 4 x 200 ml",,1.99,2.49,800,L,€/L,,,https://driveimg1.intermarche.com/pt/Content/images/boitmal/produit/zoom/534AAD13A7F896FDBA98EB7001B680B9.jpg,,,,2025-11-05T23:59:59Z,PROSPECTUS,14,4,,
48043,5604260316311,30.0,PorSi,Snack Gato Salmão 6 X 5g,,0.79,26.33,0,kg,€/Kg,,,https://driveimg1.intermarche.com/pt/Content/images/boitmal/produit/zoom/2B5186AEB3C1F275BB9CDB07A288E316.jpg,https://driveimg1.intermarche.com/pt/Content/images/boitmal/produit/zoom/B977CF811A30D7FC44F28505C2E9D367.jpg,https://driveimg1.intermarche.com/pt/Content/images/boitmal/produit/zoom/B977CF811A30D7FC44F28505C2E9D367.jpg,https://driveimg1.intermarche.com/pt/Content/images/boitmal/produit/zoom/B977CF811A30D7FC44F28505C2E9D367.jpg,2025-11-05T23:59:59Z,PROSPECTUS,14,4,,
48044,5604260316304,60.0,PorSi,Snack Gato Antibolas Pelo 60g,,0.85,14.17,0,kg,€/Kg,,,https://driveimg1.intermarche.com/pt/Content/images/boitmal/produit/zoom/D89DDEE3AB023A90C2B010422B623F96.jpg,,,,2025-11-05T23:59:59Z,PROSPECTUS,14,4,,
48045,5604260316298,60.0,PorSi,Snack Gato Frango Queijo 60g,,0.85,14.17,0,kg,€/Kg,,,https://driveimg1.intermarche.com/pt/Content/images/boitmal/produit/zoom/854857BE4185746376B5406625D015D0.jpg,https://driveimg1.intermarche.com/pt/Content/images/boitmal/produit/zoom/CB6BC0D5C675072423B15DE86C8C5EFA.jpg,https://driveimg1.intermarche.com/pt/Content/images/boitmal/produit/zoom/CB6BC0D5C675072423B15DE86C8C5EFA.jpg,https://driveimg1.intermarche.com/pt/Content/images/boitmal/produit/zoom/CB6BC0D5C675072423B15DE86C8C5EFA.jpg,2025-11-05T23:59:59Z,PROSPECTUS,14,4,https://driveimg1.intermarche.com/pt/Content/images/boitmal/produit/zoom/CB6BC0D5C675072423B15DE86C8C5EFA.jpg,
48046,5604260316328,60.0,PorSi,Snack Gato Salmão 6x5g,,0.85,14.17,0,kg,€/Kg,,,https://driveimg1.intermarche.com/pt/Content/images/boitmal/produit/zoom/CD174E65B6D8C4723BDA1F4410CE9692.jpg,https://driveimg1.intermarche.com/pt/Content/images/boitmal/produit/zoom/33555CEC353837496FC2B04DE0128774.jpg,https://driveimg1.intermarche.com/pt/Content/images/boitmal/produit/zoom/33555CEC353837496FC2B04DE0128774.jpg,https://driveimg1.intermarche.com/pt/Content/images/boitmal/produit/zoom/33555CEC353837496FC2B04DE0128774.jpg,2025-11-05T23:59:59Z,PROSPECTUS,14,4,https://driveimg1.intermarche.com/pt/Content/images/boitmal/produit/zoom/33555CEC353837496FC2B04DE0128774.jpg,
48051,5604260316267,110.0,PorSi,Snack Cão Prodental Raça Pequena 110g,,0.77,7.0,0,kg,€/Kg,,,https://driveimg1.intermarche.com/pt/Content/images/boitmal/produit/zoom/49CF7871401A9B3DB5EE6E07A1EBF7FB.jpg,,,,2025-11-05T23:59:59Z,PROSPECTUS,14,4,,
48061,5604260319442,30.0,PorSi,Snack Gato Sticks Carne 6 X 5g,,0.79,26.33,0,kg,€/Kg,,,https://driveimg1.intermarche.com/pt/Content/images/boitmal/produit/zoom/6570F0FA5E25C666636E7DDA0178985A.jpg,https://driveimg1.intermarche.com/pt/Content/images/boitmal/produit/zoom/7E12E91E40314E3AA97865899BC992C9.jpg,https://driveimg1.intermarche.com/pt/Content/images/boitmal/produit/zoom/7E12E91E40314E3AA97865899BC992C9.jpg,https://driveimg1.intermarche.com/pt/Content/images/boitmal/produit/zoom/7E12E91E40314E3AA97865899BC992C9.jpg,2025-11-05T23:59:59Z,PROSPECTUS,14,4,,
48137,5604260323319,2000.0,PorSi,Amaciador Roupa Concentrado Talco 80d,,1.65,0.83,2000,L,€/L,,,https://driveimg1.intermarche.com/pt/Content/images/boitmal/produit/zoom/19A86120D5B46985AF96636938E62EA9.jpg,,,,2025-11-05T23:59:59Z,PROSPECTUS,14,4,,
