identifier,produitEan13,capacite,marque,libelle,conditionnement,prix,unitPrice,volume,typeProduit_uniteByCode,unit_value,pictogrammes_0,pictogrammes_libelleCategorie,images_0,images_1,images_2,images_3,avantages_dateFin,avantages_categorie,nro_paginas,page,images_4
980,5601024134488,750.0,Oliveira da Serra,Azeite virgem extra clássico,Embalagem de 750 ml,5.99,7.99,750,L,€/L,,,https://driveimg1.intermarche.com/pt/Content/images/boitmal/produit/zoom/01EF39EFE8396CC9ACA95DC25E9D3412.jpg,,,,2025-04-20T23:59:59.999999999+01:00,PROSPECTUS,3,1,
10914,3250390011620,200.0,Páturages,Queijo brie 60% mg,Embalagem de 200 g,1.68,8.4,0,kg,€/Kg,,,https://driveimg1.intermarche.com/pt/Content/images/boitmal/produit/zoom/4BF7058D0138CA4DFA3E37B503FC8E28.jpg,,,,2025-04-23T23:59:59.999999999+01:00,PROSPECTUS,3,1,
32974,5604260286966,200.0,PorSi,Miolo de noz,200 g,2.45,12.25,0,kg,€/Kg,,,https://driveimg1.intermarche.com/pt/Content/images/boitmal/produit/zoom/909BDA63C72C379009D4FDA941AB6267.jpg,,,,2025-04-23T23:59:59.999999999+01:00,PROSPECTUS,3,1,
54320,8718951559721,100.0,Colgate,"Pasta De Dentes Maximum Caries Protection, 100ml",,2.14,21.4,100,L,€/L,,,https://driveimg1.intermarche.com/pt/Content/images/boitmal/produit/zoom/FB112999317664A7E18AAA81FF2A5D06.jpg,https://driveimg1.intermarche.com/pt/Content/images/boitmal/produit/zoom/3694932EDFE660C6F958943C13CEE297.jpg,https://driveimg1.intermarche.com/pt/Content/images/boitmal/produit/zoom/3694932EDFE660C6F958943C13CEE297.jpg,https://driveimg1.intermarche.com/pt/Content/images/boitmal/produit/zoom/3694932EDFE660C6F958943C13CEE297.jpg,2025-04-20T23:59:59.999999999+01:00,PROSPECTUS,3,1,
9279,5603533652002,1000.0,Frize,"Água com gás limão, pack 4 x 0.25 l",,2.09,2.09,1000,L,€/L,,,https://driveimg1.intermarche.com/pt/Content/images/boitmal/produit/zoom/11B7A1FE3C8011649267813E9487639D.jpg,,,,2025-04-20T23:59:59.999999999+01:00,PROSPECTUS,3,1,
2749,8410063046532,350.0,Pescanova,"Miolo de camarão 80/100, embalagem de 350g",,6.99,19.97,0,kg,€/Kg,,Tipo de stockagem,https://driveimg1.intermarche.com/pt/Content/images/boitmal/produit/zoom/0EA75135180DC26543A97F342303334A.jpg,,,,2025-04-23T23:59:59.999999999+01:00,PROSPECTUS,3,1,
10910,3250390010586,250.0,Páturages,Queijo camembert 45% mg,Embalagem de 250 g,1.89,7.56,0,kg,€/Kg,,,https://driveimg1.intermarche.com/pt/Content/images/boitmal/produit/zoom/7C9F5B55F7320E544E58C79F8FBB96B2.jpg,,,,2025-04-23T23:59:59.999999999+01:00,PROSPECTUS,3,1,
15125,2895006000000,150.0,Terra Nostra,Queijo Flamengo em Barra,1 un = 150 gr (aprox.),1.39,9.29,0,,€/Kg,,,https://driveimg1.intermarche.com/pt/Content/images/boitmal/produit/zoom/BF84618CA37316EE2612494B15F423CC.jpg,,,,2025-04-20T23:59:59.999999999+01:00,PROSPECTUS,3,1,
3526,2894034000000,150.0,Nobre,Fiambre da Perna Extra,1 un = 150 gr (aprox.),2.25,14.99,0,,€/Kg,,,https://driveimg1.intermarche.com/pt/Content/images/boitmal/produit/zoom/C76D05EF052819EDC79567520AD2D260.jpg,,,,2025-04-20T23:59:59.999999999+01:00,PROSPECTUS,3,1,
38321,2696806000000,250.0,Padaria,Pão gémeos,250 g,0.59,2.36,0,kg,€/Kg,,,https://driveimg1.intermarche.com/pt/Content/images/boitmal/produit/zoom/A99E9F55D9FD5180D848A5ADDB578F15.jpg,,,,2025-04-23T23:59:59.999999999+01:00,PROSPECTUS,3,1,
10094,8435257040776,640.0,Nestlé,"Iogurte líquido yoggi banana, embalagem de 4 x 160 g",,1.99,3.11,0,kg,€/Kg,,,https://driveimg1.intermarche.com/pt/Content/images/boitmal/produit/zoom/6885FCEF2FEF4752D565E64A3BDEE242.jpg,,,,2025-04-20T23:59:59.999999999+01:00,PROSPECTUS,3,1,
16105,5601146703463,7500.0,Sagres,"Cerveja com álcool, pack 30 x 0.25 l",,13.85,1.85,7500,L,€/L,,,https://driveimg1.intermarche.com/pt/Content/images/boitmal/produit/zoom/03A5259A936839E6AA1FD95014E0E2CF.jpg,,,,2025-04-20T23:59:59.999999999+01:00,PROSPECTUS,3,1,
31516,8435257039107,1280.0,Nestlé,"Yoggi liquido morango, embalagem de 8x160g",,3.89,3.04,0,kg,€/Kg,,,https://driveimg1.intermarche.com/pt/Content/images/boitmal/produit/zoom/919C3780A665F064AD1803A3631A5911.jpg,,,,2025-04-20T23:59:59.999999999+01:00,PROSPECTUS,3,1,
36916,5604260287048,200.0,PorSi,Miolo de amêndoa inteira com pele,Embalagem de 200 g,2.15,10.75,0,kg,€/Kg,,,https://driveimg1.intermarche.com/pt/Content/images/boitmal/produit/zoom/02E8C2ECD9CEEDC842CCB51542262F56.jpg,,,,2025-04-23T23:59:59.999999999+01:00,PROSPECTUS,3,1,
40362,5604260301423,350.0,PorSi,Esparregado de espinafres,Embalagem de 350 g,1.39,3.97,0,kg,€/Kg,,Tipo de stockagem,https://driveimg1.intermarche.com/pt/Content/images/boitmal/produit/zoom/234BA2AF47AD5665EBFD89AF35BFBCAB.jpg,,,,2025-04-23T23:59:59.999999999+01:00,PROSPECTUS,3,1,
41437,5604260305773,170.0,PorSi Select,Chouriço de porco preto,Embalagem de 170 g,2.69,15.82,0,kg,€/Kg,,,https://driveimg1.intermarche.com/pt/Content/images/boitmal/produit/zoom/9AF028948550CC79F4506D20250D6D94.jpg,,,,2025-04-23T23:59:59.999999999+01:00,PROSPECTUS,3,1,
42845,5604260287154,200.0,PorSi,Amendoim caramelizado,Embalagem de 200g,1.39,6.95,0,kg,€/Kg,,,https://driveimg1.intermarche.com/pt/Content/images/boitmal/produit/zoom/ABF2CDFFBAB7CF81DD3B568773A40BE1.jpg,,,,2025-04-23T23:59:59.999999999+01:00,PROSPECTUS,3,1,
974,5601024105051,3000.0,Fula,Óleo alimentar,Embalagem 3L,5.85,1.95,3000,L,€/L,,,https://driveimg1.intermarche.com/pt/Content/images/boitmal/produit/zoom/D641E1D4A518E21E0D8C212FCA92F32A.jpg,,,,2025-04-20T23:59:59.999999999+01:00,PROSPECTUS,3,1,
1228,5601146230518,1500.0,Joi,"Refrigerante sem gás, laranja, garrafa de 1,5 l",,1.29,0.86,1500,L,€/L,,,https://driveimg1.intermarche.com/pt/Content/images/boitmal/produit/zoom/9CFD5D319CF23E8EEE61B6DFE693387D.jpg,,,,2025-04-20T23:59:59.999999999+01:00,PROSPECTUS,3,1,
17892,5601082039800,220.0,Delta Q,Café xl qalidus cápsulas,Embalagem de 220g,15.99,72.68,0,kg,€/Kg,,,https://driveimg1.intermarche.com/pt/Content/images/boitmal/produit/zoom/CC1942C4B68078F0368F602F327C039D.jpg,,,,2025-04-23T23:59:59.999999999+01:00,PROSPECTUS,3,1,
2009,5604260127313,300.0,PorSi,20 mini rissóis de camarão,Embalagem de 300 g,2.29,7.63,0,kg,€/Kg,,Tipo de stockagem,https://driveimg1.intermarche.com/pt/Content/images/boitmal/produit/zoom/648D5FF2795BC9832AD06448AD4ED56B.jpg,,,,2025-04-23T23:59:59.999999999+01:00,PROSPECTUS,3,1,
33302,5604260286973,200.0,PorSi,Amendoim com Sal,Embalagem de 200g,1.29,6.45,0,kg,€/Kg,,,https://driveimg1.intermarche.com/pt/Content/images/boitmal/produit/zoom/7D1AAEAC3F0C4BED45A49E7F68BF7F08.jpg,,,,2025-04-23T23:59:59.999999999+01:00,PROSPECTUS,3,1,
33563,5609060007070,200.0,Delta,Cevada solúvel,Embalagem de 200 g,2.29,11.45,0,kg,€/Kg,,,https://driveimg1.intermarche.com/pt/Content/images/boitmal/produit/zoom/9DB066DE69C74BAF6E3C3065BCCE0FA7.jpg,,,,2025-04-23T23:59:59.999999999+01:00,PROSPECTUS,3,1,
3539,2894220000000,100.0,Elpozo,Presunto Bodega,"Vendido ao peso, fatiado a partir de 100 g",2.4,23.99,0,,€/Kg,,,https://driveimg1.intermarche.com/pt/Content/images/boitmal/produit/zoom/B08B3C208782FD0824215A2662A05581.jpg,,,,2025-04-23T23:59:59.999999999+01:00,PROSPECTUS,3,1,
36777,5604260286942,200.0,PorSi,Miolo de avelã,Embalagem de 200 g,2.99,14.95,0,kg,€/Kg,,,https://driveimg1.intermarche.com/pt/Content/images/boitmal/produit/zoom/861686A053C12A8C562D94B107D3CBD1.jpg,,,,2025-04-23T23:59:59.999999999+01:00,PROSPECTUS,3,1,
40592,5603722519420,480.0,Mimosa,"Iogurte fruta batida banana, laranja e bolacha, 4 x 120 g",,1.69,3.52,0,kg,€/Kg,,,https://driveimg1.intermarche.com/pt/Content/images/boitmal/produit/zoom/3DD4F4ED13036BE4F0A8D47DB404A192.jpg,,,,2025-04-20T23:59:59.999999999+01:00,PROSPECTUS,3,1,
43733,5604260310388,200.0,PorSi,Miolo de Cajú,Embalagem de 200 g,2.69,13.45,0,kg,€/Kg,,,https://driveimg1.intermarche.com/pt/Content/images/boitmal/produit/zoom/58EF5D505F1C3086A35F0A0BD9184801.jpg,,,,2025-04-23T23:59:59.999999999+01:00,PROSPECTUS,3,1,
54766,8711327635449,825.0,Carte DOr,"Gelado filipinos, 825 ml",,3.79,4.59,825,L,€/L,,Tipo de stockagem,https://driveimg1.intermarche.com/pt/Content/images/boitmal/produit/zoom/45FEC64353D00132823145E2C11E5AA6.jpg,,,,2025-04-23T23:59:59.999999999+01:00,PROSPECTUS,3,1,
7166,2895224000000,250.0,São Jorge,Queijo da Ilha DOP Cura 4 Meses,Vendido ao peso a partir de 250 gr,3.75,14.99,0,,€/Kg,,,https://driveimg1.intermarche.com/pt/Content/images/boitmal/produit/zoom/702004FBEA1D5588A2791A027C546286.jpg,,,,2025-04-23T23:59:59.999999999+01:00,PROSPECTUS,3,1,
9059,5601752080026,750.0,Favaios,"Moscatel favaios, garrafa de 750 ml",,4.99,6.65,750,L,€/L,,,https://driveimg1.intermarche.com/pt/Content/images/boitmal/produit/zoom/263E5B4B63284ABF86B8A3C99564569D.jpg,,,,2025-04-23T23:59:59.999999999+01:00,PROSPECTUS,3,1,
10095,8435257040899,640.0,Nestlé,"Iogurte líquido yoggi morango, embalagem de 4 x 160g",,1.99,3.11,0,kg,€/Kg,,,https://driveimg1.intermarche.com/pt/Content/images/boitmal/produit/zoom/BCBB1C4518CDF8045B46EB41CD173E54.jpg,,,,2025-04-20T23:59:59.999999999+01:00,PROSPECTUS,3,1,
10883,3147690024804,750.0,Cruz,Porto special reserva," garrafa de 0,75 l",9.99,13.32,750,L,€/L,,,https://driveimg1.intermarche.com/pt/Content/images/boitmal/produit/zoom/01146C49D6D1001F9B0A4FC43CD6365E.jpg,,,,2025-04-23T23:59:59.999999999+01:00,PROSPECTUS,3,1,
11642,5601180002003,1000.0,Vigor,Leite pasteurizado magro,Garrafa de 1 l,0.79,0.79,1000,L,€/L,,,https://driveimg1.intermarche.com/pt/Content/images/boitmal/produit/zoom/F8C109F76B61C34DDC541F6014AEA1D3.jpg,,,,2025-04-20T23:59:59.999999999+01:00,PROSPECTUS,3,1,
1226,5601146001507,1500.0,Joi,"Refrigerante sem gás de manga/laranja, garrafa de 1,5 l",,1.29,0.86,1500,L,€/L,,,https://driveimg1.intermarche.com/pt/Content/images/boitmal/produit/zoom/DB9CD865FA14B43795929B354A61BA32.jpg,,,,2025-04-20T23:59:59.999999999+01:00,PROSPECTUS,3,1,
1230,5601146232512,1500.0,Joi,"Refrigerante sem gás, maracujá e la, garrafa de 1,5 l",,1.29,0.86,1500,L,€/L,,,https://driveimg1.intermarche.com/pt/Content/images/boitmal/produit/zoom/430468AF369DBE1139E298A0EA69B620.jpg,,,,2025-04-20T23:59:59.999999999+01:00,PROSPECTUS,3,1,
13566,2893560000000,250.0,Congelado de Aquicultura,Camarão Congelado 20/30,1 un = 250 gr  (aprox.),2.5,9.99,0,,€/Kg,,Avantages !,https://driveimg1.intermarche.com/pt/Content/images/boitmal/produit/zoom/863DB9F10BE616A55736AB7A17BC6BB5.jpg,,,,2025-04-23T23:59:59.999999999+01:00,PROSPECTUS,3,1,
14189,5604260266647,750.0,PorSi Select,Azeite virgem extra dop trás-os-montes,Embalagem 750 ml,8.99,11.99,750,L,€/L,,,https://driveimg1.intermarche.com/pt/Content/images/boitmal/produit/zoom/AA1278A90E4FAF01C96F6431B740B4D2.jpg,,,,2025-04-23T23:59:59.999999999+01:00,PROSPECTUS,3,1,
17893,5601082039817,220.0,Delta Q,Café xl qharacter cápsulas,40 Cápsulas,15.99,72.68,0,kg,€/Kg,,,https://driveimg1.intermarche.com/pt/Content/images/boitmal/produit/zoom/A33D46B8BEAE0A6886B2052A87431B6E.jpg,,,,2025-04-23T23:59:59.999999999+01:00,PROSPECTUS,3,1,
18024,2696283000000,250.0,Pastelaria,"Baguete Constance Cereais, 250 g",,1.09,4.36,0,kg,€/Kg,,,https://driveimg1.intermarche.com/pt/Content/images/boitmal/produit/zoom/CA22C31024FFE026D063A83A78526055.jpg,,,,2025-04-23T23:59:59.999999999+01:00,PROSPECTUS,3,1,
19558,5601252113583,500.0,Gallo,"Vinagre balsâmico modena, 500 ml",,3.19,6.38,500,L,€/L,,,https://driveimg1.intermarche.com/pt/Content/images/boitmal/produit/zoom/CC1BF04200D104F2656D4D4967E443A9.jpg,,,,2025-04-23T23:59:59.999999999+01:00,PROSPECTUS,3,1,
2010,5604260127320,300.0,PorSi,"Mini rissóis de carne, 20 unidades",Embalagem de 300 g,2.29,7.63,0,kg,€/Kg,,Tipo de stockagem,https://driveimg1.intermarche.com/pt/Content/images/boitmal/produit/zoom/42A54F6F1748C2ADE7D49FFEEA1280AC.jpg,,,,2025-04-23T23:59:59.999999999+01:00,PROSPECTUS,3,1,
2306,5604260271672,800.0,PorSi,Bacalhau posta média,Embalagem de 800g,6.49,8.11,0,kg,€/Kg,,Tipo de stockagem,https://driveimg1.intermarche.com/pt/Content/images/boitmal/produit/zoom/7BFB91B2030DFA8C523A88F3C016C8D9.jpg,,,,2025-04-20T23:59:59.999999999+01:00,PROSPECTUS,3,1,
2458,7613031423583,625.0,Nestlé,Cereais nesquik,Embalagem de 625g,3.24,5.18,0,kg,€/Kg,,,https://driveimg1.intermarche.com/pt/Content/images/boitmal/produit/zoom/154B8C74F4EECBF4F38F20B4618C4981.jpg,,,,2025-04-20T23:59:59.999999999+01:00,PROSPECTUS,3,1,
26414,5000116110919,1042.0,Capitão Iglo,"50 nuggets de frango, embalagem de 1042g",,12.99,12.47,0,kg,€/Kg,,Tipo de stockagem,https://driveimg1.intermarche.com/pt/Content/images/boitmal/produit/zoom/D97E3080A57234D7462734347713E694.jpg,,,,2025-04-20T23:59:59.999999999+01:00,PROSPECTUS,3,1,
31554,8435257039138,1280.0,Nestlé,"Nestlé - iogurte líquido de tutti-frutti, pack 8 x 160 g",,3.89,3.04,0,kg,€/Kg,,,https://driveimg1.intermarche.com/pt/Content/images/boitmal/produit/zoom/FBACDDE5448B1E7990331AE3CC79D8AF.jpg,,,,2025-04-20T23:59:59.999999999+01:00,PROSPECTUS,3,1,
34819,5604260287086,200.0,PorSi,Pistachios com sal,Embalagem de 200g,3.79,18.95,0,kg,€/Kg,,,https://driveimg1.intermarche.com/pt/Content/images/boitmal/produit/zoom/0CE106296003E8E1ADB82DF0A039F9E5.jpg,,,,2025-04-23T23:59:59.999999999+01:00,PROSPECTUS,3,1,
35483,8410436343435,500.0,Sonasol,Spray desengordurante,Embalagem de 500 ml,1.99,3.98,500,L,€/L,,,https://driveimg1.intermarche.com/pt/Content/images/boitmal/produit/zoom/47473DD6CCCCC8BCBCC650E05B76EF50.jpg,,,,2025-04-20T23:59:59.999999999+01:00,PROSPECTUS,3,1,
35558,5601151973721,3500.0,Pepsi,"Refrigerante com gás, pack de 2 x 1.75 l",,3.18,0.91,3500,L,€/L,,,https://driveimg1.intermarche.com/pt/Content/images/boitmal/produit/zoom/4591303E8886D5226C017EC0EFBDEC41.jpg,,,,2025-04-20T23:59:59.999999999+01:00,PROSPECTUS,3,1,
36915,5604260287024,200.0,PorSi,Caju frito com sal,Embalagem de 200 g,2.99,14.95,0,kg,€/Kg,,,https://driveimg1.intermarche.com/pt/Content/images/boitmal/produit/zoom/1B063B24F1A2A79FD54438680947A0D3.jpg,,,,2025-04-23T23:59:59.999999999+01:00,PROSPECTUS,3,1,
40593,5603722519406,480.0,Mimosa,"Iogurte fruta batida morango, 4 x 120 g",,1.69,3.52,0,kg,€/Kg,,,https://driveimg1.intermarche.com/pt/Content/images/boitmal/produit/zoom/41C5135F0F8227064BFED500C982147E.jpg,,,,2025-04-20T23:59:59.999999999+01:00,PROSPECTUS,3,1,
40666,5604260303717,550.0,PorSi,"Queijo de vaca curado amanteigado, +/- 550 g",,4.79,8.71,0,kg,€/Kg,,,https://driveimg1.intermarche.com/pt/Content/images/boitmal/produit/zoom/FA9B99B490F3B05F95DF1946378C72AD.jpg,,,,2025-04-23T23:59:59.999999999+01:00,PROSPECTUS,3,1,
40983,8711327398351,750.0,Olá,Carte dor romantica 750ml,,6.49,8.65,750,L,€/L,,Tipo de stockagem,https://driveimg1.intermarche.com/pt/Content/images/boitmal/produit/zoom/D57A8BD6552872F6AB48A23112A32845.jpg,,,,2025-04-23T23:59:59.999999999+01:00,PROSPECTUS,3,1,
41079,8718951337770,1250.0,Ajax,"Detergente líquido lava tudo festa das flores lavanda, embalagem de 1.25l",,2.24,1.79,1250,L,€/L,,,https://driveimg1.intermarche.com/pt/Content/images/boitmal/produit/zoom/9AF3F843CD8D9DB932E9E6D241AC411E.jpg,,,,2025-04-20T23:59:59.999999999+01:00,PROSPECTUS,3,1,
43627,5604260310012,600.0,PorSi,Batata pom'duchesse,Embalagem de 600g,1.89,3.15,0,kg,€/Kg,,Tipo de stockagem,https://driveimg1.intermarche.com/pt/Content/images/boitmal/produit/zoom/AE44E9B7714D1E52F272B808FA5B8E16.jpg,,,,2025-04-23T23:59:59.999999999+01:00,PROSPECTUS,3,1,
45678,5604260312023,90.0,PorSi,Snacks crocantes com queijo,Embalagem de 90g,0.89,9.89,0,kg,€/Kg,,,https://driveimg1.intermarche.com/pt/Content/images/boitmal/produit/zoom/24D5BD498E27F9B995025450BEE0B662.jpg,,,,2025-04-23T23:59:59.999999999+01:00,PROSPECTUS,3,1,
46606,5604260318384,100.0,PorSi,Queijo azul,100 g,1.85,18.5,0,kg,€/Kg,,,https://driveimg1.intermarche.com/pt/Content/images/boitmal/produit/zoom/193B6BA07710373997636A43021AF4C5.jpg,,,,2025-04-23T23:59:59.999999999+01:00,PROSPECTUS,3,1,
4984,5601012011500,750.0,Mateus,"Vinho rosé, garrafa de 750 ml",,3.99,5.32,750,L,€/L,,,https://driveimg1.intermarche.com/pt/Content/images/boitmal/produit/zoom/3FA76398635D4910DF924BE55B489ECE.jpg,,,,2025-04-20T23:59:59.999999999+01:00,PROSPECTUS,3,1,
52338,8720181392931,1368.0,Comfort,"Amaciador roupa concentrado creations jasmim e mirtilo, 76 doses",,3.99,2.92,1368,L,€/L,,,https://driveimg1.intermarche.com/pt/Content/images/boitmal/produit/zoom/6011DCF134621AA99ADEF13E90F43514.jpg,,,,2025-04-20T23:59:59.999999999+01:00,PROSPECTUS,3,1,
5272,5601164902312,4800.0,Super Bock,"Cerveja com álcool, pack 24 x 0.20 l",,9.99,2.08,4800,L,€/L,,,https://driveimg1.intermarche.com/pt/Content/images/boitmal/produit/zoom/A98E5FF8E5DDF166F2B333F0EE0114E7.jpg,https://driveimg1.intermarche.com/pt/Content/images/boitmal/produit/zoom/C2C2858ADC421F33AF17C6115D108100.jpg,,,2025-04-20T23:59:59.999999999+01:00,PROSPECTUS,3,1,
52780,8711327621015,825.0,Carte DOr,"Gelado stracciatella, 825 ml",,3.59,4.35,825,L,€/L,,Tipo de stockagem,https://driveimg1.intermarche.com/pt/Content/images/boitmal/produit/zoom/9077E20C19CAF03342D46F370AD9A5BA.jpg,https://driveimg1.intermarche.com/pt/Content/images/boitmal/produit/zoom/96ACD079643DD28D2A3D30A5732CD591.jpg,https://driveimg1.intermarche.com/pt/Content/images/boitmal/produit/zoom/96ACD079643DD28D2A3D30A5732CD591.jpg,,2025-04-23T23:59:59.999999999+01:00,PROSPECTUS,3,1,
54321,8718951477957,100.0,Colgate,"Pasta De Dentes Tripla Ação, 100ml",,2.14,21.4,100,L,€/L,,,https://driveimg1.intermarche.com/pt/Content/images/boitmal/produit/zoom/314A8AD6D21192FE5E061EE56C598725.jpg,https://driveimg1.intermarche.com/pt/Content/images/boitmal/produit/zoom/9ADDEB220D16C8DAE54C517CBC09DC55.jpg,https://driveimg1.intermarche.com/pt/Content/images/boitmal/produit/zoom/9ADDEB220D16C8DAE54C517CBC09DC55.jpg,https://driveimg1.intermarche.com/pt/Content/images/boitmal/produit/zoom/9ADDEB220D16C8DAE54C517CBC09DC55.jpg,2025-04-20T23:59:59.999999999+01:00,PROSPECTUS,3,1,
9751,5604661000222,,Seia,"Queijo de ovelha curado amanteigado, embalagem de 500g",,9.79,9.79,1,,€/Unidade,,,https://driveimg1.intermarche.com/pt/Content/images/boitmal/produit/zoom/698046A4AD1D5A001102E30C2B4ADE46.jpg,,,,2025-04-23T23:59:59.999999999+01:00,PROSPECTUS,3,1,
45677,5604260312016,60.0,PorSi,Snacks crocantes com bacon,Embalagem de 60g,1.15,19.17,0,kg,€/Kg,,,https://driveimg1.intermarche.com/pt/Content/images/boitmal/produit/zoom/052101F3D098F47C3FB7EC4FC5F6A5F1.jpg,,,,2025-04-23T23:59:59.999999999+01:00,PROSPECTUS,3,1,
1010,5601038300091,240.0,Knorr,"Caldo de galinha 24 cubos, embalagem de 240g",,2.49,10.38,0,kg,€/Kg,,,https://driveimg1.intermarche.com/pt/Content/images/boitmal/produit/zoom/4E25834255892D5C9C1047A286FE9847.jpg,,,,2025-04-20T23:59:59.999999999+01:00,PROSPECTUS,3,1,
5143,5601096201309,750.0,Casal Garcia,"Vinho verde branco, garrafa de 0.75 l",,3.99,5.32,750,L,€/L,,,https://driveimg1.intermarche.com/pt/Content/images/boitmal/produit/zoom/C499325EC5B55389E1608DCDF3310034.jpg,,,,2025-04-20T23:59:59.999999999+01:00,PROSPECTUS,3,1,
7401,3250390461777,150.0,Páturages,Queijo roquefort,Embalagem de 150 g,2.79,18.6,0,kg,€/Kg,,,https://driveimg1.intermarche.com/pt/Content/images/boitmal/produit/zoom/E03055290F31A27B798D471C25305D9D.jpg,,,,2025-04-23T23:59:59.999999999+01:00,PROSPECTUS,3,1,
17265,2696109000000,600.0,Pastelaria,Galette de Rois,600g,4.99,8.32,0,kg,€/Kg,,,https://driveimg1.intermarche.com/pt/Content/images/boitmal/produit/zoom/C67BA4CDA8508BEF0A5304015C5BF4C3.jpg,,,,2025-04-23T23:59:59.999999999+01:00,PROSPECTUS,3,1,
45654,5604260312009,90.0,PorSi,Snacks Crocantes Amendoim,Embalagem de 90g,1.59,17.67,0,kg,€/Kg,,,https://driveimg1.intermarche.com/pt/Content/images/boitmal/produit/zoom/7A5ACB84EF4B418EA59A43874AE65092.jpg,,,,2025-04-23T23:59:59.999999999+01:00,PROSPECTUS,3,1,
11942,5603533492202,1000.0,Frize,"Água com gás groselha, pack 4 x 0.25 l",,2.09,2.09,1000,L,€/L,,,https://driveimg1.intermarche.com/pt/Content/images/boitmal/produit/zoom/9F272D120CD1620A52E8FDFD1398797A.jpg,,,,2025-04-20T23:59:59.999999999+01:00,PROSPECTUS,3,1,
9111,5601989001412,750.0,Monte Velho,"Vinho regional alentejano tinto, garrafa de 0.75 l",,3.89,5.19,750,L,€/L,,,https://driveimg1.intermarche.com/pt/Content/images/boitmal/produit/zoom/5313E203A06105D1BF7A5AD8308AD864.jpg,,,,2025-04-20T23:59:59.999999999+01:00,PROSPECTUS,3,1,
12471,8435257040868,640.0,Nestlé,"Iogurte líquido yoggi morango/banana, embalagem de 4 x 160g",,1.99,3.11,0,kg,€/Kg,,,https://driveimg1.intermarche.com/pt/Content/images/boitmal/produit/zoom/E92C48D7A1A5BA67322D0E6250F5BAFF.jpg,,,,2025-04-20T23:59:59.999999999+01:00,PROSPECTUS,3,1,
8808,5601252107094,250.0,Gallo,"Vinagre vinho branco, garrafa 250ml",,1.29,5.16,250,L,€/L,,,https://driveimg1.intermarche.com/pt/Content/images/boitmal/produit/zoom/0BA26199C027C9616D0DF2F5F2C3C85C.jpg,,,,2025-04-23T23:59:59.999999999+01:00,PROSPECTUS,3,1,
33301,5604260286997,200.0,PorSi,Amendoim com Piri-Piri,Embalagem de 200g,1.29,6.45,0,kg,€/Kg,,,https://driveimg1.intermarche.com/pt/Content/images/boitmal/produit/zoom/45F47C82220E3A017E0818597CB20549.jpg,,,,2025-04-23T23:59:59.999999999+01:00,PROSPECTUS,3,1,
52337,8720181392955,1368.0,Comfort,"Amaciador roupa concentrado creations flor de lótus e lima, 76 doses",,3.99,2.92,1368,L,€/L,,,https://driveimg1.intermarche.com/pt/Content/images/boitmal/produit/zoom/AA557AEC063D2D449E9AD9A05E65B1FD.jpg,,,,2025-04-20T23:59:59.999999999+01:00,PROSPECTUS,3,1,
52897,8720181392917,1332.0,Comfort,"Amaciador concentrado essência pure, 74 doses",,3.49,2.62,1332,L,€/L,,,https://driveimg1.intermarche.com/pt/Content/images/boitmal/produit/zoom/F5C0D70B94DAAFB0949EA4EE48242D35.jpg,https://driveimg1.intermarche.com/pt/Content/images/boitmal/produit/zoom/6C81AB307354BD851AD24288672BBAB9.jpg,https://driveimg1.intermarche.com/pt/Content/images/boitmal/produit/zoom/6C81AB307354BD851AD24288672BBAB9.jpg,,2025-04-20T23:59:59.999999999+01:00,PROSPECTUS,3,1,
52889,8720181385094,945.0,Skip,"Detergente líquido máquina de roupa baby, 21 doses",,3.99,4.22,945,L,€/L,,,https://driveimg1.intermarche.com/pt/Content/images/boitmal/produit/zoom/88B9AA7AC23F4BC407E554F7DDCFF45B.jpg,https://driveimg1.intermarche.com/pt/Content/images/boitmal/produit/zoom/F71A2C4911172C11157AB331E2B3BEF3.jpg,https://driveimg1.intermarche.com/pt/Content/images/boitmal/produit/zoom/F71A2C4911172C11157AB331E2B3BEF3.jpg,,2025-04-20T23:59:59.999999999+01:00,PROSPECTUS,3,1,
16229,8712561587495,4000.0,Comfort,"Amaciador de roupa, pure, de 4 l",,4.99,1.25,4000,L,€/L,,,https://driveimg1.intermarche.com/pt/Content/images/boitmal/produit/zoom/AAE7E7461FE5C9CAA68CFDC37842673D.jpg,,,,2025-04-20T23:59:59.999999999+01:00,PROSPECTUS,3,1,
41078,8718951333420,1250.0,Ajax,"Detergente líquido lava-tudo festa das flores primavera, 1.25 litros",,2.24,1.79,1250,L,€/L,,,https://driveimg1.intermarche.com/pt/Content/images/boitmal/produit/zoom/67E1C6EE2E3883C90BF505A7EA63B51E.jpg,,,,2025-04-20T23:59:59.999999999+01:00,PROSPECTUS,3,1,
41447,5601082047812,,Delta Q,Café mythiq,Embalagem com 40 cápsulas,15.99,15.99,0,,€/Unidade,,,https://driveimg1.intermarche.com/pt/Content/images/boitmal/produit/zoom/B58BECEDE4BA3A9AAD2A25898792041E.jpg,,,,2025-04-23T23:59:59.999999999+01:00,PROSPECTUS,3,1,
52339,8720181392924,1368.0,Comfort,"Amaciador Roupa Concentrado Creations Lírios e Morango, 76 doses",,3.99,2.92,1368,L,€/L,,,https://driveimg1.intermarche.com/pt/Content/images/boitmal/produit/zoom/CE8FB9A40EB58A232C2FDE5C1B9A52E7.jpg,,,,2025-04-20T23:59:59.999999999+01:00,PROSPECTUS,3,1,
52941,8720181386510,2700.0,Skip,"Detergente líquido máquina de roupa sabão natural, 60 doses",,7.99,2.96,2700,L,€/L,,,https://driveimg1.intermarche.com/pt/Content/images/boitmal/produit/zoom/E86C320C5CE9CDD2DA45593DF7CE710E.jpg,https://driveimg1.intermarche.com/pt/Content/images/boitmal/produit/zoom/F78D7BA1CEEC1BA7836B80E309E4D243.jpg,https://driveimg1.intermarche.com/pt/Content/images/boitmal/produit/zoom/F78D7BA1CEEC1BA7836B80E309E4D243.jpg,,2025-04-20T23:59:59.999999999+01:00,PROSPECTUS,3,1,
53044,8720181368769,4320.0,Omo,"Detergente roupa máquina líquido, 96 doses",,8.99,2.08,4320,L,€/L,,,https://driveimg1.intermarche.com/pt/Content/images/boitmal/produit/zoom/30BA46CDC8291B3E0F7206BAD1197FAE.jpg,,,,2025-04-20T23:59:59.999999999+01:00,PROSPECTUS,3,1,
994,5601038001400,240.0,Knorr,"Caldo de carne 24 cubos, embalagem de 240g",,2.49,10.38,0,kg,€/Kg,,,https://driveimg1.intermarche.com/pt/Content/images/boitmal/produit/zoom/111ACC6539DBD1BD4431EF700197763E.jpg,,,,2025-04-20T23:59:59.999999999+01:00,PROSPECTUS,3,1,
1603,5601560111189,90.0,Diatosta,Mini tosta trigo,Embalagem de 90 g,1.09,12.11,0,kg,€/Kg,,,https://driveimg1.intermarche.com/pt/Content/images/boitmal/produit/zoom/45674C194445206DA98AFDE6EE1E9F5C.jpg,,,,2025-04-23T23:59:59.999999999+01:00,PROSPECTUS,3,1,
36654,8410436343497,500.0,Sonasol,"Spray limpa vidros brilhante, 500 ml",,1.99,3.98,500,L,€/L,,,https://driveimg1.intermarche.com/pt/Content/images/boitmal/produit/zoom/A68E1376FFCF092E98332868C951A769.jpg,,,,2025-04-20T23:59:59.999999999+01:00,PROSPECTUS,3,1,
40594,5603722519468,480.0,Mimosa,"Iogurte fruta batida banana e morango, 4 x 120 g",,1.69,3.52,0,kg,€/Kg,,,https://driveimg1.intermarche.com/pt/Content/images/boitmal/produit/zoom/783BF0B8040C15143355DB1E8A912AD4.jpg,,,,2025-04-20T23:59:59.999999999+01:00,PROSPECTUS,3,1,
46768,5601082046068,55.0,Delta Q,Café Qalidus XXL,Embalagem com 60 cápsulas,17.99,327.09,0,kg,€/Kg,,,https://driveimg1.intermarche.com/pt/Content/images/boitmal/produit/zoom/B57D51E1DBAB84530CA47C710EFFC338.jpg,,,,2025-04-20T23:59:59.999999999+01:00,PROSPECTUS,3,1,
49767,5601151969106,1000.0,Frize,"Água com gás ananás, pack 4 x 0.25 l",,2.09,2.09,1000,L,€/L,,,https://driveimg1.intermarche.com/pt/Content/images/boitmal/produit/zoom/894FBD4D289713EED7DB570E33675A74.jpg,,,,2025-04-20T23:59:59.999999999+01:00,PROSPECTUS,3,1,
52381,8720181407154,1300.0,Cif,"Lava tudo perfumado lavanda, embalagem de 1,3l",,1.99,1.53,1300,L,€/L,,,https://driveimg1.intermarche.com/pt/Content/images/boitmal/produit/zoom/12443931DBE21DE904E26826F24E6B07.jpg,https://driveimg1.intermarche.com/pt/Content/images/boitmal/produit/zoom/935C662FEAE9FBF79977B0438F001CF1.jpg,,,2025-04-20T23:59:59.999999999+01:00,PROSPECTUS,3,1,
53919,2696282000000,250.0,Pastelaria,"Baguete Constance, 250 g",,0.79,3.16,0,kg,€/Kg,,,https://driveimg1.intermarche.com/pt/Content/images/boitmal/produit/zoom/E31381B4AE9393D5575E71A4567985AE.jpg,,,,2025-04-23T23:59:59.999999999+01:00,PROSPECTUS,3,1,
12307,8004300029053,750.0,Maestri Cantinieri,Lambrusco bianco,Garrafa de 750 ml,1.99,2.65,750,L,€/L,,,https://driveimg1.intermarche.com/pt/Content/images/boitmal/produit/zoom/1D7434B347C301248CA250A7190031BB.jpg,,,,2025-04-23T23:59:59.999999999+01:00,PROSPECTUS,3,1,
14228,5604260265695,750.0,PorSi Select,"Azeite virgem extra dop moura, embalagem de 0.75l",,8.59,11.45,750,L,€/L,,,https://driveimg1.intermarche.com/pt/Content/images/boitmal/produit/zoom/6D6BE213194A73527F55DB07E2BCFA49.jpg,,,,2025-04-23T23:59:59.999999999+01:00,PROSPECTUS,3,1,
32542,5609060007087,200.0,Delta,Café solúvel + cereais,Embalagem de 200 g,3.49,17.45,0,kg,€/Kg,,,https://driveimg1.intermarche.com/pt/Content/images/boitmal/produit/zoom/F9D0CD9AF58FE5C906C214D2AD623D92.jpg,,,,2025-04-23T23:59:59.999999999+01:00,PROSPECTUS,3,1,
36655,8410436343404,500.0,Sonasol,Spray casa de banho brilhante,Embalagem de 500 ml,1.99,3.98,500,L,€/L,,,https://driveimg1.intermarche.com/pt/Content/images/boitmal/produit/zoom/74C5950FE2E809CF8D1EA09C76858123.jpg,,,,2025-04-20T23:59:59.999999999+01:00,PROSPECTUS,3,1,
37928,5604260300631,360.0,PorSi Viva Bem,Esparregado de espinafres sem lactose,Embalagem de 360 g,2.09,5.81,0,kg,€/Kg,,Tipo de stockagem,https://driveimg1.intermarche.com/pt/Content/images/boitmal/produit/zoom/CAC3708405497DA68E45D2D05D69A99D.jpg,,,,2025-04-23T23:59:59.999999999+01:00,PROSPECTUS,3,1,
40833,8718951333482,1250.0,Ajax,"Detergente líquido lava-tudo festa das flores, 1.25 litros",,2.24,1.79,1250,L,€/L,,,https://driveimg1.intermarche.com/pt/Content/images/boitmal/produit/zoom/693F264420C4477C1D894CD0E8FEFC0A.jpg,,,,2025-04-20T23:59:59.999999999+01:00,PROSPECTUS,3,1,
52340,8720181392962,1368.0,Comfort,"Amaciador roupa concentrado creations madressilva e sândalo, 76 doses",,3.99,2.92,1368,L,€/L,,,https://driveimg1.intermarche.com/pt/Content/images/boitmal/produit/zoom/C0B30E2D0BC6350378445269707C8D01.jpg,,,,2025-04-20T23:59:59.999999999+01:00,PROSPECTUS,3,1,
52378,8720181407130,1300.0,Cif,"Lava tudo vinagre, embalagem de 1,3l",,1.99,1.53,1300,L,€/L,,,https://driveimg1.intermarche.com/pt/Content/images/boitmal/produit/zoom/171393A645468062F81960E4867EA09F.jpg,https://driveimg1.intermarche.com/pt/Content/images/boitmal/produit/zoom/ACC8FB9EC20CE1255E2C2456FAF7B5E2.jpg,,,2025-04-20T23:59:59.999999999+01:00,PROSPECTUS,3,1,
53239,8720181384271,2340.0,Skip,"Detergente líquido máquina de roupa active clean, 52 doses",,10.99,4.7,2340,L,€/L,,,https://driveimg1.intermarche.com/pt/Content/images/boitmal/produit/zoom/2E63F55486FCE3AA1156DA1802792B83.jpg,https://driveimg1.intermarche.com/pt/Content/images/boitmal/produit/zoom/E0785C7CA2091A08EA4BD781B8287B51.jpg,https://driveimg1.intermarche.com/pt/Content/images/boitmal/produit/zoom/E0785C7CA2091A08EA4BD781B8287B51.jpg,,2025-04-20T23:59:59.999999999+01:00,PROSPECTUS,3,1,
1420,5601252107131,250.0,Gallo,"Vinagre balsâmico modena, garrafa de 250 ml",,1.69,6.76,250,L,€/L,,,https://driveimg1.intermarche.com/pt/Content/images/boitmal/produit/zoom/3BCA292B56E66BEBFC003AE7946066AE.jpg,,,,2025-04-23T23:59:59.999999999+01:00,PROSPECTUS,3,1,
1604,5601560111196,350.0,Diatosta,Mini tostas de trigo,Embalagem de 350 g,2.15,6.14,0,kg,€/Kg,,,https://driveimg1.intermarche.com/pt/Content/images/boitmal/produit/zoom/DFD2CFFD394296BC913FFFFD6DB47138.jpg,,,,2025-04-23T23:59:59.999999999+01:00,PROSPECTUS,3,2,
20929,2696295000000,800.0,Pastelaria,Bolo de Bolacha,800g,7.99,9.99,0,kg,€/Kg,,,https://driveimg1.intermarche.com/pt/Content/images/boitmal/produit/zoom/77258F26E87A03D0BFE68689C0433A11.jpg,,,,2025-04-23T23:59:59.999999999+01:00,PROSPECTUS,3,2,
2369,5606669091783,450.0,Brasmar,Preparado para arroz de marisco,Embalagem de 450 g,3.89,8.64,0,kg,€/Kg,,Tipo de stockagem,https://driveimg1.intermarche.com/pt/Content/images/boitmal/produit/zoom/30AEE929F2CD61652544DDD9E550F719.jpg,https://driveimg1.intermarche.com/pt/Content/images/boitmal/produit/zoom/3DD300B3850A8A7396BC6133488A6CBF.jpg,,,2025-04-23T23:59:59.999999999+01:00,PROSPECTUS,3,2,
41080,8718951338333,1250.0,Ajax,"Detergente líquido lava tudo festa das flores montanha, embalagem de 1.25l",,2.24,1.79,1250,L,€/L,,,https://driveimg1.intermarche.com/pt/Content/images/boitmal/produit/zoom/235AC3C4CF2F6CC997FC733634670C1E.jpg,,,,2025-04-20T23:59:59.999999999+01:00,PROSPECTUS,3,2,
41436,5604260305810,70.0,PorSi Select,"Presunto de porco preto 24 meses de cura, 70 g",,4.59,65.57,0,kg,€/Kg,,,https://driveimg1.intermarche.com/pt/Content/images/boitmal/produit/zoom/3318DC612185CA5EAA119A36B4310A17.jpg,,,,2025-04-23T23:59:59.999999999+01:00,PROSPECTUS,3,2,
53099,5609060439833,200.0,Delta,"Mistura Solúvel Cereais, Chicória e Café, 200g",,2.89,14.45,0,kg,€/Kg,,,https://driveimg1.intermarche.com/pt/Content/images/boitmal/produit/zoom/6CA97169CC38387AC80BBFCE4CE27CC4.jpg,https://driveimg1.intermarche.com/pt/Content/images/boitmal/produit/zoom/6C77AA8D9D25539DF30A6CEB74FA144B.jpg,https://driveimg1.intermarche.com/pt/Content/images/boitmal/produit/zoom/6C77AA8D9D25539DF30A6CEB74FA144B.jpg,https://driveimg1.intermarche.com/pt/Content/images/boitmal/produit/zoom/6C77AA8D9D25539DF30A6CEB74FA144B.jpg,2025-04-23T23:59:59.999999999+01:00,PROSPECTUS,3,2,
14722,8410063045917,800.0,Pescanova,"Camarão vannamei 24/40, embalagem de 800g",,9.99,12.49,0,kg,€/Kg,,Tipo de stockagem,https://driveimg1.intermarche.com/pt/Content/images/boitmal/produit/zoom/CE44DDFA8734C0276A1512F05FB6C21A.jpg,,,,2025-04-23T23:59:59.999999999+01:00,PROSPECTUS,3,2,
14723,8410063045139,800.0,Pescanova,"Camarão vannamei 40/48, embalagem de 800g",,9.39,11.74,0,kg,€/Kg,,Tipo de stockagem,https://driveimg1.intermarche.com/pt/Content/images/boitmal/produit/zoom/CF56AF8546EAE589D7E2D74E545BD302.jpg,,,,2025-04-23T23:59:59.999999999+01:00,PROSPECTUS,3,2,
37987,5601809011539,550.0,Riberalves,Lombos de bacalhau 4 meses de cura,Embalagem de 550 g,14.99,27.25,0,kg,€/Kg,,Tipo de stockagem,https://driveimg1.intermarche.com/pt/Content/images/boitmal/produit/zoom/9C6DE71E12945881D3F9808E35022C27.jpg,,,,2025-04-23T23:59:59.999999999+01:00,PROSPECTUS,3,2,
41439,5604260305803,70.0,PorSi Select,"Paio do lombo de porco preto, 70 g",,4.49,64.14,0,kg,€/Kg,,,https://driveimg1.intermarche.com/pt/Content/images/boitmal/produit/zoom/FC4D8B8993BE3FCCF3CEE9D4E3E7FC70.jpg,,,,2025-04-23T23:59:59.999999999+01:00,PROSPECTUS,3,2,
42782,2696841000000,500.0,Pastelaria,Cheesecake frutos vermelhos,500 g,7.99,15.98,0,kg,€/Kg,,,https://driveimg1.intermarche.com/pt/Content/images/boitmal/produit/zoom/36D3F0C4312DF34B527E768275C37216.jpg,,,,2025-04-23T23:59:59.999999999+01:00,PROSPECTUS,3,2,
52325,8720181384868,2520.0,Skip,"Detergente máquina roupa líquido sensitive, 56 doses",,9.99,3.96,2520,L,€/L,,,https://driveimg1.intermarche.com/pt/Content/images/boitmal/produit/zoom/5156E7DCF7ACB257EA61F802A2FE636C.jpg,,,,2025-04-20T23:59:59.999999999+01:00,PROSPECTUS,3,2,
53240,8720181384264,2340.0,Skip,"Detergente líquido máquina de roupa 2 em 1 ultimate, 52 doses",,10.99,4.7,2340,L,€/L,,,https://driveimg1.intermarche.com/pt/Content/images/boitmal/produit/zoom/97E245FD41D574FFA74F6BFC378A3262.jpg,https://driveimg1.intermarche.com/pt/Content/images/boitmal/produit/zoom/ADA1267F1850FE173AC42CD30CA77DD5.jpg,https://driveimg1.intermarche.com/pt/Content/images/boitmal/produit/zoom/ADA1267F1850FE173AC42CD30CA77DD5.jpg,,2025-04-20T23:59:59.999999999+01:00,PROSPECTUS,3,2,
5369,5601237000945,750.0,Quinta do Carmo,"Vinho branco região alentejano, garrafa de 750 ml",,8.99,11.99,750,L,€/L,,,https://driveimg1.intermarche.com/pt/Content/images/boitmal/produit/zoom/241F84FFECBAF6211395B97C7ACA36E2.jpg,,,,2025-04-23T23:59:59.999999999+01:00,PROSPECTUS,3,2,
54603,8720181292873,760.0,Comfort,"Intensificador perfume tropical, 760ml",,3.49,4.59,760,L,€/L,,,https://driveimg1.intermarche.com/pt/Content/images/boitmal/produit/zoom/72CE6505D84B04718FCBDF6333474C14.jpg,,,,2025-04-20T23:59:59.999999999+01:00,PROSPECTUS,3,2,
32972,5604260287185,200.0,PorSi,Miolo de amêndoa sem pele laminada,200 g,2.79,13.95,0,kg,€/Kg,,,https://driveimg1.intermarche.com/pt/Content/images/boitmal/produit/zoom/D9C23184DD487F56DD6A41CC5960E0A9.jpg,,,,2025-04-23T23:59:59.999999999+01:00,PROSPECTUS,3,2,
40667,5604260303724,550.0,PorSi,"Queijo de vaca curado light amanteigado, +/- 550 g",,4.89,8.89,0,kg,€/Kg,,,https://driveimg1.intermarche.com/pt/Content/images/boitmal/produit/zoom/A98FAAE3B023E27BEADFFB9F1E5EDBDF.jpg,,,,2025-04-23T23:59:59.999999999+01:00,PROSPECTUS,3,2,
40969,5601151972557,1000.0,Frize,"Água com gás sabor a maracujá, pack 4x 0,25l",,2.09,2.09,1000,L,€/L,,,https://driveimg1.intermarche.com/pt/Content/images/boitmal/produit/zoom/AF6318AC77392E694BAA2AC34B4CAA04.jpg,,,,2025-04-20T23:59:59.999999999+01:00,PROSPECTUS,3,2,
4807,5011013100156,700.0,Baileys,"Licor irish cream original, garrafa de 700 ml",,15.59,22.27,700,L,€/L,,,https://driveimg1.intermarche.com/pt/Content/images/boitmal/produit/zoom/FDAAA0E0F93FA491E337DFBBB5FBFE7F.jpg,,,,2025-04-23T23:59:59.999999999+01:00,PROSPECTUS,3,2,
52328,8720181385100,2520.0,Skip,"Detergente máquina roupa líquido baby, 56 doses",,9.99,3.96,2520,L,€/L,,,https://driveimg1.intermarche.com/pt/Content/images/boitmal/produit/zoom/37DC97A7700AEDD1F57E9521FBF4BEA2.jpg,,,,2025-04-20T23:59:59.999999999+01:00,PROSPECTUS,3,2,
52379,8720181407147,1300.0,Cif,"Lava tudo perfumado limão verde, embalagem de 1,3l",,1.99,1.53,1300,L,€/L,,,https://driveimg1.intermarche.com/pt/Content/images/boitmal/produit/zoom/1EA3C8FB10989E07DC274DC372288083.jpg,https://driveimg1.intermarche.com/pt/Content/images/boitmal/produit/zoom/309C981A45755DD79B0981E67BD7AF66.jpg,,,2025-04-20T23:59:59.999999999+01:00,PROSPECTUS,3,2,
52890,8720181387395,2600.0,Skip,"Detergente em pó máquina de roupa lavanda, 52 doses",,9.99,3.84,0,kg,€/Kg,,,https://driveimg1.intermarche.com/pt/Content/images/boitmal/produit/zoom/8B9191CB2F5AF708DBCEF366A5EAA9EF.jpg,https://driveimg1.intermarche.com/pt/Content/images/boitmal/produit/zoom/0A65B162D21D47988E6DF425FEB9E8A0.jpg,https://driveimg1.intermarche.com/pt/Content/images/boitmal/produit/zoom/0A65B162D21D47988E6DF425FEB9E8A0.jpg,https://driveimg1.intermarche.com/pt/Content/images/boitmal/produit/zoom/0A65B162D21D47988E6DF425FEB9E8A0.jpg,2025-04-20T23:59:59.999999999+01:00,PROSPECTUS,3,2,https://driveimg1.intermarche.com/pt/Content/images/boitmal/produit/zoom/0A65B162D21D47988E6DF425FEB9E8A0.jpg
52943,8720181392894,1332.0,Comfort,"Amaciador concentrado essência sunfresh, 74 doses",,3.49,2.62,1332,L,€/L,,,https://driveimg1.intermarche.com/pt/Content/images/boitmal/produit/zoom/7AD07681F095E84A54F9C4CC0D0F09CB.jpg,https://driveimg1.intermarche.com/pt/Content/images/boitmal/produit/zoom/4B45CB47C484E122AFEE45709A63BE0A.jpg,https://driveimg1.intermarche.com/pt/Content/images/boitmal/produit/zoom/4B45CB47C484E122AFEE45709A63BE0A.jpg,,2025-04-20T23:59:59.999999999+01:00,PROSPECTUS,3,2,
6057,5608527000401,750.0,Dona Ermelinda,"Vinho doc palmela tinto, garrafa de 750 ml",,4.59,6.12,750,L,€/L,,,https://driveimg1.intermarche.com/pt/Content/images/boitmal/produit/zoom/23F1D681CE22046EF6CB9743C3D31221.jpg,,,,2025-04-20T23:59:59.999999999+01:00,PROSPECTUS,3,2,
7763,4014400901191,250.0,Merci,"Bombons de chocolate merci, embalagem de 250g",,6.59,26.36,0,kg,€/Kg,,,https://driveimg1.intermarche.com/pt/Content/images/boitmal/produit/zoom/2900B9B4786268814CDC44DE9670597D.jpg,,,,2025-04-23T23:59:59.999999999+01:00,PROSPECTUS,3,2,
8260,5600394180019,750.0,Herdade dos Grous,Vinho tinto regional alentejano,Garrafa de 750 ml,10.99,14.65,750,L,€/L,,,https://driveimg1.intermarche.com/pt/Content/images/boitmal/produit/zoom/1AF00E99A3F00D3955D997B50BB6FF7C.jpg,,,,2025-04-20T23:59:59.999999999+01:00,PROSPECTUS,3,2,
9206,5602527031885,180.0,Palhais,"Queijo chevre, 180g",,3.69,20.5,0,kg,€/Kg,,,https://driveimg1.intermarche.com/pt/Content/images/boitmal/produit/zoom/04EAC753463FC2D0D6F864521CA5EF8D.jpg,,,,2025-04-23T23:59:59.999999999+01:00,PROSPECTUS,3,2,
9246,5603034000104,400.0,São Jorge,"Queijo dop 7 meses, embalagem de 400g",,6.85,17.13,0,kg,€/Kg,,,https://driveimg1.intermarche.com/pt/Content/images/boitmal/produit/zoom/0446C9B7F202864B369DBD76080497E5.jpg,,,,2025-04-23T23:59:59.999999999+01:00,PROSPECTUS,3,2,
12730,3415581113938,460.0,Häagen-Dazs,"Gelado belgian chocolate, embalagem de 460 ml",,5.79,12.59,460,L,€/L,,Tipo de stockagem,https://driveimg1.intermarche.com/pt/Content/images/boitmal/produit/zoom/CB20015B48979081B87C643EC17BED75.jpg,,,,2025-04-23T23:59:59.999999999+01:00,PROSPECTUS,3,2,
15566,8410063056180,250.0,Pescanova,"Miolo camarão, 250g",,6.99,27.96,0,kg,€/Kg,,Tipo de stockagem,https://driveimg1.intermarche.com/pt/Content/images/boitmal/produit/zoom/BEE1FF3586E000AD085B4D38C7ACD034.jpg,,,,2025-04-23T23:59:59.999999999+01:00,PROSPECTUS,3,2,
22886,5601082040905,219.0,Delta Q,Café em Cápsulas Várias Intensidades,40 Cápsulas,15.99,73.01,0,kg,€/Kg,,,https://driveimg1.intermarche.com/pt/Content/images/boitmal/produit/zoom/2A0B747997ADACA3A0413EC232C6ECEB.jpg,,,,2025-04-23T23:59:59.999999999+01:00,PROSPECTUS,3,2,
24518,5603034000135,300.0,São Jorge,"Queijo dop cura 12 meses, 300g",,6.89,22.97,0,kg,€/Kg,,,https://driveimg1.intermarche.com/pt/Content/images/boitmal/produit/zoom/4C8F283549970058DFCB13142F04FE1D.jpg,,,,2025-04-23T23:59:59.999999999+01:00,PROSPECTUS,3,2,
2852,0074299018060,,Hot Wheels,Pack 5 veículos sortidos,1 embalagem,11.99,11.99,0,,€/Unidade,,,https://driveimg1.intermarche.com/pt/Content/images/boitmal/produit/zoom/E66A785086F405D44E86ECEC556B312F.jpg,,,,2025-04-23T23:59:59.999999999+01:00,PROSPECTUS,3,2,
32973,5604260287055,200.0,PorSi,Miolo de amêndoa sem pele inteira,200 g,2.59,12.95,0,kg,€/Kg,,,https://driveimg1.intermarche.com/pt/Content/images/boitmal/produit/zoom/F067FD07610B6095B602337DFC06F133.jpg,,,,2025-04-23T23:59:59.999999999+01:00,PROSPECTUS,3,2,
40088,7630040400268,750.0,Martini,"Martini fiero, garrafa de 750 ml",,9.99,13.32,750,L,€/L,,,https://driveimg1.intermarche.com/pt/Content/images/boitmal/produit/zoom/EF503A8BF4351D090EC4C336D26DBB25.jpg,,,,2025-04-23T23:59:59.999999999+01:00,PROSPECTUS,3,2,
40595,5603722519444,480.0,Mimosa,"Iogurte fruta batida pera, 4 x 120 g",,1.69,3.52,0,kg,€/Kg,,,https://driveimg1.intermarche.com/pt/Content/images/boitmal/produit/zoom/0C81E15DB3EDE93E3D78890D184F7E15.jpg,,,,2025-04-20T23:59:59.999999999+01:00,PROSPECTUS,3,2,
42084,5601082045160,55.0,Delta Q,Café Qharacter XXL,Embalagem com 60 cápsulas,23.49,427.09,0,kg,€/Kg,,,https://driveimg1.intermarche.com/pt/Content/images/boitmal/produit/zoom/B9350146920B788E5CF7EFC4F69CCF1A.jpg,,,,2025-04-20T23:59:59.999999999+01:00,PROSPECTUS,3,2,
43359,5604260312894,550.0,PorSi Select,Folhado bacalhau com grelos,Embalagem de 550g,6.99,12.71,0,kg,€/Kg,,Tipo de stockagem,https://driveimg1.intermarche.com/pt/Content/images/boitmal/produit/zoom/5935E49C3763143CA7A2734B399B771E.jpg,,,,2025-04-23T23:59:59.999999999+01:00,PROSPECTUS,3,2,
45916,8718951423954,1250.0,Ajax,Detergente líquido Lava Tudo Perfumado Festa de Flores Coco,Embalagem de 1.25 litros,2.24,1.79,1250,L,€/L,,,https://driveimg1.intermarche.com/pt/Content/images/boitmal/produit/zoom/5DF4B02CA87F4F5BA52D1A8043E51591.jpg,,,,2025-04-20T23:59:59.999999999+01:00,PROSPECTUS,3,2,
46816,8000500289877,200.0,Kinder,"Shokobons white, 200 g",,4.89,24.45,0,kg,€/Kg,,,https://driveimg1.intermarche.com/pt/Content/images/boitmal/produit/zoom/FA58D7EE4AC3E497A9EB4006055306D2.jpg,,,,2025-04-20T23:59:59.999999999+01:00,PROSPECTUS,3,2,
51650,8006540696224,,Ausonia,Pensos Higiénicos Ultrafina Plus Noite,embalagem com 10 un.,2.54,2.54,0,,€/Unidade,,,https://driveimg1.intermarche.com/pt/Content/images/boitmal/produit/zoom/A812EC7B07BC1F0438BF94EC398052CA.jpg,,,,2025-04-20T23:59:59.999999999+01:00,PROSPECTUS,3,2,
52335,8720181392979,1368.0,Comfort,"Amaciador roupa concentrado creations angélicas e flor de baunilha, 76 doses",,3.99,2.92,1368,L,€/L,,,https://driveimg1.intermarche.com/pt/Content/images/boitmal/produit/zoom/504638FE0C01115A314811D8BC910186.jpg,,,,2025-04-20T23:59:59.999999999+01:00,PROSPECTUS,3,2,
52373,8720181384929,3420.0,Skip,"Detergente máquina roupa líquido sensitive, 76 doses",,11.99,3.51,3420,L,€/L,,,https://driveimg1.intermarche.com/pt/Content/images/boitmal/produit/zoom/2026CABA1ED6C8CC28BF262BD198C659.jpg,https://driveimg1.intermarche.com/pt/Content/images/boitmal/produit/zoom/08584FC3B52052055861732D08983BEF.jpg,,,2025-04-20T23:59:59.999999999+01:00,PROSPECTUS,3,2,
52942,8720181385070,2520.0,Skip,"Detergente líquido máquina de roupa cores, 56 doses",,9.99,3.96,2520,L,€/L,,,https://driveimg1.intermarche.com/pt/Content/images/boitmal/produit/zoom/88CC1094FF0E3EE4912CFD63A761A185.jpg,https://driveimg1.intermarche.com/pt/Content/images/boitmal/produit/zoom/DA89C34C561727E74F60C33922AB0C9D.jpg,https://driveimg1.intermarche.com/pt/Content/images/boitmal/produit/zoom/DA89C34C561727E74F60C33922AB0C9D.jpg,,2025-04-20T23:59:59.999999999+01:00,PROSPECTUS,3,2,
5387,5601252107117,250.0,Gallo,"Vinagre vinho tinto, garrafa 250ml",,1.29,5.16,250,L,€/L,,,https://driveimg1.intermarche.com/pt/Content/images/boitmal/produit/zoom/CDFFDFEA670B18E4C7B8D9179152B1BB.jpg,,,,2025-04-23T23:59:59.999999999+01:00,PROSPECTUS,3,2,
54546,8718951472068,2000.0,Ajax,"Lava Tudo Limão, 2L",,2.99,1.5,2000,L,€/L,,,https://driveimg1.intermarche.com/pt/Content/images/boitmal/produit/zoom/057495294BF2D9C8449906AE53DA1998.jpg,,,,2025-04-20T23:59:59.999999999+01:00,PROSPECTUS,3,2,
54765,8711327616165,825.0,Carte DOr,"Gelado caramelo salgado les dessertz, 825 ml",,3.59,4.35,825,L,€/L,,Tipo de stockagem,https://driveimg1.intermarche.com/pt/Content/images/boitmal/produit/zoom/A5FE262C7D7C5F17B290BA4B9BC148EC.jpg,,,,2025-04-23T23:59:59.999999999+01:00,PROSPECTUS,3,2,
7295,3147690089704,750.0,Cruz,Vinho do porto tawny,"Garrafa de 0,75 l",5.49,7.32,750,L,€/L,,,https://driveimg1.intermarche.com/pt/Content/images/boitmal/produit/zoom/DEFF9C50D39D135FC9657EAD3D2D4E2A.jpg,,,,2025-04-23T23:59:59.999999999+01:00,PROSPECTUS,3,2,
741,3415581176933,460.0,Häagen-Dazs,"Strawberry cheesecake, embalagem de 460 ml",,5.79,12.59,460,L,€/L,,Tipo de stockagem,https://driveimg1.intermarche.com/pt/Content/images/boitmal/produit/zoom/1BBD5F9E3A4281463344083AA1E20316.jpg,,,,2025-04-23T23:59:59.999999999+01:00,PROSPECTUS,3,2,
10884,3147690051206,700.0,Label 5,Whisky blended,"Garrafa de 0,70 l",11.69,16.7,700,L,€/L,,,https://driveimg1.intermarche.com/pt/Content/images/boitmal/produit/zoom/C08CAF9ADA1BDE594E3803CD3B274AB6.jpg,,,,2025-04-23T23:59:59.999999999+01:00,PROSPECTUS,3,2,
11868,5602235210114,750.0,Quinta do Cotto,Vinho tinto doc douro,Garrafa de 750 ml,7.49,9.99,750,L,€/L,,,https://driveimg1.intermarche.com/pt/Content/images/boitmal/produit/zoom/F56266F9759C6A8835A99657CAA4436E.jpg,,,,2025-04-20T23:59:59.999999999+01:00,PROSPECTUS,3,2,
15964,5601252110803,250.0,Gallo,"Vinagre balsâmico branco, de 250 ml",,1.99,7.96,250,L,€/L,,,https://driveimg1.intermarche.com/pt/Content/images/boitmal/produit/zoom/4E90F25CE70B74EAC8BDADBF4D8DB1FA.jpg,,,,2025-04-23T23:59:59.999999999+01:00,PROSPECTUS,3,2,
16230,8712561587594,4000.0,Comfort,"Amaciador de roupa, azul, de 4 l",,4.99,1.25,4000,L,€/L,,,https://driveimg1.intermarche.com/pt/Content/images/boitmal/produit/zoom/418708C6A4BBF36C3318720584BF4366.jpg,,,,2025-04-20T23:59:59.999999999+01:00,PROSPECTUS,3,2,
18261,3147690016304,750.0,Cruz,Vinh do porto ruby,Garrafa de 750 ml,5.49,7.32,750,L,€/L,,,https://driveimg1.intermarche.com/pt/Content/images/boitmal/produit/zoom/E4AAD8D82BD58FEDC8637FEC2C456459.jpg,,,,2025-04-23T23:59:59.999999999+01:00,PROSPECTUS,3,2,
21619,5601174207001,750.0,Jose Sousa,"Vinho regional alentejano, tinto, garrafa de 0.75 l",,7.49,9.99,750,L,€/L,,,https://driveimg1.intermarche.com/pt/Content/images/boitmal/produit/zoom/3721731076F799A2E679A5F8A85C3912.jpg,,,,2025-04-20T23:59:59.999999999+01:00,PROSPECTUS,3,2,
26475,5601252115211,250.0,Gallo,"Vinagre balsâmico sidra, 250 ml",,1.99,7.96,250,L,€/L,,,https://driveimg1.intermarche.com/pt/Content/images/boitmal/produit/zoom/C88E39F6F7D009CCC3A6C8AE0ADDADDE.jpg,,,,2025-04-23T23:59:59.999999999+01:00,PROSPECTUS,3,2,
26476,5601252115105,250.0,Gallo,"Vinagre balsâmico de modena gourmet, 250 ml",,2.31,9.24,250,L,€/L,,,https://driveimg1.intermarche.com/pt/Content/images/boitmal/produit/zoom/A0E86707B5C70A5EEDA94A8A07A8AFB3.jpg,,,,2025-04-23T23:59:59.999999999+01:00,PROSPECTUS,3,2,
2660,8004300653234,750.0,Maestri Cantinieri,Lambrusco tinto,Garrafa de 750 ml,1.99,2.65,750,L,€/L,,,https://driveimg1.intermarche.com/pt/Content/images/boitmal/produit/zoom/23FE3FF66C5DEC80393C362239C53C5B.jpg,,,,2025-04-23T23:59:59.999999999+01:00,PROSPECTUS,3,2,
27618,2696507000000,900.0,Pastelaria,Molotof c/ Doce de Ovo,900g,11.99,13.32,0,kg,€/Kg,,,https://driveimg1.intermarche.com/pt/Content/images/boitmal/produit/zoom/882A75F603369E3C35B5158E4F5C896A.jpg,,,,2025-04-23T23:59:59.999999999+01:00,PROSPECTUS,3,2,
35937,7630040400015,750.0,Martini,"Vermute rosso , garrafa de 0.75 l",,8.45,11.27,750,L,€/L,,,https://driveimg1.intermarche.com/pt/Content/images/boitmal/produit/zoom/BB72AD798E9C5F65C9B1FADDEDA6C3A4.jpg,,,,2025-04-23T23:59:59.999999999+01:00,PROSPECTUS,3,2,
36243,5000204117882,,Glade,Ambientador elétrico sensual sandalwood & jasmine + recarga,1 unidade,4.49,4.49,0,,€/Unidade,,,https://driveimg1.intermarche.com/pt/Content/images/boitmal/produit/zoom/61334414CCFD33547F9A33D53F5A787F.jpg,,,,2025-04-20T23:59:59.999999999+01:00,PROSPECTUS,3,2,
36478,5604260293346,400.0,PorSi,Tarte de brigadeiro,Embalagem de 400 g,3.99,9.98,0,kg,€/Kg,,,https://driveimg1.intermarche.com/pt/Content/images/boitmal/produit/zoom/5A7E865EE938D5A0E2DE5D9E8B4C885E.jpg,,,,2025-04-23T23:59:59.999999999+01:00,PROSPECTUS,3,2,
43354,5604260310067,750.0,PorSi,Puré batata doce,Embalagem de 750g,2.99,3.99,0,kg,€/Kg,,Tipo de stockagem,https://driveimg1.intermarche.com/pt/Content/images/boitmal/produit/zoom/B5472F252099D50D31A73FC6C7CB71DD.jpg,https://driveimg1.intermarche.com/pt/Content/images/boitmal/produit/zoom/91E728B620E82899620FB3A4F4343D82.jpg,https://driveimg1.intermarche.com/pt/Content/images/boitmal/produit/zoom/91E728B620E82899620FB3A4F4343D82.jpg,https://driveimg1.intermarche.com/pt/Content/images/boitmal/produit/zoom/91E728B620E82899620FB3A4F4343D82.jpg,2025-04-23T23:59:59.999999999+01:00,PROSPECTUS,3,2,
44765,5606669246152,800.0,Brasmar,"Prepar arroz marisco sem gluten, 800g",,5.99,7.49,0,kg,€/Kg,,Tipo de stockagem,https://driveimg1.intermarche.com/pt/Content/images/boitmal/produit/zoom/CD791D1D70BEE453DB7DDD0679C9766D.jpg,,,,2025-04-23T23:59:59.999999999+01:00,PROSPECTUS,3,2,
45721,5604260314669,400.0,PorSi,Tarte de maçã,Embalagem de 400g,4.79,11.98,0,kg,€/Kg,,,https://driveimg1.intermarche.com/pt/Content/images/boitmal/produit/zoom/4185E73C633697BD1EBA0DF97A76D282.jpg,,,,2025-04-23T23:59:59.999999999+01:00,PROSPECTUS,3,2,
45722,5604260314676,400.0,PorSi,Tarte de coco,Embalagem de 400g,3.79,9.48,0,kg,€/Kg,,,https://driveimg1.intermarche.com/pt/Content/images/boitmal/produit/zoom/70A786AA537F4AD17103DB17368999BE.jpg,,,,2025-04-23T23:59:59.999999999+01:00,PROSPECTUS,3,2,
4849,5099873001370,700.0,Jack DanielS,"Whisky bourbon honey, garrafa de 0,70 l",,21.99,31.41,700,L,€/L,,,https://driveimg1.intermarche.com/pt/Content/images/boitmal/produit/zoom/1EEE6A560DFDBDF8A8922E5CF123D70C.jpg,,,,2025-04-23T23:59:59.999999999+01:00,PROSPECTUS,3,2,
49337,5605466204358,150.0,Prisca,"Barriga fumada forno lenha, embalagem de 150g",,3.39,22.6,0,kg,€/Kg,,,https://driveimg1.intermarche.com/pt/Content/images/boitmal/produit/zoom/AF8F77597335E70259CF56D561511D47.jpg,,,,2025-04-23T23:59:59.999999999+01:00,PROSPECTUS,3,2,
51648,8006540696163,,Ausonia,Pensos Higiénicos Ultrafina Plus Normal,embalagem com 16 un.,2.54,2.54,0,,€/Unidade,,,https://driveimg1.intermarche.com/pt/Content/images/boitmal/produit/zoom/1F32EB531DB9406B7970EAF725D07623.jpg,,,,2025-04-20T23:59:59.999999999+01:00,PROSPECTUS,3,2,
51649,8006540696194,,Ausonia,Pensos Higiénicos Ultrafina Plus Super,embalagem com 14 un.,2.54,2.54,0,,€/Unidade,,,https://driveimg1.intermarche.com/pt/Content/images/boitmal/produit/zoom/23A11FE273EBD440F810889BC64A22C9.jpg,,,,2025-04-20T23:59:59.999999999+01:00,PROSPECTUS,3,2,
52327,8720181385087,2520.0,Skip,"Detergente máquina roupa líquido roupa escura, 56 doses",,9.99,3.96,2520,L,€/L,,,https://driveimg1.intermarche.com/pt/Content/images/boitmal/produit/zoom/29AB5BDD5BBFA6B210DEE0211E3A1107.jpg,,,,2025-04-20T23:59:59.999999999+01:00,PROSPECTUS,3,2,
52336,8720181392948,1368.0,Comfort,"Amaciador roupa concentrado creations leite de coco e óleo de argão, 76 doses",,3.99,2.92,1368,L,€/L,,,https://driveimg1.intermarche.com/pt/Content/images/boitmal/produit/zoom/C1D51042B82242C0A9A766394A73FCB2.jpg,,,,2025-04-20T23:59:59.999999999+01:00,PROSPECTUS,3,2,
52380,8720181407222,1300.0,Cif,"Lava tudo perfumado marinho, embalagem de 1,3l",,1.99,1.53,1300,L,€/L,,,https://driveimg1.intermarche.com/pt/Content/images/boitmal/produit/zoom/CA4DF9503AA63B59B450E466A493C7C8.jpg,https://driveimg1.intermarche.com/pt/Content/images/boitmal/produit/zoom/8B7FC9C3D49721A4DD3C875D35C40207.jpg,,,2025-04-20T23:59:59.999999999+01:00,PROSPECTUS,3,2,
52796,8711327616455,825.0,Carte DOr,"Gelado tiramisu, 825 ml",,3.59,4.35,825,L,€/L,,Tipo de stockagem,https://driveimg1.intermarche.com/pt/Content/images/boitmal/produit/zoom/CA2681D7CBF32CCE6763973CECB7DA3E.jpg,https://driveimg1.intermarche.com/pt/Content/images/boitmal/produit/zoom/9B84E001D84CA5CB733E1DA3A05B1D5F.jpg,https://driveimg1.intermarche.com/pt/Content/images/boitmal/produit/zoom/9B84E001D84CA5CB733E1DA3A05B1D5F.jpg,https://driveimg1.intermarche.com/pt/Content/images/boitmal/produit/zoom/9B84E001D84CA5CB733E1DA3A05B1D5F.jpg,2025-04-23T23:59:59.999999999+01:00,PROSPECTUS,3,2,
52839,8720181380686,,Skip,"Detergente roupa máquina cápsulas skip baby embalagem cartão, 32 doses",,8.99,8.99,32,,€/Unidade,,,https://driveimg1.intermarche.com/pt/Content/images/boitmal/produit/zoom/83B6776B3BDE1EBDB9D95FE2C245BC15.jpg,https://driveimg1.intermarche.com/pt/Content/images/boitmal/produit/zoom/9D5657D4263153C15B398271532DDB88.jpg,https://driveimg1.intermarche.com/pt/Content/images/boitmal/produit/zoom/9D5657D4263153C15B398271532DDB88.jpg,https://driveimg1.intermarche.com/pt/Content/images/boitmal/produit/zoom/9D5657D4263153C15B398271532DDB88.jpg,2025-04-20T23:59:59.999999999+01:00,PROSPECTUS,3,2,
52894,8720181380662,,Skip,"Detergente cápsulas máquina de roupa cores ultimate, 32 doses",,8.99,8.99,32,,€/Unidade,,,https://driveimg1.intermarche.com/pt/Content/images/boitmal/produit/zoom/1A3EFDCDB6BBBB5C18503715D75BC55C.jpg,https://driveimg1.intermarche.com/pt/Content/images/boitmal/produit/zoom/B1683867F45318233084D2B03D3717BC.jpg,https://driveimg1.intermarche.com/pt/Content/images/boitmal/produit/zoom/B1683867F45318233084D2B03D3717BC.jpg,https://driveimg1.intermarche.com/pt/Content/images/boitmal/produit/zoom/B1683867F45318233084D2B03D3717BC.jpg,2025-04-20T23:59:59.999999999+01:00,PROSPECTUS,3,2,
52896,8720181380716,,Skip,"Detergente cápsulas máquina de roupa sensitive, 40 doses",,10.99,10.99,40,,€/Unidade,,,https://driveimg1.intermarche.com/pt/Content/images/boitmal/produit/zoom/01BF011D05E9B7E65322FD154884E1C1.jpg,https://driveimg1.intermarche.com/pt/Content/images/boitmal/produit/zoom/FA591D23EC9054B7221A5C30B763EC5B.jpg,https://driveimg1.intermarche.com/pt/Content/images/boitmal/produit/zoom/FA591D23EC9054B7221A5C30B763EC5B.jpg,,2025-04-20T23:59:59.999999999+01:00,PROSPECTUS,3,2,
5298,5601174301006,750.0,Alambre,"Moscatel de setúbal, garrafa de 0,75l",,4.99,6.65,750,L,€/L,,,https://driveimg1.intermarche.com/pt/Content/images/boitmal/produit/zoom/2AE0722A95A9B01CB9076AA574EAA2BE.jpg,,,,2025-04-23T23:59:59.999999999+01:00,PROSPECTUS,3,2,
53045,8720181382598,1300.0,Cif,"Gel limpeza activo com líxivia, garrafa de 1.3l",,1.99,1.53,1300,L,€/L,,,https://driveimg1.intermarche.com/pt/Content/images/boitmal/produit/zoom/809C1F54E2E72A88604C79502671A069.jpg,https://driveimg1.intermarche.com/pt/Content/images/boitmal/produit/zoom/36904EC38F180313C28B77B9AA841749.jpg,https://driveimg1.intermarche.com/pt/Content/images/boitmal/produit/zoom/36904EC38F180313C28B77B9AA841749.jpg,,2025-04-20T23:59:59.999999999+01:00,PROSPECTUS,3,2,
54378,8720181462498,,Skip,"Detergente máquina roupa cápsulas ultimate active clean, 60d",,14.99,14.99,60,,€/Unidade,,,https://driveimg1.intermarche.com/pt/Content/images/boitmal/produit/zoom/DC9F6855F0C3FEA66E07C050FB4866BA.jpg,,,,2025-04-20T23:59:59.999999999+01:00,PROSPECTUS,3,2,
54391,8718951658585,75.0,Colgate,"Pasta De Dentes Max White One, 75ml",,2.69,35.87,75,L,€/L,,,https://driveimg1.intermarche.com/pt/Content/images/boitmal/produit/zoom/C5FEF93119815DBFFB39862899B00BF5.jpg,,,,2025-04-20T23:59:59.999999999+01:00,PROSPECTUS,3,2,
54842,8720181536984,,Skip,"Detergente Máquina Roupa Líquido Ciclos Curtos Cuidado Express, 54D",,9.99,9.99,0,,€/Unidade,,,https://driveimg1.intermarche.com/pt/Content/images/boitmal/produit/zoom/8D3D6F071A231FE643F904F474F5FD89.jpg,,,,2025-04-20T23:59:59.999999999+01:00,PROSPECTUS,3,2,
54972,5604260330447,350.0,PorSi Select,"Esparregado de Grelos Ultrancongelado, 350g",,2.49,7.11,0,kg,€/Kg,,Tipo de stockagem,https://driveimg1.intermarche.com/pt/Content/images/boitmal/produit/zoom/CE04F5263F7170B2BD5AC038C04C2849.jpg,,,,2025-04-23T23:59:59.999999999+01:00,PROSPECTUS,3,2,
888,5413548283128,200.0,Kinder,"Chocolate chokobons, embalagem de 200g",,4.89,24.45,0,kg,€/Kg,,,https://driveimg1.intermarche.com/pt/Content/images/boitmal/produit/zoom/27B38A636F35634AB3B100483F3FC991.jpg,,,,2025-04-20T23:59:59.999999999+01:00,PROSPECTUS,3,2,
8895,5601332000475,750.0,Ramos Pinto,Vinho do porto lágrima tinto,"Garrafa de 0,75L",10.99,14.65,750,L,€/L,,,https://driveimg1.intermarche.com/pt/Content/images/boitmal/produit/zoom/3664D0270048D0C57BE7CE267D1963D2.jpg,,,,2025-04-23T23:59:59.999999999+01:00,PROSPECTUS,3,2,
9117,5601989003102,750.0,Herdade do Esporão,"Azeite virgem extra, garrafa de 750 ml",,11.69,15.59,750,L,€/L,,,https://driveimg1.intermarche.com/pt/Content/images/boitmal/produit/zoom/2BE03F6A8C86F9F97F6EB90011DC203D.jpg,,,,2025-04-23T23:59:59.999999999+01:00,PROSPECTUS,3,2,
11674,5601237000938,750.0,Quinta do Carmo,Vinho regional alentejano tinto,Garrafa de 0.75 l,14.59,19.45,750,L,€/L,,,https://driveimg1.intermarche.com/pt/Content/images/boitmal/produit/zoom/1A496D9404EFE3D7BC76EF42C45D3726.jpg,,,,2025-04-23T23:59:59.999999999+01:00,PROSPECTUS,3,2,
14407,5601007000762,750.0,Ferreira,Vinho do porto dona antónia reserva branco,Garrafa de 0.75 l,11.99,15.99,750,L,€/L,,,https://driveimg1.intermarche.com/pt/Content/images/boitmal/produit/zoom/08A05DEE947A4C47E8E7074BEE324A01.jpg,,,,2025-04-23T23:59:59.999999999+01:00,PROSPECTUS,3,2,
18007,3147699109601,750.0,Cruz,Vinho do porto lbv 2004,Garrafa de 0.75 l,10.99,14.65,750,L,€/L,,,https://driveimg1.intermarche.com/pt/Content/images/boitmal/produit/zoom/F8B37DC3DB89001E76AC27C6C4AFAACC.jpg,,,,2025-04-23T23:59:59.999999999+01:00,PROSPECTUS,3,2,
18262,3147690089803,750.0,Cruz,Vinho do porto white,Garrafa de 750 ml,5.49,7.32,750,L,€/L,,,https://driveimg1.intermarche.com/pt/Content/images/boitmal/produit/zoom/B97A09BA17837E51BBBCDC328F17A9D7.jpg,,,,2025-04-23T23:59:59.999999999+01:00,PROSPECTUS,3,2,
20033,5601989980809,750.0,Esporão,Vinho tinto reserva esporão 75 cl,,14.99,19.99,750,L,€/L,,,https://driveimg1.intermarche.com/pt/Content/images/boitmal/produit/zoom/33B8E98BB5338C2B4E29C9099A39A7A8.jpg,,,,2025-04-23T23:59:59.999999999+01:00,PROSPECTUS,3,2,
20648,5601174305004,750.0,Alambre,"Moscatel roxo setúbal, garrafa de 750 ml",,11.99,15.99,750,L,€/L,,,https://driveimg1.intermarche.com/pt/Content/images/boitmal/produit/zoom/0F031D29405B80D49FF22BA171BE944B.jpg,,,,2025-04-23T23:59:59.999999999+01:00,PROSPECTUS,3,2,
21022,2696370000000,900.0,Pastelaria,Molotoff com caramelo 900g,,11.99,13.32,0,kg,€/Kg,,,https://driveimg1.intermarche.com/pt/Content/images/boitmal/produit/zoom/8A42F1CAEBC09BA25D4217F316FDB34C.jpg,,,,2025-04-23T23:59:59.999999999+01:00,PROSPECTUS,3,2,
21986,5600328290777,700.0,Martha's,Aguardente Vínica Velha,"Garrafa 0,70L c/ Caixa de Madeira",19.75,28.21,700,L,€/L,,,https://driveimg1.intermarche.com/pt/Content/images/boitmal/produit/zoom/5D2393C7A8A5FA3F1AA74EA833D1C982.jpg,,,,2025-04-23T23:59:59.999999999+01:00,PROSPECTUS,3,2,
22167,7613034944849,200.0,After Eight,Chocolate,Embalagem de 200g,3.49,17.45,0,kg,€/Kg,,,https://driveimg1.intermarche.com/pt/Content/images/boitmal/produit/zoom/245F7F4095BCE74B8441E4600DD3127A.jpg,,,,2025-04-23T23:59:59.999999999+01:00,PROSPECTUS,3,2,
22286,2696524000000,,Pastelaria,Torta de Ovo c/ Amêndoa Laminada,650 g,5.99,5.99,0,,€/Unidade,,,https://driveimg1.intermarche.com/pt/Content/images/boitmal/produit/zoom/F9B687CB98902937D67FA7E36D192955.jpg,,,,2025-04-23T23:59:59.999999999+01:00,PROSPECTUS,3,2,
22320,5606669092100,700.0,Brasmar,Salada de Marisco,Embalagem de 700 g,7.59,10.84,0,kg,€/Kg,,Tipo de stockagem,https://driveimg1.intermarche.com/pt/Content/images/boitmal/produit/zoom/241E140617E20CE491D638D40A0F244A.jpg,,,,2025-04-23T23:59:59.999999999+01:00,PROSPECTUS,3,2,
22321,5601989981851,750.0,Esporão,"Vinho doc alentejo reserva branco, garrafa de 0.75 l",,13.99,18.65,750,L,€/L,,,https://driveimg1.intermarche.com/pt/Content/images/boitmal/produit/zoom/930EC636ACBB571BF5A75E1D1F29B956.jpg,,,,2025-04-23T23:59:59.999999999+01:00,PROSPECTUS,3,2,
26478,5601252115143,250.0,Gallo,"Vinagre balsâmico rosé, garrafa de 250 ml",,1.99,7.96,250,L,€/L,,,https://driveimg1.intermarche.com/pt/Content/images/boitmal/produit/zoom/791DE2E9E5C878BB270841042892CEC6.jpg,,,,2025-04-23T23:59:59.999999999+01:00,PROSPECTUS,3,2,
27498,5604575004712,1500.0,Cabriz,Vinho DOC Dão Tinto,"Caixa: 2x0,75L",8.99,5.99,1500,L,€/L,,,https://driveimg1.intermarche.com/pt/Content/images/boitmal/produit/zoom/04AF4D8A718C9489D58B6F0127EEBB79.jpg,,,,2025-04-23T23:59:59.999999999+01:00,PROSPECTUS,3,2,
28202,8714100816165,240.0,Knorr,"Caldo paraarroz, 24 cubos, embalagem de 240g",,2.49,10.38,0,kg,€/Kg,,,https://driveimg1.intermarche.com/pt/Content/images/boitmal/produit/zoom/FD2973DE92E679DF380D2B2890848459.jpg,,,,2025-04-20T23:59:59.999999999+01:00,PROSPECTUS,3,3,
28473,5605466204303,150.0,Prisca,"Entremeada salgada, 150g",,3.39,22.6,0,kg,€/Kg,,,https://driveimg1.intermarche.com/pt/Content/images/boitmal/produit/zoom/C1D03B04486A5211E56832331BD71683.jpg,,,,2025-04-23T23:59:59.999999999+01:00,PROSPECTUS,3,3,
29082,5410976140122,250.0,Guylian,"Frutos do mar, 250 g",,7.49,29.96,0,kg,€/Kg,,,https://driveimg1.intermarche.com/pt/Content/images/boitmal/produit/zoom/3C8BEB0B5F241708B6F819F9DEEA51D5.jpg,,,,2025-04-23T23:59:59.999999999+01:00,PROSPECTUS,3,3,
30022,5604661000871,450.0,Seia,Queijo de Ovelha Barrado,1 un = 400 g (aprox.),8.99,19.98,0,kg,€/Kg,,,https://driveimg1.intermarche.com/pt/Content/images/boitmal/produit/zoom/E3023B102FEBBBA8A0506FF63BE983A0.jpg,,,,2025-04-23T23:59:59.999999999+01:00,PROSPECTUS,3,3,
30033,5602527032752,200.0,Palhais,"Queijo saladas alho e ervas, 2x100g",,3.99,19.95,0,kg,€/Kg,,,https://driveimg1.intermarche.com/pt/Content/images/boitmal/produit/zoom/6E9B0B4FF4E08D8B6F3B5A38492167FA.jpg,,,,2025-04-23T23:59:59.999999999+01:00,PROSPECTUS,3,3,
30891,5609060099617,200.0,Delta,Bebida solúvel cereais+fibra frasco 200g,Embalagem de 200g,2.69,13.45,0,kg,€/Kg,,,https://driveimg1.intermarche.com/pt/Content/images/boitmal/produit/zoom/7C416EF7E94C6799222D8AD20D418923.jpg,,,,2025-04-23T23:59:59.999999999+01:00,PROSPECTUS,3,3,
36241,5000204117677,,Glade,Ambientador eléctrico Relaxing Zen + recarga,1 unidade,4.49,4.49,0,,€/Unidade,,,https://driveimg1.intermarche.com/pt/Content/images/boitmal/produit/zoom/A8E5FE428FF22BA09505578086BBD614.jpg,,,,2025-04-20T23:59:59.999999999+01:00,PROSPECTUS,3,3,
36242,5000204117585,,Glade,Ambientador elétrico pure clean linen + recarga,1 unidade,4.49,4.49,0,,€/Unidade,,,https://driveimg1.intermarche.com/pt/Content/images/boitmal/produit/zoom/9A7A8E7742D78EC7287B88FEA90BB41B.jpg,,,,2025-04-20T23:59:59.999999999+01:00,PROSPECTUS,3,3,
36245,5000204117318,40.0,Glade,"Recargas ambientador elétrico relaxing zen, 2 x 20 ml",,5.19,129.75,40,L,€/L,,,https://driveimg1.intermarche.com/pt/Content/images/boitmal/produit/zoom/6DA8F56BD0A646FD3B917BA73D2BD427.jpg,,,,2025-04-20T23:59:59.999999999+01:00,PROSPECTUS,3,3,
36725,5604260293353,400.0,PorSi,Tarte de Amêndoa,Embalagem 400G,4.49,11.23,0,kg,€/Kg,,,https://driveimg1.intermarche.com/pt/Content/images/boitmal/produit/zoom/5E77CD6D4D8E2DF1F1B5F38E763424B3.jpg,,,,2025-04-23T23:59:59.999999999+01:00,PROSPECTUS,3,3,
36740,5604260294329,800.0,PorSi,"Camarão moçambique 30/40, 800 g",,24.99,31.24,0,kg,€/Kg,,Tipo de stockagem,https://driveimg1.intermarche.com/pt/Content/images/boitmal/produit/zoom/050A97E40C52DD1E898AFE90E8B24FA3.jpg,,,,2025-04-23T23:59:59.999999999+01:00,PROSPECTUS,3,3,
36741,5604260294336,800.0,PorSi,"Camarão moçambique 60/80, 800 g",,14.99,18.74,0,kg,€/Kg,,Tipo de stockagem,https://driveimg1.intermarche.com/pt/Content/images/boitmal/produit/zoom/293DF5A4D0E3A207F54FD8457AC7BD5E.jpg,,,,2025-04-23T23:59:59.999999999+01:00,PROSPECTUS,3,3,
40366,5604260287178,200.0,PorSi,Miolo de amêndoa granulada,200 g,2.99,14.95,0,kg,€/Kg,,,https://driveimg1.intermarche.com/pt/Content/images/boitmal/produit/zoom/07B24B0ED75BE0DADF5B41CAE2143C63.jpg,,,,2025-04-23T23:59:59.999999999+01:00,PROSPECTUS,3,3,
40834,8718951333390,1000.0,Ajax,"Lava tudo boost vinagre, 1 l",,1.99,1.99,1000,L,€/L,,,https://driveimg1.intermarche.com/pt/Content/images/boitmal/produit/zoom/AA079AF8B407E3DB4BE3429621BC2D32.jpg,,,,2025-04-20T23:59:59.999999999+01:00,PROSPECTUS,3,3,
40931,5609060024107,250.0,Delta,Delta chicória + cafe soluvel lata,Embalagem de 250g,4.99,19.96,0,kg,€/Kg,,,https://driveimg1.intermarche.com/pt/Content/images/boitmal/produit/zoom/AECE98169635C046F37EEF3598E9F079.jpg,,,,2025-04-23T23:59:59.999999999+01:00,PROSPECTUS,3,3,
41345,8410063078939,200.0,Pescanova,"Miolo de gambão, 200g",,7.29,36.45,0,kg,€/Kg,,Tipo de stockagem,https://driveimg1.intermarche.com/pt/Content/images/boitmal/produit/zoom/CE8A1FA918CF0BDC90BCE645C0050867.jpg,,,,2025-04-23T23:59:59.999999999+01:00,PROSPECTUS,3,3,
42675,5602947000423,1500.0,Quinta da Pacheca,Vinho DOC Douro Superior Tinto | Magnum,Garrafa de 1.5 l,22.29,14.86,1500,L,€/L,,,https://driveimg1.intermarche.com/pt/Content/images/boitmal/produit/zoom/3EBDE6CDB0294424E9F76A7BF9ED8062.jpg,,,,2025-04-23T23:59:59.999999999+01:00,PROSPECTUS,3,3,
43516,8001090970497,50.0,Old Spice,Desodorizante Stick Captain,Embalagem de 50 ml,3.49,69.8,50,L,€/L,,,https://driveimg1.intermarche.com/pt/Content/images/boitmal/produit/zoom/8CBCB0EAB22454D96F1BCFAD4F27D968.jpg,,,,2025-04-23T23:59:59.999999999+01:00,PROSPECTUS,3,3,
43894,8710847940804,250.0,Tresemmé,"Champô seco cleansing, embalagem de 250 ml",,5.39,21.56,250,L,€/L,,,https://driveimg1.intermarche.com/pt/Content/images/boitmal/produit/zoom/C2D8A9D14AD8DDD556A9F893DF1062FC.jpg,,,,2025-04-20T23:59:59.999999999+01:00,PROSPECTUS,3,3,
45134,5099873017623,700.0,Jack DanielS,"Whisky tennessee apple, garrafa de 0,70 l",,21.99,31.41,700,L,€/L,,,https://driveimg1.intermarche.com/pt/Content/images/boitmal/produit/zoom/2648D6DAB75B3B5120DBDBF324FE2CED.jpg,,,,2025-04-23T23:59:59.999999999+01:00,PROSPECTUS,3,3,
45509,5604260315734,400.0,PorSi,Torta de laranja,Embalagem de 400g,4.75,11.88,0,kg,€/Kg,,,https://driveimg1.intermarche.com/pt/Content/images/boitmal/produit/zoom/985DCE695CEEEE332BC0961269E48D01.jpg,,,,2025-04-23T23:59:59.999999999+01:00,PROSPECTUS,3,3,
45512,5604260315758,400.0,PorSi,Torta com creme sabor chocolate,400 g,4.69,11.73,0,kg,€/Kg,,,https://driveimg1.intermarche.com/pt/Content/images/boitmal/produit/zoom/68837944ABF2AB9E7AD70A3B6DD2C3D3.jpg,,,,2025-04-23T23:59:59.999999999+01:00,PROSPECTUS,3,3,
45538,8710847940781,250.0,Tresemmé,"Champô seco volumising, embalagem de 250 ml",,5.39,21.56,250,L,€/L,,,https://driveimg1.intermarche.com/pt/Content/images/boitmal/produit/zoom/9463CD0C191BC6D0052AC8E3609AE260.jpg,,,,2025-04-20T23:59:59.999999999+01:00,PROSPECTUS,3,3,
47587,8008970047928,,Denim,Conjunto Original,3 peças,14.99,14.99,0,,€/Unidade,,,https://driveimg1.intermarche.com/pt/Content/images/boitmal/produit/zoom/B2D208D71F133F394B224556E6A7C341.jpg,,,,2025-04-23T23:59:59.999999999+01:00,PROSPECTUS,3,3,
47703,5604260320424,240.0,PorSi Select,4 Folhados Vieiras e Peixe,240 g,2.99,12.46,0,kg,€/Kg,,Tipo de stockagem,https://driveimg1.intermarche.com/pt/Content/images/boitmal/produit/zoom/E20B92BC1D59C4DEFE32D07CF1D87EB0.jpg,,,,2025-04-23T23:59:59.999999999+01:00,PROSPECTUS,3,3,
47819,5604260319893,100.0,PorSi Select,Fios D'Ovos,Embalagem de 2 x 50 g,2.99,29.9,0,kg,€/Kg,,,https://driveimg1.intermarche.com/pt/Content/images/boitmal/produit/zoom/487E59B5B2914C49E6ED4984E023C0A8.jpg,,,,2025-04-23T23:59:59.999999999+01:00,PROSPECTUS,3,3,
4795,5010327000404,700.0,Grants,"Whisky, garrafa de 700 ml",,12.99,18.56,700,L,€/L,,,https://driveimg1.intermarche.com/pt/Content/images/boitmal/produit/zoom/5FEB2C2793B73FD65BBED9B479FAD32C.jpg,,,,2025-04-20T23:59:59.999999999+01:00,PROSPECTUS,3,3,
49055,5602691253328,500.0,Fabridoce,Pudim de ovos,Embalagem de 500 g,4.99,9.98,0,kg,€/Kg,,,https://driveimg1.intermarche.com/pt/Content/images/boitmal/produit/zoom/51EB1DB5AA8EDCF7B119E8540CE97492.jpg,,,,2025-04-23T23:59:59.999999999+01:00,PROSPECTUS,3,3,
49061,5000204073492,269.0,Glade,Ambientador relaxing zen,269 ml,7.19,26.73,269,L,€/L,,,https://driveimg1.intermarche.com/pt/Content/images/boitmal/produit/zoom/8A5070D52D8ED141CDE8FC654964DE1F.jpg,,,,2025-04-20T23:59:59.999999999+01:00,PROSPECTUS,3,3,
4974,5601007001110,750.0,Ferreira,"Vinho do porto dona antónia reserva tinto, garrafa de 0.75 l",,11.99,15.99,750,L,€/L,,,https://driveimg1.intermarche.com/pt/Content/images/boitmal/produit/zoom/C29BDC2D1BA32396768E17015110FF18.jpg,,,,2025-04-23T23:59:59.999999999+01:00,PROSPECTUS,3,3,
50970,5604983137415,,Saphir,Perfume Sporting,100 ml,14.99,14.99,0,,€/Unidade,,,https://driveimg1.intermarche.com/pt/Content/images/boitmal/produit/zoom/26A4F2AE17F4A3CB0312568A9F1357FA.jpg,,,,2025-04-23T23:59:59.999999999+01:00,PROSPECTUS,3,3,
50972,8008970036830,,Denim,Conjunto Original,Gel Banho + Desodorizante Spray,8.39,8.39,0,,€/Unidade,,,https://driveimg1.intermarche.com/pt/Content/images/boitmal/produit/zoom/392F6F2D7AD244AD36A5A2EE98AA0C16.jpg,,,,2025-04-23T23:59:59.999999999+01:00,PROSPECTUS,3,3,
51274,5601082048253,,Delta Q,Cápsulas de Café Mythiq XXL Int 15,Embalagem de 60 unidades,17.99,17.99,60,,€/Unidade,,,https://driveimg1.intermarche.com/pt/Content/images/boitmal/produit/zoom/82D8EFDD2FC425C61AA99063E0D6274A.jpg,,,,2025-04-20T23:59:59.999999999+01:00,PROSPECTUS,3,3,
51315,5601252118991,250.0,Gallo,"Vinagre de vinho branco chardonnay, 250 ml",,1.99,7.96,250,L,€/L,,,https://driveimg1.intermarche.com/pt/Content/images/boitmal/produit/zoom/F16DE9E57D34C6B9D68315A7D6746D42.jpg,,,,2025-04-23T23:59:59.999999999+01:00,PROSPECTUS,3,3,
51785,5604260328963,180.0,PorSi,Amêndoas de chocolate Leite e Café,180 g,2.19,12.17,0,kg,€/Kg,,,https://driveimg1.intermarche.com/pt/Content/images/boitmal/produit/zoom/D8CFBFECFA80F80D98A47EB70AE44307.jpg,,,,2025-04-23T23:59:59.999999999+01:00,PROSPECTUS,3,3,
52287,5604260328673,,PorSi Select,Charlotte de Frutos Vermelhos,Embalagem de 500g,5.99,5.99,0,,€/Unidade,,Tipo de stockagem,https://driveimg1.intermarche.com/pt/Content/images/boitmal/produit/zoom/04516726E25B17E3D9A4F2B4AFE057CC.jpg,,,,2025-04-23T23:59:59.999999999+01:00,PROSPECTUS,3,3,
52288,5604260328666,,PorSi Select,Sortido Mini Pâtisserie,Embalagem de 420g,5.99,5.99,0,,€/Unidade,,Tipo de stockagem,https://driveimg1.intermarche.com/pt/Content/images/boitmal/produit/zoom/CD44CC3422974F084E36BFD4BC780240.jpg,,,,2025-04-23T23:59:59.999999999+01:00,PROSPECTUS,3,3,
52797,8711327616332,825.0,Carte DOr,"Gelado brownie chocolate, 825 ml",,3.59,4.35,825,L,€/L,,Tipo de stockagem,https://driveimg1.intermarche.com/pt/Content/images/boitmal/produit/zoom/86933FC9C9D9EA2E9FB58FB8E0DC69F7.jpg,https://driveimg1.intermarche.com/pt/Content/images/boitmal/produit/zoom/89D187521E159B499F9E24CFA10981D6.jpg,https://driveimg1.intermarche.com/pt/Content/images/boitmal/produit/zoom/89D187521E159B499F9E24CFA10981D6.jpg,,2025-04-23T23:59:59.999999999+01:00,PROSPECTUS,3,3,
52895,8720181380648,,Skip,"Detergente Cápsulas Máquina de Roupa Active Clean, 32 doses",,8.99,8.99,32,,€/Unidade,,,https://driveimg1.intermarche.com/pt/Content/images/boitmal/produit/zoom/FCDED2EC28760482A86038FF21792268.jpg,https://driveimg1.intermarche.com/pt/Content/images/boitmal/produit/zoom/AFDAFD11D9A3E06FF9612A9C5A925C33.jpg,https://driveimg1.intermarche.com/pt/Content/images/boitmal/produit/zoom/AFDAFD11D9A3E06FF9612A9C5A925C33.jpg,,2025-04-20T23:59:59.999999999+01:00,PROSPECTUS,3,3,
53098,5609060439758,200.0,Delta,"Mistura Solúvel Cevada, Chicória e Centeio sem Café, 200g",,2.44,12.2,0,kg,€/Kg,,,https://driveimg1.intermarche.com/pt/Content/images/boitmal/produit/zoom/A5B5C4B07F0E84D84C1F9A67C58C5B01.jpg,https://driveimg1.intermarche.com/pt/Content/images/boitmal/produit/zoom/FC3487925D87EA1F223F192FD51689C5.jpg,https://driveimg1.intermarche.com/pt/Content/images/boitmal/produit/zoom/FC3487925D87EA1F223F192FD51689C5.jpg,,2025-04-23T23:59:59.999999999+01:00,PROSPECTUS,3,3,
53302,5000204336221,,Glade,"Ambientador Eléctrico Recarga Dupla Sandalwood, 2 un.",,5.19,5.19,0,,€/Unidade,,,https://driveimg1.intermarche.com/pt/Content/images/boitmal/produit/zoom/AE988967E7978FD1AB9FB99ECF98DB19.jpg,https://driveimg1.intermarche.com/pt/Content/images/boitmal/produit/zoom/8302FCD5338F05E05FFCEB4B2AF0C12C.jpg,https://driveimg1.intermarche.com/pt/Content/images/boitmal/produit/zoom/8302FCD5338F05E05FFCEB4B2AF0C12C.jpg,https://driveimg1.intermarche.com/pt/Content/images/boitmal/produit/zoom/8302FCD5338F05E05FFCEB4B2AF0C12C.jpg,2025-04-20T23:59:59.999999999+01:00,PROSPECTUS,3,3,https://driveimg1.intermarche.com/pt/Content/images/boitmal/produit/zoom/8302FCD5338F05E05FFCEB4B2AF0C12C.jpg
53303,5000204334128,,Glade,"Ambientador Eléctrico Recarga Dupla Vanilla, 2 un.",,5.19,5.19,0,,€/Unidade,,,https://driveimg1.intermarche.com/pt/Content/images/boitmal/produit/zoom/5B811D73CD0E7F1BC797BFD680288F34.jpg,https://driveimg1.intermarche.com/pt/Content/images/boitmal/produit/zoom/1801FAE8A25492DEC1A53462DB0E272F.jpg,https://driveimg1.intermarche.com/pt/Content/images/boitmal/produit/zoom/1801FAE8A25492DEC1A53462DB0E272F.jpg,https://driveimg1.intermarche.com/pt/Content/images/boitmal/produit/zoom/1801FAE8A25492DEC1A53462DB0E272F.jpg,2025-04-20T23:59:59.999999999+01:00,PROSPECTUS,3,3,
53675,5201314107521,100.0,Elode,Perfume Senhora So Lovely,Embalagem de 100ml,7.99,79.9,100,L,€/L,,,https://driveimg1.intermarche.com/pt/Content/images/boitmal/produit/zoom/73B29F06C9771319E165736489454962.jpg,,,,2025-04-23T23:59:59.999999999+01:00,PROSPECTUS,3,3,
53676,5201314107552,100.0,Elode,Perfume Senhora Claire,Embalagem de 100ml,7.99,79.9,100,L,€/L,,,https://driveimg1.intermarche.com/pt/Content/images/boitmal/produit/zoom/38BC6DD7822EE63F1DE609549686EB8E.jpg,,,,2025-04-23T23:59:59.999999999+01:00,PROSPECTUS,3,3,
53677,5201314127314,100.0,Elode,Perfume Homem Bold,Embalagem de 100ml,7.99,79.9,100,L,€/L,,,https://driveimg1.intermarche.com/pt/Content/images/boitmal/produit/zoom/77514DB6657BE1D61FB09B333786D7A9.jpg,,,,2025-04-23T23:59:59.999999999+01:00,PROSPECTUS,3,3,
53678,5201314127321,100.0,Elode,Perfume Homem Acqua Per Uomo,Embalagem de 100ml,7.99,79.9,100,L,€/L,,,https://driveimg1.intermarche.com/pt/Content/images/boitmal/produit/zoom/ED619F526CD07E25C04C700F34C506D6.jpg,,,,2025-04-23T23:59:59.999999999+01:00,PROSPECTUS,3,3,
53679,5201314127338,100.0,Elode,Perfume Homem Voyage,Embalagem de 100ml,7.99,79.9,100,L,€/L,,,https://driveimg1.intermarche.com/pt/Content/images/boitmal/produit/zoom/AB13FF1F231063D7B99DA820D36F55AB.jpg,,,,2025-04-23T23:59:59.999999999+01:00,PROSPECTUS,3,3,
53680,5201314127345,100.0,Elode,Perfume Homem Intense,Embalagem de 100ml,7.99,79.9,100,L,€/L,,,https://driveimg1.intermarche.com/pt/Content/images/boitmal/produit/zoom/914D567AE9D4AFC41779A47D9CF2C2D4.jpg,,,,2025-04-23T23:59:59.999999999+01:00,PROSPECTUS,3,3,
53681,5201314127352,100.0,Elode,Perfume Homem Rich,Embalagem de 100ml,7.99,79.9,100,L,€/L,,,https://driveimg1.intermarche.com/pt/Content/images/boitmal/produit/zoom/EA8818309D92A9C0D5F9CE7828E6C2D0.jpg,,,,2025-04-23T23:59:59.999999999+01:00,PROSPECTUS,3,3,
53682,5201314128663,100.0,Elode,Perfume Senhora Life is a Dream,Embalagem de 100ml,7.99,79.9,100,L,€/L,,,https://driveimg1.intermarche.com/pt/Content/images/boitmal/produit/zoom/E56F8D1987997DD0215EE469948C49D8.jpg,,,,2025-04-23T23:59:59.999999999+01:00,PROSPECTUS,3,3,
53685,5201314145233,100.0,Elode,Perfume Senhora Woman,Embalagem de 100ml,7.99,79.9,100,L,€/L,,,https://driveimg1.intermarche.com/pt/Content/images/boitmal/produit/zoom/94191ADA3AB734EEAE64A70F6F092E15.jpg,,,,2025-04-23T23:59:59.999999999+01:00,PROSPECTUS,3,3,
53686,5201314145240,100.0,Elode,Perfume Senhora J'Aime,Embalagem de 100ml,7.99,79.9,100,L,€/L,,,https://driveimg1.intermarche.com/pt/Content/images/boitmal/produit/zoom/3CF285D33AB6CCE0307912773D70EE30.jpg,,,,2025-04-23T23:59:59.999999999+01:00,PROSPECTUS,3,3,
5395,5601262301253,700.0,CRF,Aguardente velha reserva,Garrafa de 700 ml,18.39,26.27,700,L,€/L,,,https://driveimg1.intermarche.com/pt/Content/images/boitmal/produit/zoom/C78F470944FA262CEE4DFEECA35A6870.jpg,,,,2025-04-23T23:59:59.999999999+01:00,PROSPECTUS,3,3,
54323,8720181532245,760.0,Comfort,"Intensificador perfume frescura, 760ml",,3.49,4.59,760,L,€/L,,,https://driveimg1.intermarche.com/pt/Content/images/boitmal/produit/zoom/1304A0F0EDE93520712345DF68DA6514.jpg,,,,2025-04-20T23:59:59.999999999+01:00,PROSPECTUS,3,3,
54379,8720181462504,,Skip,"Detergente Máquina Roupa Cápsulas Ultimate Sensitive, 60D",,14.99,14.99,0,,€/Unidade,,,https://driveimg1.intermarche.com/pt/Content/images/boitmal/produit/zoom/079962508D2A5194D3590A03F51BA245.jpg,,,,2025-04-20T23:59:59.999999999+01:00,PROSPECTUS,3,3,
5445,5601332000406,750.0,Ramos Pinto,"Vinho do porto lágrima branco, garrafa de 750 ml",,10.99,14.65,750,L,€/L,,,https://driveimg1.intermarche.com/pt/Content/images/boitmal/produit/zoom/079F5F4087D7427D8F3F13440C85C352.jpg,,,,2025-04-23T23:59:59.999999999+01:00,PROSPECTUS,3,3,
54489,5000204334005,,Glade,"Ambientador Glade Eléctrico Recarga Dupla Clean Linen, 2un.",,5.19,5.19,0,,€/Unidade,,,https://driveimg1.intermarche.com/pt/Content/images/boitmal/produit/zoom/29623DA3966524AF66CDB5FC2B4429EE.jpg,,,,2025-04-20T23:59:59.999999999+01:00,PROSPECTUS,3,3,
54491,5000204334333,,Glade,"Ambientador Recarga Elétrico Lavanda E Aloe Vera, 2un.",,5.19,5.19,0,,€/Unidade,,,https://driveimg1.intermarche.com/pt/Content/images/boitmal/produit/zoom/0E80C06C640A233C34457F79E1574C94.jpg,https://driveimg1.intermarche.com/pt/Content/images/boitmal/produit/zoom/21B455677BA64C9D734A4DAEB7033F1B.jpg,,,2025-04-20T23:59:59.999999999+01:00,PROSPECTUS,3,3,
54618,8720181513954,,Skip,"Detergente máquina roupa cápsulas ultimate sabão natural, 40d",,8.99,8.99,40,,€/Unidade,,,https://driveimg1.intermarche.com/pt/Content/images/boitmal/produit/zoom/A91E1362A0AC7884B4F8AE9DE21BA3DE.jpg,,,,2025-04-20T23:59:59.999999999+01:00,PROSPECTUS,3,3,
54644,8720181542138,2520.0,Skip,"Detergente roupa máquina liquído active clean, 56d",,9.99,3.96,2520,L,€/L,,,https://driveimg1.intermarche.com/pt/Content/images/boitmal/produit/zoom/4D20571724B1CCCF315FD1692FF93001.jpg,,,,2025-04-20T23:59:59.999999999+01:00,PROSPECTUS,3,3,
54667,5607425500020,750.0,Altano,"Vinho tinto doc douro, 0.75l",,13.49,17.99,750,L,€/L,,,https://driveimg1.intermarche.com/pt/Content/images/boitmal/produit/zoom/290C9B7AE8EC771C449C0D9151947F25.jpg,,,,2025-04-23T23:59:59.999999999+01:00,PROSPECTUS,3,3,
54838,8720181544804,460.0,Comfort,"Intensificador Perfume Pérolas Brisa Celestial, 460ml",,5.99,13.02,460,L,€/L,,,https://driveimg1.intermarche.com/pt/Content/images/boitmal/produit/zoom/5F9124359A9CAE01CEDFF95B23F9DCDA.jpg,,,,2025-04-20T23:59:59.999999999+01:00,PROSPECTUS,3,3,
54839,8720181544811,460.0,Comfort,"Intensificador Perfume Pérolas Flores de Primavera, 460ml",,5.99,13.02,460,L,€/L,,,https://driveimg1.intermarche.com/pt/Content/images/boitmal/produit/zoom/15741459F81B6A676B7C2C3F72863D90.jpg,,,,2025-04-20T23:59:59.999999999+01:00,PROSPECTUS,3,3,
54840,8720181536991,,Skip,"Detergente Máquina Roupa Líquido Ciclos Curtos Antiodor Express, 54D",,9.99,9.99,0,,€/Unidade,,,https://driveimg1.intermarche.com/pt/Content/images/boitmal/produit/zoom/C47A35D3E1DEDAD7D0B82ED95D5A0CA8.jpg,,,,2025-04-20T23:59:59.999999999+01:00,PROSPECTUS,3,3,
54841,8720181536977,,Skip,"Detergente Máquina Roupa Líquido Ciclos Curtos Eficácia Express, 54D",,9.99,9.99,0,,€/Unidade,,,https://driveimg1.intermarche.com/pt/Content/images/boitmal/produit/zoom/36CE943074EB52B9FEFCB8ABDDE587DE.jpg,,,,2025-04-20T23:59:59.999999999+01:00,PROSPECTUS,3,3,
54940,8718951684843,75.0,Colgate,"Pasta De Dentes Proteção Total Original, 75ml",,2.89,38.53,75,L,€/L,,,https://driveimg1.intermarche.com/pt/Content/images/boitmal/produit/zoom/66AFC6134E46048C2E2D7FCFD43078FF.jpg,,,,2025-04-20T23:59:59.999999999+01:00,PROSPECTUS,3,3,
55004,8720181542152,2520.0,Skip,"Detergente Máquina Roupa Líquido Active Fresh, 56D",,9.99,3.96,2520,L,€/L,,,https://driveimg1.intermarche.com/pt/Content/images/boitmal/produit/zoom/A555122EEA1277E7DFB8AE1B6D66457A.jpg,,,,2025-04-20T23:59:59.999999999+01:00,PROSPECTUS,3,3,
55005,8720181519161,2800.0,Skip,"Detergente Máquina Roupa Pó Active Clean, 56D",,11.99,4.28,0,kg,€/Kg,,,https://driveimg1.intermarche.com/pt/Content/images/boitmal/produit/zoom/4C9F722309C33286502DDFA92799B62A.jpg,,,,2025-04-20T23:59:59.999999999+01:00,PROSPECTUS,3,3,
55063,5601332008624,750.0,Duas Quintas,"Vinho tinto doc douro, 0,75 l",,13.55,18.07,750,L,€/L,,,https://driveimg1.intermarche.com/pt/Content/images/boitmal/produit/zoom/AF8272BEE4C07EFC28BC27AA42563450.jpg,,,,2025-04-23T23:59:59.999999999+01:00,PROSPECTUS,3,3,
55106,8711327638259,300.0,Magnum,"Gelado Chocolate Clássico, 3 x 100ml",,2.99,9.97,300,L,€/L,,Tipo de stockagem,https://driveimg1.intermarche.com/pt/Content/images/boitmal/produit/zoom/71D76EEA6DF0C81B27DA80DC4DB27EDF.jpg,,,,2025-04-20T23:59:59.999999999+01:00,PROSPECTUS,3,3,
55188,8711327618428,825.0,Carte d'or,"Gelado Baunilha Pecan Les Desserts, 825ml",,3.59,4.35,825,L,€/L,,Tipo de stockagem,https://driveimg1.intermarche.com/pt/Content/images/boitmal/produit/zoom/08571CB2AC6E14D50DDB3E1CA2FA4D66.jpg,,,,2025-04-23T23:59:59.999999999+01:00,PROSPECTUS,3,3,
55317,5601809017258,750.0,Riberalves,"Postas do Lombo de Bacalhau 4 Meses de Cura MSC Ultracongelado, 750g",,14.99,19.99,0,kg,€/Kg,,Tipo de stockagem,https://driveimg1.intermarche.com/pt/Content/images/boitmal/produit/zoom/3EF65A98E369EBAA72C7B97185D84C40.jpg,,,,2025-04-23T23:59:59.999999999+01:00,PROSPECTUS,3,3,
5568,5602042100707,700.0,Licor Beirão,"Licor, garrafa de 700 ml",,11.99,17.13,700,L,€/L,,,https://driveimg1.intermarche.com/pt/Content/images/boitmal/produit/zoom/07C8FF4320A08C5A6B4CACC9EE87EA83.jpg,,,,2025-04-20T23:59:59.999999999+01:00,PROSPECTUS,3,3,
6315,8410063055923,800.0,Pescanova,"Camarão moçambique 48/64, embalagem de 800g",,16.99,21.24,0,kg,€/Kg,,Tipo de stockagem,https://driveimg1.intermarche.com/pt/Content/images/boitmal/produit/zoom/85CC3B8F2E9B3BFD78B9D6D509C7D56E.jpg,,,,2025-04-23T23:59:59.999999999+01:00,PROSPECTUS,3,3,
7294,3147690031505,750.0,Cruz,Vinho do Porto 10 anos,"Garrafa de 0,75L c/ Caixa de Madeira",14.99,19.99,750,L,€/L,,,https://driveimg1.intermarche.com/pt/Content/images/boitmal/produit/zoom/1181D8EB3D08B8C6302F46C2B8E91B32.jpg,,,,2025-04-23T23:59:59.999999999+01:00,PROSPECTUS,3,3,
7946,5000174003413,50.0,Old Spice,"Desodorizante stick, white water",Garrafa de 50 ml,3.49,69.8,50,L,€/L,,,https://driveimg1.intermarche.com/pt/Content/images/boitmal/produit/zoom/3A1DB0F59F2D4CF44A49BD3714BFB3AF.jpg,,,,2025-04-23T23:59:59.999999999+01:00,PROSPECTUS,3,3,
7947,5000174003451,50.0,Old Spice,Desodorizante stick original,50 ml,3.49,69.8,50,L,€/L,,,https://driveimg1.intermarche.com/pt/Content/images/boitmal/produit/zoom/7BBC64CF59589DD936C63815B3E0F179.jpg,,,,2025-04-23T23:59:59.999999999+01:00,PROSPECTUS,3,3,
8066,5011321772335,100.0,Old Spice,After shave loção,100 ml,6.99,69.9,100,L,€/L,,,https://driveimg1.intermarche.com/pt/Content/images/boitmal/produit/zoom/6744F462EE52A730D032C4CEC797E84E.jpg,,,,2025-04-23T23:59:59.999999999+01:00,PROSPECTUS,3,3,
8261,5600394180033,750.0,Herdade dos Grous,"Vinho branco alentejo, garrafa de 750 ml",,11.99,15.99,750,L,€/L,,,https://driveimg1.intermarche.com/pt/Content/images/boitmal/produit/zoom/C96B4FF957DEE67D51F5C5394B71D003.jpg,,,,2025-04-20T23:59:59.999999999+01:00,PROSPECTUS,3,3,
8809,5601252107179,250.0,Gallo,"Vinagre sidra, 250ml",,1.69,6.76,250,L,€/L,,,https://driveimg1.intermarche.com/pt/Content/images/boitmal/produit/zoom/29CFC4BAC1385878FA06A6A385C70C3C.jpg,,,,2025-04-23T23:59:59.999999999+01:00,PROSPECTUS,3,3,
9200,5602527029912,200.0,Palhais,"Queijo de cabra, embalagem de 200g",,3.99,19.95,0,kg,€/Kg,,,https://driveimg1.intermarche.com/pt/Content/images/boitmal/produit/zoom/6E7F7A266DF4B4651FFCB2E4FE22AC7B.jpg,,,,2025-04-23T23:59:59.999999999+01:00,PROSPECTUS,3,3,
