identifier,produitEan13,capacite,marque,libelle,conditionnement,prix,unitPrice,volume,typeProduit_uniteByCode,unit_value,pictogrammes_0,pictogrammes_libelleCategorie,images_0,images_1,images_2,images_3,images_4,avantages_dateFin,avantages_categorie,nro_paginas,page,images_5,images_6
12994,2892524000000,100.0,Legumes,Cenoura Granel,1 un = 100 gr (aprox.),0.09,0.89,0,,€/Kg,,,https://driveimg1.intermarche.com/pt/Content/images/boitmal/produit/zoom/5AEDEF3ED6ABEF24EACEE9C46AA7916F.jpg,,,,,2025-06-18T23:59:59.999999999+01:00,PROSPECTUS,13,1,,
927,5601001180903,380.0,Nestlé,Cereais chocapic,Embalagem de 375 g,2.39,6.29,0,kg,€/Kg,,,https://driveimg1.intermarche.com/pt/Content/images/boitmal/produit/zoom/EA69C754779AF0C6F4DD36E6F3A8C272.jpg,,,,,2025-06-18T23:59:59.999999999+01:00,PROSPECTUS,13,1,,
1035,5601045105313,6000.0,Serra da estrela,"Água mineral sem gás, pack 4 x 1.5 l",,1.79,0.3,6000,L,€/L,,,https://driveimg1.intermarche.com/pt/Content/images/boitmal/produit/zoom/0358268AAE386D7F610EBE003FAAE9E0.jpg,,,,,2025-06-18T23:59:59.999999999+01:00,PROSPECTUS,13,1,,
11688,5601244202318,200.0,Terra Nostra,"Queijo flamengo em fatias, embalagem de 200g",,2.29,11.45,0,kg,€/Kg,,,https://driveimg1.intermarche.com/pt/Content/images/boitmal/produit/zoom/3C8EE0938E0D052FB03D54FC94FFA0EF.jpg,,,,,2025-06-18T23:59:59.999999999+01:00,PROSPECTUS,13,1,,
13914,2891225000000,350.0,Frango,Perna com Costa,1 un. = 300 g (aprox.),0.8,2.29,0,,€/Kg,,,https://driveimg1.intermarche.com/pt/Content/images/boitmal/produit/zoom/D1297D1CD095629263E582A65B4C3857.jpg,,,,,2025-06-18T23:59:59.999999999+01:00,PROSPECTUS,13,1,,
32402,4005900542557,50.0,Nivea,"Desodorizante roll on black & white invisible silky smooth, 50 ml",,3.14,62.8,50,L,€/L,,,https://driveimg1.intermarche.com/pt/Content/images/boitmal/produit/zoom/38BC337DF80EFF7BB0EAAC1C90FD7BD0.jpg,,,,,2025-06-18T23:59:59.999999999+01:00,PROSPECTUS,13,1,,
17402,8412600027233,700.0,Bimbo,Pão forma familiar normal,embalagem de 700 g,1.99,2.84,0,kg,€/Kg,,,https://driveimg1.intermarche.com/pt/Content/images/boitmal/produit/zoom/BD26753EF23D0DF0FDC14FCDC181B902.jpg,,,,,2025-06-18T23:59:59.999999999+01:00,PROSPECTUS,13,1,,
53469,5601028019941,,Renova,Rolo Cozinha Máxima Absorção Extra XXL,Embalagem de 2 unidades,1.98,1.98,2,,€/Unidade,,,https://driveimg1.intermarche.com/pt/Content/images/boitmal/produit/zoom/F4A90C9D477EA88B96B77E4FB64FF1F5.jpg,,,,,2025-06-18T23:59:59.999999999+01:00,PROSPECTUS,13,1,,
12972,2892040000000,200.0,Fruta,Banana,1 un = 200 gr (aprox.),0.2,0.99,0,,€/Kg,,,https://driveimg1.intermarche.com/pt/Content/images/boitmal/produit/zoom/1515327A77B72426B2932390DFBE18E5.jpg,,,,,2025-06-18T23:59:59.999999999+01:00,PROSPECTUS,13,1,,
21577,5602947000713,750.0,Quinta da Pacheca,Vinho rosé doc douro,Garrafa de 750 ml,5.49,7.32,750,L,€/L,,,https://driveimg1.intermarche.com/pt/Content/images/boitmal/produit/zoom/99C3E3FF1B0370B7F352668571EDA823.jpg,,,,,2025-06-25T23:59:59.999999999+01:00,PROSPECTUS,13,1,,
18840,8410136003448,400.0,Pedigree,"Alimento húmido para cão saquetas, 4x 100g",,2.46,6.15,0,kg,€/Kg,,,https://driveimg1.intermarche.com/pt/Content/images/boitmal/produit/zoom/961527F12ADB8A4ECF23743154D781CF.jpg,,,,,2025-06-18T23:59:59.999999999+01:00,PROSPECTUS,13,1,,
2459,7613031497096,400.0,Nestlé,"Fruta para bebé maçã pera +4 meses, embalagem de 4 x 100g",,2.24,5.6,0,kg,€/Kg,,,https://driveimg1.intermarche.com/pt/Content/images/boitmal/produit/zoom/A3657AC5DA61941E17EE1AD603103EE0.jpg,,,,,2025-06-18T23:59:59.999999999+01:00,PROSPECTUS,13,1,,
24393,5601028000352,,Renova,Guardanapos Red Label 1 folha |Branco,Dim: 30x32cm |70 unidades,0.65,0.65,0,,€/Unidade,,,https://driveimg1.intermarche.com/pt/Content/images/boitmal/produit/zoom/8EB475C9EAB7F71BAD24D03BE60490C5.jpg,,,,,2025-06-18T23:59:59.999999999+01:00,PROSPECTUS,13,1,,
5894,5604260227570,6000.0,Kings Bräu,Cerveja Mini,pack 24 x 0.25 l,8.59,1.43,6000,L,€/L,,,https://driveimg1.intermarche.com/pt/Content/images/boitmal/produit/zoom/5DEA580DD99DE706787081D6054A670F.jpg,,,,,2025-06-25T23:59:59.999999999+01:00,PROSPECTUS,13,1,,
18595,8410500016012,400.0,Danonino Danone,"Iogurte líquido danonino morango, embalagem de 4 x 100g",,2.09,5.23,0,kg,€/Kg,,,https://driveimg1.intermarche.com/pt/Content/images/boitmal/produit/zoom/00E1EF11C0C6DBF4F5207E20D5392DA2.jpg,,,,,2025-06-18T23:59:59.999999999+01:00,PROSPECTUS,13,1,,
48426,4005900845702,50.0,Nivea Men,"Desodorizante roll on cool kick, 50 ml",,2.69,53.8,50,L,€/L,,,https://driveimg1.intermarche.com/pt/Content/images/boitmal/produit/zoom/9A906FA410C547B80F0C3BC1C3C86CB6.jpg,,,,,2025-06-18T23:59:59.999999999+01:00,PROSPECTUS,13,1,,
2518,7613033814693,400.0,Nestlé,"Fruta para bebé 7 frutos +6 meses, embalagem de 4 x 100g",,2.24,5.6,0,kg,€/Kg,,,https://driveimg1.intermarche.com/pt/Content/images/boitmal/produit/zoom/18CF4010C8E037B64FBADB6A5A35AF8F.jpg,,,,,2025-06-18T23:59:59.999999999+01:00,PROSPECTUS,13,1,,
56082,8711327678194,248.0,Ola,"Gelado Filipinos Stick, 4x62ml",,1.99,8.02,248,L,€/L,,Tipo de stockagem,https://driveimg1.intermarche.com/pt/Content/images/boitmal/produit/zoom/68B3CA6E1EFE261914DA50409C5109C5.jpg,,,,,2025-06-18T23:59:59.999999999+01:00,PROSPECTUS,13,1,,
31516,8435257039107,1280.0,Nestlé,"Yoggi liquido morango, embalagem de 8x160g",,3.89,3.04,0,kg,€/Kg,,,https://driveimg1.intermarche.com/pt/Content/images/boitmal/produit/zoom/919C3780A665F064AD1803A3631A5911.jpg,,,,,2025-06-18T23:59:59.999999999+01:00,PROSPECTUS,13,1,,
14879,2696313000000,,Pastelaria,Croissant Brioche 85 g,,0.59,0.59,0,,€/Unidade,,,https://driveimg1.intermarche.com/pt/Content/images/boitmal/produit/zoom/53A872BBC45BBDDAC9749CC51F8CB1EC.jpg,,,,,2025-06-18T23:59:59.999999999+01:00,PROSPECTUS,13,1,,
13833,2892579000000,300.0,Legumes,Pepino,1 un = 300 gr  (aprox.),0.3,0.99,0,,€/Kg,,,https://driveimg1.intermarche.com/pt/Content/images/boitmal/produit/zoom/BD2734BFC4704D52A466FC85B929304E.jpg,,,,,2025-06-18T23:59:59.999999999+01:00,PROSPECTUS,13,1,,
4987,5601012115505,750.0,Planalto,"Vinho doc douro branco, garrafa de 0.75 l",,3.99,5.32,750,L,€/L,,,https://driveimg1.intermarche.com/pt/Content/images/boitmal/produit/zoom/D4AD0E54C5A44C41C52E5EE1F77D08EB.jpg,,,,,2025-06-25T23:59:59.999999999+01:00,PROSPECTUS,13,1,,
24921,5604260281855,500.0,PorSi,Massas espirais tricolores,Embalagem 500G,0.79,1.58,0,kg,€/Kg,,,https://driveimg1.intermarche.com/pt/Content/images/boitmal/produit/zoom/5CE58905BD4CA1FD470803CD9B488D04.jpg,,,,,2025-06-18T23:59:59.999999999+01:00,PROSPECTUS,13,1,,
12909,2892005000000,250.0,Fruta,Laranja Económica,1 un = 250 gr  (aprox.),0.3,1.19,0,,€/Kg,,,https://driveimg1.intermarche.com/pt/Content/images/boitmal/produit/zoom/67E13FD34B36BCD37E12339EB836171D.jpg,,,,,2025-06-18T23:59:59.999999999+01:00,PROSPECTUS,13,1,,
8383,5601049132995,1000.0,Mimosa,"Leite uht meio gordo, embalagem de 1litro",,0.9,0.9,1000,L,€/L,,,https://driveimg1.intermarche.com/pt/Content/images/boitmal/produit/zoom/6FB52C843F677BD37D399D45BB10B38B.jpg,https://driveimg1.intermarche.com/pt/Content/images/boitmal/produit/zoom/AE810093A08CEBD60415DCC626CF5804.jpg,https://driveimg1.intermarche.com/pt/Content/images/boitmal/produit/zoom/A0562293538F541B1B99592AA046327B.jpg,,,2025-06-18T23:59:59.999999999+01:00,PROSPECTUS,13,1,,
8396,5601049614330,250.0,Milhafre,"Manteiga com sal, embalagem de 250g",,2.19,8.76,0,kg,€/Kg,,,https://driveimg1.intermarche.com/pt/Content/images/boitmal/produit/zoom/8DCB9F2F3B36086D35B7173891ABA268.jpg,,,,,2025-06-18T23:59:59.999999999+01:00,PROSPECTUS,13,1,,
13950,2891145000000,100.0,Porco,Salsicha Fresca,1 un = 100 gr (aprox.),0.55,5.49,0,,€/Kg,,,https://driveimg1.intermarche.com/pt/Content/images/boitmal/produit/zoom/2E1CED7EDF010F56C2BF0E6CDF74D52B.jpg,,,,,2025-06-18T23:59:59.999999999+01:00,PROSPECTUS,13,1,,
13837,2891004000000,250.0,Novilho,Bife da Alcatra,1 un = 250 gr (aprox.),3.87,15.49,0,,€/Kg,,,https://driveimg1.intermarche.com/pt/Content/images/boitmal/produit/zoom/A1261F0753456302B40795580AFBE044.jpg,,,,,2025-06-18T23:59:59.999999999+01:00,PROSPECTUS,13,1,,
13893,2891043000000,1000.0,Porco,Entrecosto,Vendido ao peso a partir de 1 kg,4.99,4.99,0,,€/Kg,,,https://driveimg1.intermarche.com/pt/Content/images/boitmal/produit/zoom/AA05EE99D302D59771FCC108473E0700.jpg,,,,,2025-06-18T23:59:59.999999999+01:00,PROSPECTUS,13,1,,
13894,2891044000000,1000.0,Porco,Entremeada sem Entrecosto,Vendido ao peso a partir de 1 kg,4.49,4.49,0,,€/Kg,,,https://driveimg1.intermarche.com/pt/Content/images/boitmal/produit/zoom/033DDCE7C7F9A9CD99F0A4BEB2F74462.jpg,,,,,2025-06-18T23:59:59.999999999+01:00,PROSPECTUS,13,1,,
22942,5604260280957,130.0,PorSi Viva Bem,Tortitas de milho com sal,Embalagem de 130g,0.79,6.08,0,kg,€/Kg,,,https://driveimg1.intermarche.com/pt/Content/images/boitmal/produit/zoom/562B6DCDAFB6B157FF55E2CE5C354748.jpg,,,,,2025-06-18T23:59:59.999999999+01:00,PROSPECTUS,13,1,,
989,5601029004014,120.0,Bom Petisco,"Atum posta em óleo, embalagem de 120g",,1.05,8.75,0,kg,€/Kg,,,https://driveimg1.intermarche.com/pt/Content/images/boitmal/produit/zoom/0EDE399096BE62933DCF2A734D746C1A.jpg,,,,,2025-06-18T23:59:59.999999999+01:00,PROSPECTUS,13,1,,
13817,2892582000000,250.0,Legumes,Pimento Verde,1 un = 250 gr  (aprox.),0.62,2.49,0,,€/Kg,,,https://driveimg1.intermarche.com/pt/Content/images/boitmal/produit/zoom/65E0131049B6BD4E669549F70B795EC0.jpg,,,,,2025-06-18T23:59:59.999999999+01:00,PROSPECTUS,13,1,,
13866,2891048000000,1000.0,Porco,Bifanas,Vendido ao peso a partir de 1 kg,4.49,4.49,0,,€/Kg,,,https://driveimg1.intermarche.com/pt/Content/images/boitmal/produit/zoom/72DE0DA6B485199AC995C629E3E4D279.jpg,,,,,2025-06-18T23:59:59.999999999+01:00,PROSPECTUS,13,1,,
1834,5604260034505,500.0,PorSi,Batata frita palha,Embalagem de 500g,2.58,5.16,0,kg,€/Kg,,,https://driveimg1.intermarche.com/pt/Content/images/boitmal/produit/zoom/C01ACEDAC47CBE95FC31DF87E03A78AD.jpg,,,,,2025-06-18T23:59:59.999999999+01:00,PROSPECTUS,13,1,,
34876,5604260285488,1500.0,PorSi,Maçã starking categoria II Programa Origens,Embalagem de 1.5 kg,1.89,1.26,0,kg,€/Kg,,,https://driveimg1.intermarche.com/pt/Content/images/boitmal/produit/zoom/AA6B73374DD1E7B1436CB2F99D3B721B.jpg,,,,,2025-06-18T23:59:59.999999999+01:00,PROSPECTUS,13,1,,
9292,5603722493812,250.0,Matinal,"Manteiga magra, embalagem de 250g",,2.49,9.96,0,kg,€/Kg,,,https://driveimg1.intermarche.com/pt/Content/images/boitmal/produit/zoom/AA91DFCE88DA98DA1BB05E606B3C1FF9.jpg,,,,,2025-06-18T23:59:59.999999999+01:00,PROSPECTUS,13,1,,
11961,5603722505607,1000.0,Mimosa,"Leite sem lactose meio gordo, de 1l",,1.29,1.29,1000,L,€/L,,,https://driveimg1.intermarche.com/pt/Content/images/boitmal/produit/zoom/A98ED8A0E5E675A3AC1A551BCE75B0AB.jpg,https://driveimg1.intermarche.com/pt/Content/images/boitmal/produit/zoom/4E57BFE09E8D859BDBE1705476BB9F1B.jpg,https://driveimg1.intermarche.com/pt/Content/images/boitmal/produit/zoom/E1F70144AAFCC0EAEBFF05614177D009.jpg,,,2025-06-18T23:59:59.999999999+01:00,PROSPECTUS,13,1,,
1326,5601164113701,500.0,Super Bock,"Cerveja com álcool, lata, garrafa de 500 ml",,0.85,1.7,500,L,€/L,,,https://driveimg1.intermarche.com/pt/Content/images/boitmal/produit/zoom/0AB2770B97F8A4B3E443129A7F4E33FA.jpg,,,,,2025-06-25T23:59:59.999999999+01:00,PROSPECTUS,13,1,,
17229,5602125000160,300.0,Legumes,"Cogumelo branco, embalagem de 300g",,1.49,4.97,0,kg,€/Kg,,,https://driveimg1.intermarche.com/pt/Content/images/boitmal/produit/zoom/66BAD1DC458E812967002A5594A14E2C.jpg,,,,,2025-06-18T23:59:59.999999999+01:00,PROSPECTUS,13,1,,
1819,5604260031634,150.0,PorSi,"Bolachas starship tradicional, 150g",,1.19,7.93,0,kg,€/Kg,,,https://driveimg1.intermarche.com/pt/Content/images/boitmal/produit/zoom/CABC3D20B1CC9C514379C2FAC0BED85E.jpg,,,,,2025-06-18T23:59:59.999999999+01:00,PROSPECTUS,13,1,,
24838,5601164903722,7500.0,Super Bock,"Cerveja com álcool, pack 30 x 0.25 l",,13.85,1.85,7500,L,€/L,,,https://driveimg1.intermarche.com/pt/Content/images/boitmal/produit/zoom/F70F225DD8BCAD2EFB4E63DAAFD05BBF.jpg,,,,,2025-06-25T23:59:59.999999999+01:00,PROSPECTUS,13,1,,
36775,5604260287383,200.0,PorSi,Leite UHT Meio Gordo,Embalagem de 200 ml,0.31,1.55,200,L,€/L,,,https://driveimg1.intermarche.com/pt/Content/images/boitmal/produit/zoom/280FC2C095AD3476C4E3F8BDB2D85188.jpg,,,,,2025-06-18T23:59:59.999999999+01:00,PROSPECTUS,13,1,,
45711,5604260316441,250.0,PorSi,Gressinos finos,Embalagem de 250g,1.69,6.76,0,kg,€/Kg,,,https://driveimg1.intermarche.com/pt/Content/images/boitmal/produit/zoom/48B41D29F4D14778DB7926F419FC02DD.jpg,https://driveimg1.intermarche.com/pt/Content/images/boitmal/produit/zoom/FA72DE3E3C3457F7113B05300195D76D.jpg,https://driveimg1.intermarche.com/pt/Content/images/boitmal/produit/zoom/FA72DE3E3C3457F7113B05300195D76D.jpg,https://driveimg1.intermarche.com/pt/Content/images/boitmal/produit/zoom/FA72DE3E3C3457F7113B05300195D76D.jpg,https://driveimg1.intermarche.com/pt/Content/images/boitmal/produit/zoom/FA72DE3E3C3457F7113B05300195D76D.jpg,2025-06-25T23:59:59.999999999+01:00,PROSPECTUS,13,1,,
10095,8435257040899,640.0,Nestlé,"Iogurte líquido yoggi morango, embalagem de 4 x 160g",,1.99,3.11,0,kg,€/Kg,,,https://driveimg1.intermarche.com/pt/Content/images/boitmal/produit/zoom/BCBB1C4518CDF8045B46EB41CD173E54.jpg,,,,,2025-06-18T23:59:59.999999999+01:00,PROSPECTUS,13,1,,
1195,5601119230224,650.0,Nobre,"Salsichas extra suculentas, frasco de 650 g",,2.09,3.22,0,kg,€/Kg,,,https://driveimg1.intermarche.com/pt/Content/images/boitmal/produit/zoom/F74C2FC7C8B9C0B3ED0E43FFE3B59991.jpg,,,,,2025-06-18T23:59:59.999999999+01:00,PROSPECTUS,13,1,,
15767,2892306000000,150.0,Fruta,Pêssego Vermelho Paraguaio,1 un = 150 gr (aprox.),0.45,2.99,0,,€/Kg,,,https://driveimg1.intermarche.com/pt/Content/images/boitmal/produit/zoom/E985AD8FF876DA419791D2BAC514FA7F.jpg,,,,,2025-06-18T23:59:59.999999999+01:00,PROSPECTUS,13,1,,
20434,5601244500063,1000.0,Terra Nostra,"Leite de pastagem meio gordo, embalagem de 1litro",,0.91,0.91,1000,L,€/L,,,https://driveimg1.intermarche.com/pt/Content/images/boitmal/produit/zoom/2F15C65373BE6E3E66B7AB63273FD2E6.jpg,https://driveimg1.intermarche.com/pt/Content/images/boitmal/produit/zoom/E82125FE177156A16B33D08208F11D7F.jpg,,,,2025-06-18T23:59:59.999999999+01:00,PROSPECTUS,13,1,,
29248,5000204802689,400.0,Raid,Insecticida Casa e Plantas,400 ml,4.79,11.98,400,L,€/L,,,https://driveimg1.intermarche.com/pt/Content/images/boitmal/produit/zoom/D9BDB5EC6E253EBB459466D1BE77CC12.jpg,,,,,2025-08-06T23:59:59.999999999+01:00,PROSPECTUS,13,1,,
34819,5604260287086,200.0,PorSi,Pistachios com sal,Embalagem de 200g,3.79,18.95,0,kg,€/Kg,,,https://driveimg1.intermarche.com/pt/Content/images/boitmal/produit/zoom/0CE106296003E8E1ADB82DF0A039F9E5.jpg,,,,,2025-06-25T23:59:59.999999999+01:00,PROSPECTUS,13,1,,
40578,5604260299997,1000.0,PorSi,"Camarão cozido 50/70, 1 kg",,9.99,9.99,0,kg,€/Kg,,,https://driveimg1.intermarche.com/pt/Content/images/boitmal/produit/zoom/F77F2719F75EC4D041ACF0F09BF45879.jpg,,,,,2025-06-25T23:59:59.999999999+01:00,PROSPECTUS,13,1,,
42033,5604260302949,400.0,PorSi,Comida húmida para gato carnes e legumes com molho,Embalagem de 4 x 100 g,1.79,4.48,0,kg,€/Kg,,,https://driveimg1.intermarche.com/pt/Content/images/boitmal/produit/zoom/E1477336C06998BA798DC88B8101DB0F.jpg,,,,,2025-06-18T23:59:59.999999999+01:00,PROSPECTUS,13,1,,
44324,2892266000000,150.0,Fruta,Nectarina,1 un = 150 gr (aprox.),0.45,2.99,0,,€/Kg,,,https://driveimg1.intermarche.com/pt/Content/images/boitmal/produit/zoom/16DB971D495A2E1F69D261C5E2C64256.jpg,,,,,2025-06-18T23:59:59.999999999+01:00,PROSPECTUS,13,1,,
47648,5601119355378,120.0,Nobre,"Fiambre perna extra braseado finissimas, embalagem de 120g",,1.89,15.75,0,kg,€/Kg,,,https://driveimg1.intermarche.com/pt/Content/images/boitmal/produit/zoom/A268D38DBDCD3538A067D252174C096B.jpg,,,,,2025-06-18T23:59:59.999999999+01:00,PROSPECTUS,13,1,,
49215,5604260322800,,PorSi,Detergente líquido máquina roupa sabão natural,40 doses,3.3,3.3,0,,€/Unidade,,,https://driveimg1.intermarche.com/pt/Content/images/boitmal/produit/zoom/1050941D8226F2FD6BB56637BBE1285A.jpg,,,,,2025-06-18T23:59:59.999999999+01:00,PROSPECTUS,13,1,,
5119,5601066200073,1000.0,Nacional,Farinha p/ bolos extra fina,Embalagem de 1 kg,1.04,1.04,0,kg,€/Kg,,,https://driveimg1.intermarche.com/pt/Content/images/boitmal/produit/zoom/CAC064713C07BACF659239959FBD0E0D.jpg,,,,,2025-06-18T23:59:59.999999999+01:00,PROSPECTUS,13,1,,
52601,5601217137944,1710.0,Quanto,"Amaciador roupa concentrado rubi e jasmim, 95 doses",,3.99,2.33,1710,L,€/L,,,https://driveimg1.intermarche.com/pt/Content/images/boitmal/produit/zoom/F98E5B67EBAD53610C2B7527547160F8.jpg,,,,,2025-06-18T23:59:59.999999999+01:00,PROSPECTUS,13,1,,
929,5601001187803,625.0,Nestlé,"Cereais chocapic, 625 g",,3.74,5.98,0,kg,€/Kg,,,https://driveimg1.intermarche.com/pt/Content/images/boitmal/produit/zoom/8DB31C1F3066D48D593AE11B75516670.jpg,,,,,2025-06-18T23:59:59.999999999+01:00,PROSPECTUS,13,1,,
9315,5603722509544,1000.0,Mimosa,"Leite 0% lactose magro, de 1l",,1.29,1.29,1000,L,€/L,,,https://driveimg1.intermarche.com/pt/Content/images/boitmal/produit/zoom/0350D0DE44A653A9AB01722B06443E94.jpg,https://driveimg1.intermarche.com/pt/Content/images/boitmal/produit/zoom/DC5219EC1E15E09529E323B7D196FADA.jpg,https://driveimg1.intermarche.com/pt/Content/images/boitmal/produit/zoom/DC48BFFA4281D8016E9FB40168ED4485.jpg,,,2025-06-18T23:59:59.999999999+01:00,PROSPECTUS,13,1,,
10094,8435257040776,640.0,Nestlé,"Iogurte líquido yoggi banana, embalagem de 4 x 160 g",,1.99,3.11,0,kg,€/Kg,,,https://driveimg1.intermarche.com/pt/Content/images/boitmal/produit/zoom/6885FCEF2FEF4752D565E64A3BDEE242.jpg,,,,,2025-06-18T23:59:59.999999999+01:00,PROSPECTUS,13,1,,
11464,5601018003400,1000.0,Matinal,"Leite seleccionado meio gordo, de 1l",,1.0,1.0,1000,L,€/L,,,https://driveimg1.intermarche.com/pt/Content/images/boitmal/produit/zoom/5F34056BF2D07C9D39E218B31081D1FC.jpg,,,,,2025-06-18T23:59:59.999999999+01:00,PROSPECTUS,13,1,,
11492,5601045001547,500.0,Sumol,"Refrigerante com gás ananás, garrafa de 500 ml",,0.79,1.58,500,L,€/L,,,https://driveimg1.intermarche.com/pt/Content/images/boitmal/produit/zoom/901F921DF02579DAE62D268866D755CF.jpg,,,,,2025-06-18T23:59:59.999999999+01:00,PROSPECTUS,13,1,,
12066,5604260194063,1000.0,PorSi Viva Bem,Bebida de soja com cálcio,Embalagem de 1 litro,0.79,0.79,1000,L,€/L,,,https://driveimg1.intermarche.com/pt/Content/images/boitmal/produit/zoom/16537218BB43EA3E7F5AFCEAEC229452.jpg,,,,,2025-06-18T23:59:59.999999999+01:00,PROSPECTUS,13,1,,
1226,5601146001507,1500.0,Joi,"Refrigerante sem gás de manga/laranja, garrafa de 1,5 l",,1.29,0.86,1500,L,€/L,,,https://driveimg1.intermarche.com/pt/Content/images/boitmal/produit/zoom/DB9CD865FA14B43795929B354A61BA32.jpg,,,,,2025-06-25T23:59:59.999999999+01:00,PROSPECTUS,13,1,,
12519,8712100417054,416.0,HellmannS,"Maionese, frasco, embalagem de 420g",,2.99,7.19,0,kg,€/Kg,,,https://driveimg1.intermarche.com/pt/Content/images/boitmal/produit/zoom/6AB870EF622544FC82599432CC32DE9B.jpg,https://driveimg1.intermarche.com/pt/Content/images/boitmal/produit/zoom/6731B805B2B4B445CCCFD0D614219E37.jpg,https://driveimg1.intermarche.com/pt/Content/images/boitmal/produit/zoom/6731B805B2B4B445CCCFD0D614219E37.jpg,https://driveimg1.intermarche.com/pt/Content/images/boitmal/produit/zoom/6731B805B2B4B445CCCFD0D614219E37.jpg,,2025-06-18T23:59:59.999999999+01:00,PROSPECTUS,13,1,,
12943,2892087000000,1500.0,Fruta,Mamão,"1 un = 1,5 kg (aprox.)",5.84,3.89,0,,€/Kg,,,https://driveimg1.intermarche.com/pt/Content/images/boitmal/produit/zoom/E92859558CF3617793775ADAD1A11B14.jpg,,,,,2025-06-18T23:59:59.999999999+01:00,PROSPECTUS,13,1,,
13537,2893529000000,250.0,Peixaria,Sardinha Congelada,1 un = 250 gr  (aprox.),0.72,2.89,0,,€/Kg,,Avantages !,https://driveimg1.intermarche.com/pt/Content/images/boitmal/produit/zoom/20CBBBB0702ADDE0888E404D1EC78925.jpg,,,,,2025-06-18T23:59:59.999999999+01:00,PROSPECTUS,13,1,,
13625,2893620000000,300.0,Peixaria,Salmão de viveiro à posta,1 un. = 300 g (aprox.),3.6,11.99,0,,€/Kg,,,https://driveimg1.intermarche.com/pt/Content/images/boitmal/produit/zoom/A170DAF9DE78983CFA7E8DD1EFE6A371.jpg,,,,,2025-06-18T23:59:59.999999999+01:00,PROSPECTUS,13,1,,
13839,2891006000000,800.0,Novilho,Bife da Pá,Vendido ao peso a partir de 800 g,9.51,11.89,0,,€/Kg,,,https://driveimg1.intermarche.com/pt/Content/images/boitmal/produit/zoom/5626B1315F40E59D057B37FBCA18064B.jpg,,,,,2025-06-18T23:59:59.999999999+01:00,PROSPECTUS,13,1,,
13848,2891015000000,150.0,Novilho,Entremeada Novilho,1 un=150 gr (aprox),1.48,9.89,0,,€/Kg,,,https://driveimg1.intermarche.com/pt/Content/images/boitmal/produit/zoom/E3E6C57F8100820E9FD4FEA74DC60325.jpg,,,,,2025-06-18T23:59:59.999999999+01:00,PROSPECTUS,13,1,,
13884,2891106000000,2000.0,PorSi Select,Frango do Campo Inteiro c/ Miúdos Programa Origens,Vendido ao peso,8.98,4.49,0,,€/Kg,,,https://driveimg1.intermarche.com/pt/Content/images/boitmal/produit/zoom/4004CE88E12A24D0AD85684C27210FBB.jpg,,,,,2025-06-18T23:59:59.999999999+01:00,PROSPECTUS,13,1,,
13895,2891047000000,150.0,Porco,Espetadas,1 un = 150 gr (aprox.),0.97,6.49,0,,€/Kg,,,https://driveimg1.intermarche.com/pt/Content/images/boitmal/produit/zoom/1E16755CED294E905F3A5B2727B27D5F.jpg,,,,,2025-06-18T23:59:59.999999999+01:00,PROSPECTUS,13,1,,
13956,2891205000000,50.0,Porco,Salsicha Brasileira,1 un = 50 gr (aprox.),0.27,5.49,0,,€/Kg,,,https://driveimg1.intermarche.com/pt/Content/images/boitmal/produit/zoom/F6298C19D94A9653E5F3E3E4F0DEBFCF.jpg,,,,,2025-06-18T23:59:59.999999999+01:00,PROSPECTUS,13,1,,
13966,2696019000000,450.0,Padaria,Pão Regional Rio Maior Inteiro,1 unidade= 450 g,1.09,2.42,0,kg,€/Kg,,,https://driveimg1.intermarche.com/pt/Content/images/boitmal/produit/zoom/868CC38F01B8F1FD056036A7F49504A8.jpg,,,,,2025-06-18T23:59:59.999999999+01:00,PROSPECTUS,13,1,,
15979,5601119242364,650.0,Nobre,"Salsichas de aves extra suculentas, frasco de 650g",,2.09,3.22,0,kg,€/Kg,,,https://driveimg1.intermarche.com/pt/Content/images/boitmal/produit/zoom/F9B3EEFB29AFDD46B059DC76A73501AE.jpg,,,,,2025-06-18T23:59:59.999999999+01:00,PROSPECTUS,13,1,,
17873,8718951037885,500.0,Ajax,"Limpa vidros recarga tripla ação, 500 ml",,1.79,3.58,500,L,€/L,,,https://driveimg1.intermarche.com/pt/Content/images/boitmal/produit/zoom/D0A7A0C399BF07DEEA9FD446034A3D4F.jpg,,,,,2025-06-18T23:59:59.999999999+01:00,PROSPECTUS,13,1,,
1820,5604260031658,150.0,PorSi,Bolachas starship chocolate,Embalagem de 150g,1.19,7.93,0,kg,€/Kg,,,https://driveimg1.intermarche.com/pt/Content/images/boitmal/produit/zoom/B78F035B380AE4F85AF3DBBE7AF5EFF4.jpg,,,,,2025-06-18T23:59:59.999999999+01:00,PROSPECTUS,13,1,,
20366,7622210981141,150.0,Philadelphia,"Queijo creme de ervas finas, embalagem de 150g",,1.85,12.33,0,kg,€/Kg,,,https://driveimg1.intermarche.com/pt/Content/images/boitmal/produit/zoom/23968A9CE69CBDE38F833889E5601762.jpg,,,,,2025-06-18T23:59:59.999999999+01:00,PROSPECTUS,13,1,,
22355,8593893753082,90.0,Nestlé,Tablete de chocolate de leite,Embalagem de 90g,1.79,19.89,0,kg,€/Kg,,,https://driveimg1.intermarche.com/pt/Content/images/boitmal/produit/zoom/0B1EF95ACFF56560D5C6E9F9FE435803.jpg,,,,,2025-06-18T23:59:59.999999999+01:00,PROSPECTUS,13,1,,
23275,5604260281206,170.0,PorSi,Agrião Programa Origens,embalagem de 170 g,1.49,8.76,0,kg,€/Kg,,,https://driveimg1.intermarche.com/pt/Content/images/boitmal/produit/zoom/9E9A66116CC129F3E0687F1B725E9B99.jpg,,,,,2025-06-18T23:59:59.999999999+01:00,PROSPECTUS,13,1,,
23469,8410500020453,280.0,Danone,"Danonino para levar, polpa de morango, embalagem de 4 x 70 g",,2.19,7.82,0,kg,€/Kg,,,https://driveimg1.intermarche.com/pt/Content/images/boitmal/produit/zoom/3E7A122EA567C89446D113FF66BFA0AE.jpg,,,,,2025-06-18T23:59:59.999999999+01:00,PROSPECTUS,13,1,,
24823,5449000165534,7000.0,Coca-Cola,Refrigerante c/ gás,pack 4 x 1.75 l,7.05,1.01,7000,L,€/L,,,https://driveimg1.intermarche.com/pt/Content/images/boitmal/produit/zoom/EED5DE90FDA58FE09CCC96004BCE5E06.jpg,,,,,2025-06-18T23:59:59.999999999+01:00,PROSPECTUS,13,1,,
26047,8412600070994,650.0,Bimbo,Pão de forma s/ côdea,Embalagem de 650 g,2.14,3.29,0,kg,€/Kg,,,https://driveimg1.intermarche.com/pt/Content/images/boitmal/produit/zoom/29A6957961BACB180F45AAA47CD1FB78.jpg,,,,,2025-06-18T23:59:59.999999999+01:00,PROSPECTUS,13,1,,
32408,5601050034967,600.0,Danone,"Danacol aveia, embalagem de 6 x 100g",,2.99,4.98,0,kg,€/Kg,,,https://driveimg1.intermarche.com/pt/Content/images/boitmal/produit/zoom/5CE656F263120C59B9C0953B21D516B7.jpg,,,,,2025-06-18T23:59:59.999999999+01:00,PROSPECTUS,13,1,,
37599,5604260296736,200.0,PorSi,Queijo emmental ralado,Embalagem de 200 g,1.79,8.95,0,kg,€/Kg,,,https://driveimg1.intermarche.com/pt/Content/images/boitmal/produit/zoom/F04EBAB4832A0DA9BCFCD22BDA4669B8.jpg,,,,,2025-06-18T23:59:59.999999999+01:00,PROSPECTUS,13,1,,
405,8712566410910,275.0,Calvé,"Ketchup, embalagem de 275g",,1.48,5.38,0,kg,€/Kg,,,https://driveimg1.intermarche.com/pt/Content/images/boitmal/produit/zoom/9E63EED4B27A252289B8979C188F5B40.jpg,https://driveimg1.intermarche.com/pt/Content/images/boitmal/produit/zoom/0D7B165FF00CA45BD8F6AC077E3CA1EC.jpg,https://driveimg1.intermarche.com/pt/Content/images/boitmal/produit/zoom/0D7B165FF00CA45BD8F6AC077E3CA1EC.jpg,https://driveimg1.intermarche.com/pt/Content/images/boitmal/produit/zoom/0D7B165FF00CA45BD8F6AC077E3CA1EC.jpg,,2025-06-18T23:59:59.999999999+01:00,PROSPECTUS,13,1,,
41436,5604260305810,70.0,PorSi Select,"Presunto de porco preto 24 meses de cura, 70 g",,4.79,68.43,0,kg,€/Kg,,,https://driveimg1.intermarche.com/pt/Content/images/boitmal/produit/zoom/3318DC612185CA5EAA119A36B4310A17.jpg,,,,,2025-06-25T23:59:59.999999999+01:00,PROSPECTUS,13,1,,
42187,5604260308835,15000.0,PorSi,"Ração seca para cão adulto atividade normal, 15 kg",,14.99,1.0,0,kg,€/Kg,,,https://driveimg1.intermarche.com/pt/Content/images/boitmal/produit/zoom/7FCB43174A87707B11E1112F35D860A8.jpg,,,,,2025-06-18T23:59:59.999999999+01:00,PROSPECTUS,13,1,,
42511,5604260308217,100.0,PorSi,Bloco wc multitat pinhao,Pack de 2 x 50 g,1.64,16.4,0,kg,€/Kg,,,https://driveimg1.intermarche.com/pt/Content/images/boitmal/produit/zoom/10FB0F5B056FDB8B3E4A8A57A579C3A1.jpg,,,,,2025-06-18T23:59:59.999999999+01:00,PROSPECTUS,13,1,,
46840,5604260318957,750.0,PorSi Viva Bem,"Iogurtes magros aroma manga,  6 x 125 g",,1.09,1.45,0,kg,€/Kg,,,https://driveimg1.intermarche.com/pt/Content/images/boitmal/produit/zoom/94673AB82AD98D45564340DC8660A87A.jpg,,,,,2025-06-18T23:59:59.999999999+01:00,PROSPECTUS,13,1,,
46847,5604260316205,500.0,PorSi,Laços tricolores,Embalagem de 500 g,0.99,1.98,0,kg,€/Kg,,,https://driveimg1.intermarche.com/pt/Content/images/boitmal/produit/zoom/26FB05A80D25E9387A8ADB50077F254D.jpg,,,,,2025-06-18T23:59:59.999999999+01:00,PROSPECTUS,13,1,,
47780,5604260320240,300.0,PorSi,Tiras de bacon fumado,Embalagem de 300g,3.29,10.97,0,kg,€/Kg,,,https://driveimg1.intermarche.com/pt/Content/images/boitmal/produit/zoom/B82C55C295BE3B45FAA994F31BF551DE.jpg,,,,,2025-06-18T23:59:59.999999999+01:00,PROSPECTUS,13,1,,
47934,5604260319565,96.0,PorSi,Café Espresso Vellutato intensidade 7,16 cápsulas,3.95,41.15,0,kg,€/Kg,,,https://driveimg1.intermarche.com/pt/Content/images/boitmal/produit/zoom/55CCF612142A42C8831C49805F97F920.jpg,,,,,2025-06-18T23:59:59.999999999+01:00,PROSPECTUS,13,1,,
48098,5604260321223,40.0,PorSi Select,Tempero alho cebola picado,Embalagem de 40g,1.19,29.75,0,kg,€/Kg,,,https://driveimg1.intermarche.com/pt/Content/images/boitmal/produit/zoom/73005C4A3E5DDDE277B90A12C444F8C1.jpg,,,,,2025-06-18T23:59:59.999999999+01:00,PROSPECTUS,13,1,,
50629,5603722521454,1208.0,Mimosa,"Iogurte magro liquido de morango e framboesa, 8 x 151ml",,2.89,2.39,1208,L,€/L,,,https://driveimg1.intermarche.com/pt/Content/images/boitmal/produit/zoom/AB607BD866F448FA21D3247580B1F4C6.jpg,,,,,2025-06-18T23:59:59.999999999+01:00,PROSPECTUS,13,1,,
50630,5603722521461,1208.0,Mimosa,"Iogurte magro liquido de ananas e manga, 8x151ml",,2.89,2.39,1208,L,€/L,,,https://driveimg1.intermarche.com/pt/Content/images/boitmal/produit/zoom/391469C60827762112BDD90CD5A7ACC1.jpg,,,,,2025-06-18T23:59:59.999999999+01:00,PROSPECTUS,13,1,,
52602,5601217137937,1710.0,Quanto,"Amaciador roupa concentrado lirios e frutos vermelhos, 95 doses",,3.99,2.33,1710,L,€/L,,,https://driveimg1.intermarche.com/pt/Content/images/boitmal/produit/zoom/D5EC13B4D27621ECAF91289F5FDA9612.jpg,,,,,2025-06-18T23:59:59.999999999+01:00,PROSPECTUS,13,1,,
52935,5603722522628,200.0,Matinal,"Manteiga magra sem lactose, 200g",,1.99,9.95,0,kg,€/Kg,,,https://driveimg1.intermarche.com/pt/Content/images/boitmal/produit/zoom/8CBD1054729AF9FC46683642CA3D0920.jpg,https://driveimg1.intermarche.com/pt/Content/images/boitmal/produit/zoom/2A7DC81F20D438007A5500C63648E75B.jpg,https://driveimg1.intermarche.com/pt/Content/images/boitmal/produit/zoom/2A7DC81F20D438007A5500C63648E75B.jpg,,,2025-06-18T23:59:59.999999999+01:00,PROSPECTUS,13,1,,
5295,5601174101002,750.0,B.S.E.,"Vinho branco de terras do sado, garrafa de 750 ml",,3.49,4.65,750,L,€/L,,,https://driveimg1.intermarche.com/pt/Content/images/boitmal/produit/zoom/0834EFC8886D45872C6B556960150285.jpg,,,,,2025-06-25T23:59:59.999999999+01:00,PROSPECTUS,13,1,,
54362,8410104914127,,Finish,"Detergente loiça máquina ultimate limão, 32 pastilhas",,8.99,8.99,32,,€/Unidade,,,https://driveimg1.intermarche.com/pt/Content/images/boitmal/produit/zoom/1D3A215F5E688CA6FF7E7D1EDBD7C601.jpg,,,,,2025-06-18T23:59:59.999999999+01:00,PROSPECTUS,13,1,,
5818,5604260063765,1000.0,PorSi,"Macedonia de legumes, embalagem de 1 kg",,1.99,1.99,0,kg,€/Kg,,Tipo de stockagem,https://driveimg1.intermarche.com/pt/Content/images/boitmal/produit/zoom/3AD911585496B504D578B8DA632D4224.jpg,,,,,2025-06-18T23:59:59.999999999+01:00,PROSPECTUS,13,2,,
6207,8001480020528,2000.0,Neoblanc,Lixívia para roupa tradicional,Embalagem de 2 l,1.75,0.88,2000,L,€/L,,,https://driveimg1.intermarche.com/pt/Content/images/boitmal/produit/zoom/930401C25A92312F34CEB71B016BE255.jpg,,,,,2025-06-18T23:59:59.999999999+01:00,PROSPECTUS,13,2,,
6818,8712566118625,390.0,Olá,"Gelado supermaxi, embalagem de 6 x 65 ml",,2.99,7.67,390,L,€/L,,Tipo de stockagem,https://driveimg1.intermarche.com/pt/Content/images/boitmal/produit/zoom/35BED764F4AC2EA1C9F5BA3B815AD204.jpg,https://driveimg1.intermarche.com/pt/Content/images/boitmal/produit/zoom/C78EEEF4719F48D1D9E8F75D0F700815.jpg,https://driveimg1.intermarche.com/pt/Content/images/boitmal/produit/zoom/C78EEEF4719F48D1D9E8F75D0F700815.jpg,https://driveimg1.intermarche.com/pt/Content/images/boitmal/produit/zoom/C78EEEF4719F48D1D9E8F75D0F700815.jpg,,2025-06-18T23:59:59.999999999+01:00,PROSPECTUS,13,2,,
9079,5601883000719,200.0,Nova Açores,"Queijo flamengo, fatias, embalagem de 200g",,2.19,10.95,0,kg,€/Kg,,,https://driveimg1.intermarche.com/pt/Content/images/boitmal/produit/zoom/52AF50A3353B95E784996AD8533A093F.jpg,,,,,2025-06-18T23:59:59.999999999+01:00,PROSPECTUS,13,2,,
9989,8000430133035,125.0,Galbani,"Queijo mozzarella fresca, embalagem de 125 g",,1.75,14.0,0,kg,€/Kg,,,https://driveimg1.intermarche.com/pt/Content/images/boitmal/produit/zoom/2D2F42EC9092F570E0A5C16679F885D7.jpg,,,,,2025-06-18T23:59:59.999999999+01:00,PROSPECTUS,13,2,,
10161,8410199030900,85.0,LayS,"Aperitivos 3ds cones, embalagem de 90g",,1.19,14.0,0,kg,€/Kg,,,https://driveimg1.intermarche.com/pt/Content/images/boitmal/produit/zoom/CABD9E02E15FE0A39A1EB6AA89751DFE.jpg,,,,,2025-06-18T23:59:59.999999999+01:00,PROSPECTUS,13,2,,
10901,3228022000298,250.0,President,"Manteiga magra baixo teor sal, embalagem de 250g",,2.59,10.36,0,kg,€/Kg,,,https://driveimg1.intermarche.com/pt/Content/images/boitmal/produit/zoom/DCFDE09AD10D5DD4255ED225FA75C5F7.jpg,,,,,2025-06-18T23:59:59.999999999+01:00,PROSPECTUS,13,2,,
11465,5601018003608,1000.0,Matinal,"Leite seleccionado magro, de 1l",,1.0,1.0,1000,L,€/L,,,https://driveimg1.intermarche.com/pt/Content/images/boitmal/produit/zoom/F46A1F399BBA63407EB01F30929F5649.jpg,,,,,2025-06-18T23:59:59.999999999+01:00,PROSPECTUS,13,2,,
11522,5601050207750,1200.0,Danone,"Iogurte danacol de morango, embalagem de 12 x 100 g",,5.79,4.83,0,kg,€/Kg,,,https://driveimg1.intermarche.com/pt/Content/images/boitmal/produit/zoom/10BA36D674585833A0006F09517047AF.jpg,,,,,2025-06-18T23:59:59.999999999+01:00,PROSPECTUS,13,2,,
11613,5601164864467,1320.0,Somersby,"Sidra maçã, pack 4 x 0.33 l",,3.89,2.95,1320,L,€/L,,,https://driveimg1.intermarche.com/pt/Content/images/boitmal/produit/zoom/F0118862B10C3F3FD894ACFE7A34A6C9.jpg,,,,,2025-06-25T23:59:59.999999999+01:00,PROSPECTUS,13,2,,
1211,5601119945876,220.0,Nobre,"Salsichas wiennerwurt em frasco, 6 un, embalagem de 250g",,2.39,10.86,0,kg,€/Kg,,,https://driveimg1.intermarche.com/pt/Content/images/boitmal/produit/zoom/672DAEBBB3AEEF12C53028350B3D3ADB.jpg,,,,,2025-06-18T23:59:59.999999999+01:00,PROSPECTUS,13,2,,
1225,5601146000319,500.0,Sagres,"Cerveja com álcool, lata de 500ml",,0.85,1.7,500,L,€/L,,,https://driveimg1.intermarche.com/pt/Content/images/boitmal/produit/zoom/55C192466A5F674CBE2BDA0D6226A730.jpg,,,,,2025-06-18T23:59:59.999999999+01:00,PROSPECTUS,13,2,,
1228,5601146230518,1500.0,Joi,"Refrigerante sem gás, laranja, garrafa de 1,5 l",,1.29,0.86,1500,L,€/L,,,https://driveimg1.intermarche.com/pt/Content/images/boitmal/produit/zoom/9CFD5D319CF23E8EEE61B6DFE693387D.jpg,,,,,2025-06-25T23:59:59.999999999+01:00,PROSPECTUS,13,2,,
12286,8001480020696,2000.0,Neoblanc,Lixívia para roupa delicada,Embalagem de 2 l,5.24,2.62,2000,L,€/L,,,https://driveimg1.intermarche.com/pt/Content/images/boitmal/produit/zoom/AA134EE88CA0DF0986A964941E1C5878.jpg,,,,,2025-06-18T23:59:59.999999999+01:00,PROSPECTUS,13,2,,
13373,2893800000000,750.0,Bacalhau,Bacalhau Corrente da Noruega,1 un= 750 g (aprox.),7.12,9.49,0,,€/Kg,,,https://driveimg1.intermarche.com/pt/Content/images/boitmal/produit/zoom/D74E09EC00B79A52E13EB6B9341BD6BA.jpg,,,,,2025-06-18T23:59:59.999999999+01:00,PROSPECTUS,13,2,,
13523,2893515000000,250.0,Peixaria,Lula Congelada,1 un= 250 gr (aprox.),1.25,4.99,0,,€/Kg,,Avantages !,https://driveimg1.intermarche.com/pt/Content/images/boitmal/produit/zoom/B2B7BBDC4CDC3C912C9CD2FEC6D3B682.jpg,,,,,2025-06-18T23:59:59.999999999+01:00,PROSPECTUS,13,2,,
13529,2893521000000,1000.0,Peixaria,Pescada do Chile Congelada Nº3,1 un= 1 kg (aprox.),8.99,8.99,0,,€/Kg,,Avantages !,https://driveimg1.intermarche.com/pt/Content/images/boitmal/produit/zoom/40D57D35BBDBDF72027C959F41A6E90C.jpg,,,,,2025-06-18T23:59:59.999999999+01:00,PROSPECTUS,13,2,,
13957,2891233000000,100.0,Aves,Salsicha Fresca de Aves,1 un = 100 gr (aprox.),0.5,4.99,0,,€/Kg,,,https://driveimg1.intermarche.com/pt/Content/images/boitmal/produit/zoom/9A6B7B21AB27619CD3F26BA987D543CD.jpg,,,,,2025-06-18T23:59:59.999999999+01:00,PROSPECTUS,13,2,,
13977,2696106000000,,Pastelaria,Folhado de Maçã,1 unidade= 100 g,0.89,0.89,0,,€/Unidade,,,https://driveimg1.intermarche.com/pt/Content/images/boitmal/produit/zoom/C92497D9C6A75CD832651E848AF344C3.jpg,,,,,2025-06-18T23:59:59.999999999+01:00,PROSPECTUS,13,2,,
1415,5601252106653,750.0,Gallo,"Azeite virgem extra clássico, garrafa de 750 ml",,6.49,8.65,750,L,€/L,,,https://driveimg1.intermarche.com/pt/Content/images/boitmal/produit/zoom/DC87DA4316A72232830F32E3BEBD6BCD.jpg,,,,,2025-06-18T23:59:59.999999999+01:00,PROSPECTUS,13,2,,
14708,5601244202332,250.0,Terra Nostra,"Manteiga com sal, embalagem de 250g",,2.29,9.16,0,kg,€/Kg,,,https://driveimg1.intermarche.com/pt/Content/images/boitmal/produit/zoom/65FCB78A5FF812302D26BA88AD727400.jpg,https://driveimg1.intermarche.com/pt/Content/images/boitmal/produit/zoom/9D76B5CC4F670644A71C1CF49788751C.jpg,,,,2025-06-18T23:59:59.999999999+01:00,PROSPECTUS,13,2,,
14908,2893723000000,600.0,Peixaria,Dourada Pequena,"Vendido ao peso, de 200 a 600 g",4.49,7.49,0,,€/Kg,,,https://driveimg1.intermarche.com/pt/Content/images/boitmal/produit/zoom/AFF5C8795A7F86F3C0C55DCFF44363C3.jpg,,,,,2025-06-18T23:59:59.999999999+01:00,PROSPECTUS,13,2,,
15039,2892256000000,4000.0,Fruta,Melão Verde,Vendido ao peso | 1 un = 4kg (aprox.),5.56,1.39,0,,€/Kg,,,https://driveimg1.intermarche.com/pt/Content/images/boitmal/produit/zoom/25FE547830213D1C98E9F3B3D9687685.jpg,,,,,2025-06-18T23:59:59.999999999+01:00,PROSPECTUS,13,2,,
15504,5601050031669,480.0,Danone,"Iogurte activia cremoso frutos silvestres,  4 x 120 g",,1.99,4.15,0,kg,€/Kg,,,https://driveimg1.intermarche.com/pt/Content/images/boitmal/produit/zoom/026F552D6926173F10573B7F8F21FD44.jpg,,,,,2025-06-18T23:59:59.999999999+01:00,PROSPECTUS,13,2,,
15507,5601050031621,480.0,Danone,"Iogurte activia cremoso coco,  4 x 120 g",,1.99,4.15,0,kg,€/Kg,,,https://driveimg1.intermarche.com/pt/Content/images/boitmal/produit/zoom/C7C13400244FC9F141DCEBAD00E0F9D5.jpg,,,,,2025-06-18T23:59:59.999999999+01:00,PROSPECTUS,13,2,,
15952,7613032918729,3000.0,Friskies,Ração para gato adulto de interior,Embalagem de 3 kg,8.69,2.9,0,kg,€/Kg,,,https://driveimg1.intermarche.com/pt/Content/images/boitmal/produit/zoom/750597FE3D8CEBBA8D73F587B10AA8B2.jpg,,,,,2025-06-18T23:59:59.999999999+01:00,PROSPECTUS,13,2,,
16343,5601151978856,6000.0,Serra da estrela,"Água sem gás, garrafão de 6l",,1.79,0.3,6000,L,€/L,,,https://driveimg1.intermarche.com/pt/Content/images/boitmal/produit/zoom/8D402342781DACEBEA13B36CE32D8EBF.jpg,,,,,2025-06-18T23:59:59.999999999+01:00,PROSPECTUS,13,2,,
16565,5060166690380,500.0,Monster,"Bebida energética green, de 500 ml",,1.39,2.78,500,L,€/L,,,https://driveimg1.intermarche.com/pt/Content/images/boitmal/produit/zoom/0007D6DA22B3DA6620347D4A495B2B12.jpg,,,,,2025-06-18T23:59:59.999999999+01:00,PROSPECTUS,13,2,,
17013,7613033823886,250.0,Nestum,Nestum 5 cereais,Embalagem de 250g,2.24,8.96,0,kg,€/Kg,,,https://driveimg1.intermarche.com/pt/Content/images/boitmal/produit/zoom/55D8589D3232C35CE7023AECB9A4A628.jpg,,,,,2025-06-18T23:59:59.999999999+01:00,PROSPECTUS,13,2,,
17207,8006540943687,1800.0,Fairy,Detergente manual de loiça limão,Embalagem de 2 x 900 ml,6.99,3.88,1800,L,€/L,,,https://driveimg1.intermarche.com/pt/Content/images/boitmal/produit/zoom/B2EE328B1B3FB1BA0162E77ED87C40E9.jpg,,,,,2025-06-18T23:59:59.999999999+01:00,PROSPECTUS,13,2,,
17244,5604260278985,270.0,PorSi,"Iogurte Pedaços Pêssego,  2x135 g",,1.19,4.41,0,kg,€/Kg,,,https://driveimg1.intermarche.com/pt/Content/images/boitmal/produit/zoom/8442F6F00AC2C6059F58275837D337CE.jpg,,,,,2025-06-18T23:59:59.999999999+01:00,PROSPECTUS,13,2,,
18376,5601027009769,480.0,Panrico,Pão de forma sem côdea 9 cereais,Embalagem de 480g,1.99,4.15,0,kg,€/Kg,,,https://driveimg1.intermarche.com/pt/Content/images/boitmal/produit/zoom/202DA3E3189533F2DED569B04263CF8C.jpg,,,,,2025-06-18T23:59:59.999999999+01:00,PROSPECTUS,13,2,,
18778,5604260274963,200.0,PorSi Select,Alheira de mirandela,Embalagem de 200 g,1.49,7.45,0,kg,€/Kg,,,https://driveimg1.intermarche.com/pt/Content/images/boitmal/produit/zoom/93E265B38537CF7D9CC71734EEF39C20.jpg,,,,,2025-06-25T23:59:59.999999999+01:00,PROSPECTUS,13,2,,
18942,5601989950086,750.0,Monte Velho,"Vinho rosé, região do alentejo, garrafa de 0,75 l",,3.99,5.32,750,L,€/L,,,https://driveimg1.intermarche.com/pt/Content/images/boitmal/produit/zoom/492FA643C4A4901779ACEB329DDE602F.jpg,,,,,2025-06-25T23:59:59.999999999+01:00,PROSPECTUS,13,2,,
20503,5010394002066,500.0,Pedigree,Snacks para Cão Markies Mini,Embalagem de 500 g,3.59,7.18,0,kg,€/Kg,,,https://driveimg1.intermarche.com/pt/Content/images/boitmal/produit/zoom/49CDBF271E28F3E6149B63C2DCB709F7.jpg,,,,,2025-06-18T23:59:59.999999999+01:00,PROSPECTUS,13,2,,
22356,8593893753105,90.0,Nestlé,Tablete de chocolate de preto,Embalagem de 90g,1.79,19.89,0,kg,€/Kg,,,https://driveimg1.intermarche.com/pt/Content/images/boitmal/produit/zoom/18B585D3EA922E1CA013DA48AE197037.jpg,,,,,2025-06-18T23:59:59.999999999+01:00,PROSPECTUS,13,2,,
22943,5604260280964,130.0,PorSi Viva Bem,Tortitas de milho sem sal,Embalagem de 130g,0.79,6.08,0,kg,€/Kg,,,https://driveimg1.intermarche.com/pt/Content/images/boitmal/produit/zoom/E24B7AB652120DBF2BA68756AF0B6F0B.jpg,,,,,2025-06-18T23:59:59.999999999+01:00,PROSPECTUS,13,2,,
23353,5000116112197,375.0,Capitão Iglo,"18 nuggets de frango, embalagem de 380g",,4.99,13.31,0,kg,€/Kg,,Tipo de stockagem,https://driveimg1.intermarche.com/pt/Content/images/boitmal/produit/zoom/F26C89B365D9DC17E138C74AB049DE6B.jpg,,,,,2025-06-18T23:59:59.999999999+01:00,PROSPECTUS,13,2,,
23652,8712000900175,6000.0,Heineken,"Cerveja com álcool, pack 24 x 0.25 l",,14.99,2.5,6000,L,€/L,,,https://driveimg1.intermarche.com/pt/Content/images/boitmal/produit/zoom/AB5BBEB462A56533212E5950F8D46993.jpg,,,,,2025-06-25T23:59:59.999999999+01:00,PROSPECTUS,13,2,,
24748,8410104124649,1000.0,Finish,"Detergente líquido para máquina lavar loiça gel tudo em 1 limão, de 1 l",,9.49,9.49,1000,L,€/L,,,https://driveimg1.intermarche.com/pt/Content/images/boitmal/produit/zoom/350E35F90B7D257D3A471C43A79AD891.jpg,,,,,2025-06-18T23:59:59.999999999+01:00,PROSPECTUS,13,2,,
251,2696001000000,400.0,Padaria,Baguete,400 g,0.79,1.98,0,kg,€/Kg,,,https://driveimg1.intermarche.com/pt/Content/images/boitmal/produit/zoom/42C2E126B9E5B84C243F0668DEC3869F.jpg,,,,,2025-06-18T23:59:59.999999999+01:00,PROSPECTUS,13,2,,
25539,7613035799837,3000.0,Friskies,Ração para gato esterilizado com peru,Embalagem de 3 kg,8.69,2.9,0,kg,€/Kg,,,https://driveimg1.intermarche.com/pt/Content/images/boitmal/produit/zoom/6753096F838736845D00B1BB9E9BE49E.jpg,,,,,2025-06-18T23:59:59.999999999+01:00,PROSPECTUS,13,2,,
25881,5601151155257,3000.0,Serra da estrela,"Água sem gás, pack 6 x 0,50 l",,1.99,0.66,3000,L,€/L,,,https://driveimg1.intermarche.com/pt/Content/images/boitmal/produit/zoom/984AE28FD91E1C697070D2BD18A4765A.jpg,,,,,2025-06-18T23:59:59.999999999+01:00,PROSPECTUS,13,2,,
2603,7622300631574,100.0,Milka,"Tablete de chocolate, embalagem de 100g",,1.99,19.9,0,kg,€/Kg,,,https://driveimg1.intermarche.com/pt/Content/images/boitmal/produit/zoom/52E1072D7190F92497F13A3FF508BF9B.jpg,,,,,2025-06-18T23:59:59.999999999+01:00,PROSPECTUS,13,2,,
2748,8410063044521,200.0,Pescanova,"Miolo de camarão cozido 40/60, 200 g",,6.39,31.95,0,kg,€/Kg,,Tipo de stockagem,https://driveimg1.intermarche.com/pt/Content/images/boitmal/produit/zoom/D50FF0C33F27025B364B2A0F02EC1F36.jpg,,,,,2025-06-18T23:59:59.999999999+01:00,PROSPECTUS,13,2,,
2777,8410168399823,3000.0,Friskies,Ração para cão júnior vitafit com frango e leite,Embalagem de 3 kg,9.74,3.25,0,kg,€/Kg,,,https://driveimg1.intermarche.com/pt/Content/images/boitmal/produit/zoom/8FB72E4F81A6A85337B0A193B644C666.jpg,,,,,2025-06-18T23:59:59.999999999+01:00,PROSPECTUS,13,2,,
28572,8434165484054,240.0,Cuétara,"Tosta rica mini go, 240g",,2.09,8.71,0,kg,€/Kg,,,https://driveimg1.intermarche.com/pt/Content/images/boitmal/produit/zoom/CCBAB5A351E77407DEF26B46DA9AE965.jpg,,,,,2025-06-18T23:59:59.999999999+01:00,PROSPECTUS,13,2,,
28856,5604260281312,150.0,PorSi,Salada Lusitana Programa Origens,embalagem de 150 g,1.49,9.93,0,kg,€/Kg,,,https://driveimg1.intermarche.com/pt/Content/images/boitmal/produit/zoom/2A9EEAEFCF468810BC9FC976E2BE5E31.jpg,,,,,2025-06-18T23:59:59.999999999+01:00,PROSPECTUS,13,2,,
31141,3073781094930,140.0,A Vaca Que Ri,"Queijo fundido palitos light 140g, embalagem de 140g",,1.99,14.21,0,kg,€/Kg,,,https://driveimg1.intermarche.com/pt/Content/images/boitmal/produit/zoom/B5D6C4ED5C97B9ABEEF5182E77489B3B.jpg,,,,,2025-06-18T23:59:59.999999999+01:00,PROSPECTUS,13,2,,
31551,8414100333241,250.0,Schweppes,"Schweppes tónica zero, garrafa de 250 ml",,0.72,2.88,250,L,€/L,,,https://driveimg1.intermarche.com/pt/Content/images/boitmal/produit/zoom/4DBFD7A80C20CF9D74FFDE40B52421E2.jpg,,,,,2025-06-25T23:59:59.999999999+01:00,PROSPECTUS,13,2,,
32076,7613036496353,340.0,Purina One,"Comida húmida para gato esterilizado em molho com salmão, 4 x 85g",,2.59,7.62,0,kg,€/Kg,,,https://driveimg1.intermarche.com/pt/Content/images/boitmal/produit/zoom/3F5C404D1E0ED04E5681C0681EDCBF4A.jpg,,,,,2025-06-18T23:59:59.999999999+01:00,PROSPECTUS,13,2,,
33299,5604260287000,500.0,PorSi,Amendoim com Casca,Embalagem de 500g,1.99,3.98,0,kg,€/Kg,,,https://driveimg1.intermarche.com/pt/Content/images/boitmal/produit/zoom/BCE2161793599A091A1A32A19348A277.jpg,,,,,2025-06-25T23:59:59.999999999+01:00,PROSPECTUS,13,2,,
33301,5604260286997,200.0,PorSi,Amendoim com Piri-Piri,Embalagem de 200g,1.29,6.45,0,kg,€/Kg,,,https://driveimg1.intermarche.com/pt/Content/images/boitmal/produit/zoom/45F47C82220E3A017E0818597CB20549.jpg,,,,,2025-06-25T23:59:59.999999999+01:00,PROSPECTUS,13,2,,
33302,5604260286973,200.0,PorSi,Amendoim com Sal,Embalagem de 200g,1.29,6.45,0,kg,€/Kg,,,https://driveimg1.intermarche.com/pt/Content/images/boitmal/produit/zoom/7D1AAEAC3F0C4BED45A49E7F68BF7F08.jpg,,,,,2025-06-25T23:59:59.999999999+01:00,PROSPECTUS,13,2,,
35062,5604260278732,300.0,PorSi,Alface frisada categoria: II Programa Origens,Embalagem de 300 g,1.29,4.3,0,kg,€/Kg,,,https://driveimg1.intermarche.com/pt/Content/images/boitmal/produit/zoom/DD98DAA1F3C65D42BFAE1F5E106F260A.jpg,,,,,2025-06-18T23:59:59.999999999+01:00,PROSPECTUS,13,2,,
35089,5604260287246,,PorSi,"Acendalha ecológicas, 32 cubos",,0.99,0.99,0,,€/Unidade,,,https://driveimg1.intermarche.com/pt/Content/images/boitmal/produit/zoom/3C3A545F046A9053ADD48AE98FE47946.jpg,,,,,2025-08-06T23:59:59.999999999+01:00,PROSPECTUS,13,2,,
35549,5053990124961,70.0,Pringles,"Snack batata original, embalagem de 70g",,1.59,22.71,0,kg,€/Kg,,,https://driveimg1.intermarche.com/pt/Content/images/boitmal/produit/zoom/2AEE1AFBA820638E1917945C99E8B143.jpg,,,,,2025-06-25T23:59:59.999999999+01:00,PROSPECTUS,13,2,,
35748,5604260292905,720.0,PorSi,Palmiers,Embalagem de 720 g,3.79,5.26,0,kg,€/Kg,,,https://driveimg1.intermarche.com/pt/Content/images/boitmal/produit/zoom/7AD392538DBF1EE09CE98E3CE7FEB4FE.jpg,,,,,2025-06-18T23:59:59.999999999+01:00,PROSPECTUS,13,2,,
35889,5601151974070,1750.0,Seven Up,"Refrigerante de lima limão free, garrafa de 1.75 l",,1.69,0.97,1750,L,€/L,,,https://driveimg1.intermarche.com/pt/Content/images/boitmal/produit/zoom/9A2F3176B60F6901274BE6108F1FBC7A.jpg,,,,,2025-06-25T23:59:59.999999999+01:00,PROSPECTUS,13,2,,
35983,5601027972735,700.0,Bimbo,Pão de forma torradas familiares,Embalagem de 700 g,1.99,2.84,0,kg,€/Kg,,,https://driveimg1.intermarche.com/pt/Content/images/boitmal/produit/zoom/6F4E1280EFC32C3DD99C945770A284F8.jpg,,,,,2025-06-18T23:59:59.999999999+01:00,PROSPECTUS,13,2,,
36242,5000204117585,,Glade,Ambientador elétrico pure clean linen + recarga,1 unidade,4.49,4.49,0,,€/Unidade,,,https://driveimg1.intermarche.com/pt/Content/images/boitmal/produit/zoom/9A7A8E7742D78EC7287B88FEA90BB41B.jpg,,,,,2025-06-18T23:59:59.999999999+01:00,PROSPECTUS,13,2,,
36523,5604260295661,2500.0,PorSi,Batata pré-frita palito,"Embalagem de 2,5 kg",4.45,1.78,0,kg,€/Kg,,Tipo de stockagem,https://driveimg1.intermarche.com/pt/Content/images/boitmal/produit/zoom/5CD0ECED2F64941F1ED73448F895103A.jpg,,,,,2025-06-18T23:59:59.999999999+01:00,PROSPECTUS,13,2,,
36657,5601217132673,500.0,Cillitbang,"Spray lixívia e higiene, de 500 ml",,2.49,4.98,500,L,€/L,,,https://driveimg1.intermarche.com/pt/Content/images/boitmal/produit/zoom/D9B27A41A222F2F218026715A414F2D0.jpg,,,,,2025-06-18T23:59:59.999999999+01:00,PROSPECTUS,13,2,,
36694,5604260318858,250.0,PorSi,Salsichas churrasco com ervas aromáticas,Embalagem de 250 g,1.99,7.96,0,kg,€/Kg,,,https://driveimg1.intermarche.com/pt/Content/images/boitmal/produit/zoom/33AF2A89D28BF9495D882809E4B9B89D.jpg,,,,,2025-06-25T23:59:59.999999999+01:00,PROSPECTUS,13,2,,
36720,5604260297085,200.0,PorSi,Queijo emmental fatias,Embalagem de 200 g,2.09,10.45,0,kg,€/Kg,,,https://driveimg1.intermarche.com/pt/Content/images/boitmal/produit/zoom/BA0A87F04A4C599600AD574D86B69CA5.jpg,,,,,2025-06-18T23:59:59.999999999+01:00,PROSPECTUS,13,2,,
36736,5604260300570,500.0,PorSi,"Camarão cozido 40/60, 500 g",,5.99,11.98,0,kg,€/Kg,,,https://driveimg1.intermarche.com/pt/Content/images/boitmal/produit/zoom/9E9EFDBF21D2BFC0A52B3E968EF9C975.jpg,,,,,2025-06-18T23:59:59.999999999+01:00,PROSPECTUS,13,2,,
36785,5604260282531,150.0,PorSi,Salada exótica programa origens,Embalagem de 150 g,1.49,9.93,0,kg,€/Kg,,,https://driveimg1.intermarche.com/pt/Content/images/boitmal/produit/zoom/F211CC91B701EE982EC066C2B3D21E0C.jpg,,,,,2025-06-18T23:59:59.999999999+01:00,PROSPECTUS,13,2,,
36915,5604260287024,200.0,PorSi,Caju frito com sal,Embalagem de 200 g,2.99,14.95,0,kg,€/Kg,,,https://driveimg1.intermarche.com/pt/Content/images/boitmal/produit/zoom/1B063B24F1A2A79FD54438680947A0D3.jpg,,,,,2025-06-25T23:59:59.999999999+01:00,PROSPECTUS,13,2,,
37443,7613037040869,250.0,Nestum,"Nestum zero espelta/aveia, embalagem de 250g",,2.24,8.96,0,kg,€/Kg,,,https://driveimg1.intermarche.com/pt/Content/images/boitmal/produit/zoom/BF80E2BF1A95765256612BEC5A65D8DD.jpg,,,,,2025-06-18T23:59:59.999999999+01:00,PROSPECTUS,13,2,,
37444,7613036955799,250.0,Nestum,"Nestum zero mel, embalagem de 250g",,2.24,8.96,0,kg,€/Kg,,,https://driveimg1.intermarche.com/pt/Content/images/boitmal/produit/zoom/5B200610F8E9504D3552A7693F67BE32.jpg,,,,,2025-06-18T23:59:59.999999999+01:00,PROSPECTUS,13,2,,
37512,7613036923361,250.0,Nestum,Nestum zero arroz,Embalagem de 250 g,2.99,11.96,0,kg,€/Kg,,,https://driveimg1.intermarche.com/pt/Content/images/boitmal/produit/zoom/611B100659AC37EDE48D259974C3AB31.jpg,,,,,2025-06-18T23:59:59.999999999+01:00,PROSPECTUS,13,2,,
37574,8717163836835,2000.0,Lipton,"Ice tea de pêssego sem açúcar, garrafa de 2l",,3.19,1.6,2000,L,€/L,,,https://driveimg1.intermarche.com/pt/Content/images/boitmal/produit/zoom/B0D164F35BECC5A6CA9E515D71ED323C.jpg,,,,,2025-06-18T23:59:59.999999999+01:00,PROSPECTUS,13,2,,
37802,5391522472839,750.0,Aptamil,"Leite regular 4, embalagem de 750 g",,10.99,14.65,0,kg,€/Kg,,,https://driveimg1.intermarche.com/pt/Content/images/boitmal/produit/zoom/70425950961725CB7E5908F49498A0D5.jpg,,,,,2025-06-18T23:59:59.999999999+01:00,PROSPECTUS,13,2,,
37900,5601119305007,210.0,Nobre,"Salsicha hot dog, frasco de 250g",,2.39,11.38,0,kg,€/Kg,,,https://driveimg1.intermarche.com/pt/Content/images/boitmal/produit/zoom/68E53CA887C0767923F878238ADB6D84.jpg,,,,,2025-06-18T23:59:59.999999999+01:00,PROSPECTUS,13,2,,
37990,8410063036175,1000.0,Pescanova,"Caprichos do mar sem glúten, embalagem de 1 kg",,6.99,6.99,0,kg,€/Kg,,Tipo de stockagem,https://driveimg1.intermarche.com/pt/Content/images/boitmal/produit/zoom/6895ADBC20BAA64ABF1A75EDB160FACB.jpg,,,,,2025-06-18T23:59:59.999999999+01:00,PROSPECTUS,13,2,,
38312,8410104702663,,Finish,"Limpa máquinas de loiça limão, embalagem com 250 ml",,3.99,3.99,1,,€/Unidade,,,https://driveimg1.intermarche.com/pt/Content/images/boitmal/produit/zoom/543AF0EA0E513D87A0B6AA970DE2490B.jpg,,,,,2025-06-18T23:59:59.999999999+01:00,PROSPECTUS,13,2,,
38634,5060639121915,500.0,Monster,"Bebida energética mango loco, garrafa de 500 ml",,1.39,2.78,500,L,€/L,,,https://driveimg1.intermarche.com/pt/Content/images/boitmal/produit/zoom/4F4B4D9575A74844B519A2C1EA42C17E.jpg,,,,,2025-06-18T23:59:59.999999999+01:00,PROSPECTUS,13,2,,
38934,5601164863217,500.0,Somersby,"Sidra de maçã, lata de 500 ml",,1.25,2.5,500,L,€/L,,,https://driveimg1.intermarche.com/pt/Content/images/boitmal/produit/zoom/A3D6F4DDF9AFF4F9F8F47269DBD60191.jpg,,,,,2025-06-18T23:59:59.999999999+01:00,PROSPECTUS,13,2,,
392,8712566173860,68.0,Knorr,"Canja com aletria, embalagem de 70g",,1.6,23.53,0,kg,€/Kg,,,https://driveimg1.intermarche.com/pt/Content/images/boitmal/produit/zoom/0FDE190C3180267DE92D355FE905E718.jpg,,,,,2025-06-18T23:59:59.999999999+01:00,PROSPECTUS,13,2,,
40664,5604260297009,100.0,PorSi,Mini tostas trigo super finas,Embalagem de 100 g,1.29,12.9,0,kg,€/Kg,,,https://driveimg1.intermarche.com/pt/Content/images/boitmal/produit/zoom/2B412EFB725A4E329E1F4B17B9E77804.jpg,,,,,2025-06-25T23:59:59.999999999+01:00,PROSPECTUS,13,2,,
419,8718114882536,50.0,Knorr,"Sopa de cebola, embalagem de 50g",,1.6,32.0,0,kg,€/Kg,,,https://driveimg1.intermarche.com/pt/Content/images/boitmal/produit/zoom/40DE8A4B0CCB6E254052E81CFB00180A.jpg,,,,,2025-06-18T23:59:59.999999999+01:00,PROSPECTUS,13,2,,
41979,5601050036244,160.0,Danone,"Yopro manteiga amendoim banana, embalagem de 160g",,1.19,7.44,0,kg,€/Kg,,,https://driveimg1.intermarche.com/pt/Content/images/boitmal/produit/zoom/FA86300496543407BC1BC50B2C72D742.jpg,,,,,2025-06-18T23:59:59.999999999+01:00,PROSPECTUS,13,2,,
42034,5604260302956,400.0,PorSi,Comida húmida para gato carnes e legumes com geleia,Embalagem de 4 x 100 g,1.89,4.73,0,kg,€/Kg,,,https://driveimg1.intermarche.com/pt/Content/images/boitmal/produit/zoom/C902EC152491A4A1A1A0CF70E1553BE8.jpg,https://driveimg1.intermarche.com/pt/Content/images/boitmal/produit/zoom/99F852605FDCA88EC66100070F5E9DD4.jpg,,,,2025-06-18T23:59:59.999999999+01:00,PROSPECTUS,13,2,,
42165,5604260307586,200.0,PorSi Viva Bem,Creme culinário soja,Embalagem de 200 ml,0.99,4.95,200,L,€/L,,,https://driveimg1.intermarche.com/pt/Content/images/boitmal/produit/zoom/3088AAE479B32A9B5AAF6F16464F6A71.jpg,https://driveimg1.intermarche.com/pt/Content/images/boitmal/produit/zoom/84D9CD21A433B6316249CB71F439AA86.jpg,https://driveimg1.intermarche.com/pt/Content/images/boitmal/produit/zoom/84D9CD21A433B6316249CB71F439AA86.jpg,https://driveimg1.intermarche.com/pt/Content/images/boitmal/produit/zoom/84D9CD21A433B6316249CB71F439AA86.jpg,https://driveimg1.intermarche.com/pt/Content/images/boitmal/produit/zoom/84D9CD21A433B6316249CB71F439AA86.jpg,2025-06-18T23:59:59.999999999+01:00,PROSPECTUS,13,2,https://driveimg1.intermarche.com/pt/Content/images/boitmal/produit/zoom/84D9CD21A433B6316249CB71F439AA86.jpg,
42510,5604260308224,100.0,PorSi,Bloco wc multitat oceano,Pack de 2 x 50 g,1.64,16.4,0,kg,€/Kg,,,https://driveimg1.intermarche.com/pt/Content/images/boitmal/produit/zoom/895F412F5A04F3F62B0A8DC3A2BE21DA.jpg,,,,,2025-06-18T23:59:59.999999999+01:00,PROSPECTUS,13,2,,
42782,2696841000000,500.0,Pastelaria,Cheesecake frutos vermelhos,500 g,7.99,15.98,0,kg,€/Kg,,,https://driveimg1.intermarche.com/pt/Content/images/boitmal/produit/zoom/36D3F0C4312DF34B527E768275C37216.jpg,,,,,2025-06-18T23:59:59.999999999+01:00,PROSPECTUS,13,2,,
42794,8001090479792,650.0,Fairy,Detergente líquido manual loiça aloé vera,Embalagem de 650 ml,2.39,3.68,650,L,€/L,,,https://driveimg1.intermarche.com/pt/Content/images/boitmal/produit/zoom/E7DDBF70C184E5EC7C2E108C9CF310F0.jpg,,,,,2025-06-18T23:59:59.999999999+01:00,PROSPECTUS,13,2,,
42890,8001841677279,,Dodot,Fralda cueca T7 | +17 kg,Embalagem com 23 unidades,7.94,7.94,0,,€/Unidade,,,https://driveimg1.intermarche.com/pt/Content/images/boitmal/produit/zoom/82DF729F3DB69310A4FA278B62983A33.jpg,,,,,2025-06-18T23:59:59.999999999+01:00,PROSPECTUS,13,2,,
43733,5604260310388,200.0,PorSi,Miolo de Cajú,Embalagem de 200 g,2.69,13.45,0,kg,€/Kg,,,https://driveimg1.intermarche.com/pt/Content/images/boitmal/produit/zoom/58EF5D505F1C3086A35F0A0BD9184801.jpg,,,,,2025-06-25T23:59:59.999999999+01:00,PROSPECTUS,13,2,,
43794,5604260296200,1000.0,PorSi,Sorvete de lima,embalagem de 1 l,2.35,2.35,1000,L,€/L,,Tipo de stockagem,https://driveimg1.intermarche.com/pt/Content/images/boitmal/produit/zoom/2CAFF78C45E506915C53D0E8EB9413FC.jpg,,,,,2025-06-18T23:59:59.999999999+01:00,PROSPECTUS,13,2,,
45361,3041091718006,380.0,Bledina,"Frutapura 100% ameixa/ maçã, embalagem de 4x95g",,2.04,5.37,0,kg,€/Kg,,,https://driveimg1.intermarche.com/pt/Content/images/boitmal/produit/zoom/D52EE33E0E6F77654F1F740DFDCA062C.jpg,,,,,2025-06-18T23:59:59.999999999+01:00,PROSPECTUS,13,2,,
45362,3041091718020,380.0,Bledina,"Frutapura maçã e pera, embalagem de 4 x 95g",,2.04,5.37,0,kg,€/Kg,,,https://driveimg1.intermarche.com/pt/Content/images/boitmal/produit/zoom/B7F4106EFF27F3EE9B88FB6BF516905C.jpg,,,,,2025-06-18T23:59:59.999999999+01:00,PROSPECTUS,13,2,,
45431,5601050036893,300.0,Danone,"Yopro líquido manga, embalagem de 300g",,1.99,6.63,0,kg,€/Kg,,,https://driveimg1.intermarche.com/pt/Content/images/boitmal/produit/zoom/1E004FD89D8A20EC3FC964ADAE11A7AF.jpg,,,,,2025-06-18T23:59:59.999999999+01:00,PROSPECTUS,13,2,,
46907,8006540236222,650.0,Fairy,Detergente líquido manual loiça anti bactérias,Embalagem de 650 ml,3.59,5.52,650,L,€/L,,,https://driveimg1.intermarche.com/pt/Content/images/boitmal/produit/zoom/687B389F5BCABBA96E11BDC0F2ADFEC5.jpg,,,,,2025-06-18T23:59:59.999999999+01:00,PROSPECTUS,13,2,,
4785,5000396036138,218.0,McVities,"Bolachas fruit & forma, maçã e canela, embalagem de 220g",,1.99,9.13,0,kg,€/Kg,,,https://driveimg1.intermarche.com/pt/Content/images/boitmal/produit/zoom/4769CC9B7DCE0DA17354265C7FF7343C.jpg,,,,,2025-06-18T23:59:59.999999999+01:00,PROSPECTUS,13,2,,
48477,5604260323029,400.0,PorSi,Comida húmida para gato sénior,Embalagem de 4 x 100 g,1.99,4.98,0,kg,€/Kg,,,https://driveimg1.intermarche.com/pt/Content/images/boitmal/produit/zoom/477AFEEBB6019C1BAC3010E3ECBB6B5A.jpg,,,,,2025-06-18T23:59:59.999999999+01:00,PROSPECTUS,13,2,,
49101,5604260322831,,PorSi,Detergente Liquido Maquina Roupa Cores,40 doses,4.89,4.89,0,,€/Unidade,,,https://driveimg1.intermarche.com/pt/Content/images/boitmal/produit/zoom/7DFB05DE344ACFEAB9ED7E2388CF58DC.jpg,,,,,2025-06-18T23:59:59.999999999+01:00,PROSPECTUS,13,2,,
49341,5601164905634,1200.0,Somersby,"Sidra mini pera 0.0%, pack 6 x 20 cl",,4.49,3.74,1200,L,€/L,,,https://driveimg1.intermarche.com/pt/Content/images/boitmal/produit/zoom/80B852209A3051E6BB6F8915D390B63D.jpg,,,,,2025-06-25T23:59:59.999999999+01:00,PROSPECTUS,13,2,,
49505,8006540618578,,Dodot,"Fraldas bebé seco extra t3+ 7-11kg, 66 unidades",,13.49,13.49,66,,€/Unidade,,,https://driveimg1.intermarche.com/pt/Content/images/boitmal/produit/zoom/D131B51E408EBC6E8FCAE4A61610E40E.jpg,,,,,2025-06-18T23:59:59.999999999+01:00,PROSPECTUS,13,2,,
49506,8006540618639,,Dodot,"Fralda cueca extra t4 / 10 a 15 kg, 62 unidades",,13.49,13.49,62,,€/Unidade,,,https://driveimg1.intermarche.com/pt/Content/images/boitmal/produit/zoom/C5EE66D46010FDB3E9DC911287D97785.jpg,,,,,2025-06-18T23:59:59.999999999+01:00,PROSPECTUS,13,2,,
4971,5601001326103,20.0,Nescafé,"Café solúvel sem cafeína, embalagem de 20g",,1.59,79.5,0,kg,€/Kg,,,https://driveimg1.intermarche.com/pt/Content/images/boitmal/produit/zoom/7C3CF703560FB162B91026CC9561DB3E.jpg,,,,,2025-06-18T23:59:59.999999999+01:00,PROSPECTUS,13,3,,
50020,8719200231832,225.0,ProActiv,"Creme vegetal para barrar, embalagem de 225g",,2.99,13.29,0,kg,€/Kg,,,https://driveimg1.intermarche.com/pt/Content/images/boitmal/produit/zoom/F94DBCC3BE2E0CDFC23A23D9C701C359.jpg,,,,,2025-06-18T23:59:59.999999999+01:00,PROSPECTUS,13,3,,
50033,5601050037593,300.0,Yopro,"Iogurte liquido pêssego maragujá, 300g",,1.99,6.63,0,kg,€/Kg,,,https://driveimg1.intermarche.com/pt/Content/images/boitmal/produit/zoom/FBD4E9C7CBF6F8731249673D25B3B2EC.jpg,,,,,2025-06-18T23:59:59.999999999+01:00,PROSPECTUS,13,3,,
50290,5029053568706,,Huggies,Toalhitas Pure Extra Care,56 unidades,1.49,1.49,0,,€/Unidade,,,https://driveimg1.intermarche.com/pt/Content/images/boitmal/produit/zoom/4932E420D85E15A463297F1C8DE18138.jpg,,,,,2025-06-18T23:59:59.999999999+01:00,PROSPECTUS,13,3,,
50489,8414100339007,200.0,Schweppes,Água tónica original 200 ml,,0.89,4.45,200,L,€/L,,,https://driveimg1.intermarche.com/pt/Content/images/boitmal/produit/zoom/CE9B4218E839EFD8ADFE8BC027EADCD9.jpg,,,,,2025-06-25T23:59:59.999999999+01:00,PROSPECTUS,13,3,,
5079,5601036310726,200.0,Ambre Solaire,Óleo Bronzeador Coco,Embalagem de 200 ml,8.69,43.45,200,L,€/L,,,https://driveimg1.intermarche.com/pt/Content/images/boitmal/produit/zoom/0D10B62A011EFBA0FB2342AC5CD32FA7.jpg,,,,,2025-06-18T23:59:59.999999999+01:00,PROSPECTUS,13,3,,
5096,5601050026429,300.0,Danonino Danone,"Queijinho danonino petitdino de morango/banana, embalagem de 6 x 50g",,1.99,6.63,0,kg,€/Kg,,,https://driveimg1.intermarche.com/pt/Content/images/boitmal/produit/zoom/FA8D1A9125B498992C62B9745CC5DD3D.jpg,,,,,2025-06-18T23:59:59.999999999+01:00,PROSPECTUS,13,3,,
52013,5601146100026,1000.0,Sagres,"Cerveja preta, 1l",,1.79,1.79,1000,L,€/L,,,https://driveimg1.intermarche.com/pt/Content/images/boitmal/produit/zoom/D90BF9C494E8E8B94F53136BFD5755B3.jpg,,,,,2025-06-25T23:59:59.999999999+01:00,PROSPECTUS,13,3,,
52378,8720181407130,1300.0,Cif,"Lava tudo vinagre, embalagem de 1,3l",,1.99,1.53,1300,L,€/L,,,https://driveimg1.intermarche.com/pt/Content/images/boitmal/produit/zoom/171393A645468062F81960E4867EA09F.jpg,https://driveimg1.intermarche.com/pt/Content/images/boitmal/produit/zoom/ACC8FB9EC20CE1255E2C2456FAF7B5E2.jpg,,,,2025-06-18T23:59:59.999999999+01:00,PROSPECTUS,13,3,,
52577,8445290830609,,Nescafé,"Café descafeinado sical intensidade 5, 16 cápsulas",,5.99,5.99,16,,€/Unidade,,,https://driveimg1.intermarche.com/pt/Content/images/boitmal/produit/zoom/9751EE6592A3E7106D0A646390D853FA.jpg,,,,,2025-06-18T23:59:59.999999999+01:00,PROSPECTUS,13,3,,
52578,8445290836342,,Nescafé,"Café Meia de Leite Sical, 16 Cápsulas",,5.39,5.39,0,,€/Unidade,,,https://driveimg1.intermarche.com/pt/Content/images/boitmal/produit/zoom/B8D83D24BE9DBC0C087E30DEC870E20C.jpg,,,,,2025-06-18T23:59:59.999999999+01:00,PROSPECTUS,13,3,,
52598,5601217137975,1710.0,Quanto,"Amaciador roupa concentrado frutos silvestres, 95 doses",,3.99,2.33,1710,L,€/L,,,https://driveimg1.intermarche.com/pt/Content/images/boitmal/produit/zoom/1A92BA40F7151350053A912CC4251BEE.jpg,,,,,2025-06-18T23:59:59.999999999+01:00,PROSPECTUS,13,3,,
52780,8711327621015,825.0,Carte DOr,"Gelado stracciatella, 825 ml",,3.59,4.35,825,L,€/L,,Tipo de stockagem,https://driveimg1.intermarche.com/pt/Content/images/boitmal/produit/zoom/9077E20C19CAF03342D46F370AD9A5BA.jpg,https://driveimg1.intermarche.com/pt/Content/images/boitmal/produit/zoom/96ACD079643DD28D2A3D30A5732CD591.jpg,https://driveimg1.intermarche.com/pt/Content/images/boitmal/produit/zoom/96ACD079643DD28D2A3D30A5732CD591.jpg,,,2025-06-18T23:59:59.999999999+01:00,PROSPECTUS,13,3,,
52785,5900020043504,310.0,Nestlé,"Cereais Fibra Fitness 0% Mel, 310g",,2.99,9.65,0,kg,€/Kg,,,https://driveimg1.intermarche.com/pt/Content/images/boitmal/produit/zoom/8279A6B5BC166AA60A43E6EF7802287B.jpg,,,,,2025-06-18T23:59:59.999999999+01:00,PROSPECTUS,13,3,,
53000,8410199025357,170.0,LayS,Batatas gourmet finissima 170 g,,1.59,9.35,0,kg,€/Kg,,,https://driveimg1.intermarche.com/pt/Content/images/boitmal/produit/zoom/C1F9A5A136798AD56EECF2676BEF2065.jpg,https://driveimg1.intermarche.com/pt/Content/images/boitmal/produit/zoom/477A3ECD46364DE018D2E409C1F73223.jpg,https://driveimg1.intermarche.com/pt/Content/images/boitmal/produit/zoom/477A3ECD46364DE018D2E409C1F73223.jpg,https://driveimg1.intermarche.com/pt/Content/images/boitmal/produit/zoom/477A3ECD46364DE018D2E409C1F73223.jpg,,2025-06-18T23:59:59.999999999+01:00,PROSPECTUS,13,3,,
53111,8719200265363,225.0,Becel,"Creme vegetal sabor a manteiga, 225g",,1.99,8.84,0,kg,€/Kg,,,https://driveimg1.intermarche.com/pt/Content/images/boitmal/produit/zoom/71ED12B72ED539E4329172F183CC7125.jpg,https://driveimg1.intermarche.com/pt/Content/images/boitmal/produit/zoom/FA519325BFCA20987555199B2C1C344E.jpg,https://driveimg1.intermarche.com/pt/Content/images/boitmal/produit/zoom/FA519325BFCA20987555199B2C1C344E.jpg,https://driveimg1.intermarche.com/pt/Content/images/boitmal/produit/zoom/FA519325BFCA20987555199B2C1C344E.jpg,,2025-06-18T23:59:59.999999999+01:00,PROSPECTUS,13,3,,
53210,8719200260313,200.0,Tulicreme,"Creme de barrar de cacau, 200g",,1.49,7.45,0,kg,€/Kg,,,https://driveimg1.intermarche.com/pt/Content/images/boitmal/produit/zoom/B830145A76E98B2DF2235A66EC3F737D.jpg,https://driveimg1.intermarche.com/pt/Content/images/boitmal/produit/zoom/227625047AD5029BEC7D9A670DE11417.jpg,https://driveimg1.intermarche.com/pt/Content/images/boitmal/produit/zoom/227625047AD5029BEC7D9A670DE11417.jpg,https://driveimg1.intermarche.com/pt/Content/images/boitmal/produit/zoom/227625047AD5029BEC7D9A670DE11417.jpg,https://driveimg1.intermarche.com/pt/Content/images/boitmal/produit/zoom/227625047AD5029BEC7D9A670DE11417.jpg,2025-06-18T23:59:59.999999999+01:00,PROSPECTUS,13,3,https://driveimg1.intermarche.com/pt/Content/images/boitmal/produit/zoom/227625047AD5029BEC7D9A670DE11417.jpg,
53292,8719200265424,450.0,Becel,"Creme vegetal culinária, 450g",,2.49,5.53,0,kg,€/Kg,,,https://driveimg1.intermarche.com/pt/Content/images/boitmal/produit/zoom/731104623BFBA291592C36763AD2ACB6.jpg,https://driveimg1.intermarche.com/pt/Content/images/boitmal/produit/zoom/FE0F50DA9FD82BB1CA28828D6783A017.jpg,https://driveimg1.intermarche.com/pt/Content/images/boitmal/produit/zoom/FE0F50DA9FD82BB1CA28828D6783A017.jpg,https://driveimg1.intermarche.com/pt/Content/images/boitmal/produit/zoom/FE0F50DA9FD82BB1CA28828D6783A017.jpg,,2025-06-18T23:59:59.999999999+01:00,PROSPECTUS,13,3,,
53662,5000204758184,400.0,Raid,Insecticida Spray Multi Insectos,Embalagem de 400ml,5.59,13.98,400,L,€/L,,,https://driveimg1.intermarche.com/pt/Content/images/boitmal/produit/zoom/B915DBAFECD5B685BDF465AE97BCD03C.jpg,,,,,2025-08-06T23:59:59.999999999+01:00,PROSPECTUS,13,3,,
5371,5601237001102,750.0,Catarina,"Vinho branco península de setúbal, garrafa de 0,75 l",,5.69,7.59,750,L,€/L,,,https://driveimg1.intermarche.com/pt/Content/images/boitmal/produit/zoom/19D4BC955B202F07F9D85CD38607782B.jpg,,,,,2025-06-25T23:59:59.999999999+01:00,PROSPECTUS,13,3,,
5411,5601286277787,500.0,Milaneza,"Massa tagliatelle com ovo, embalagem de 500g",,2.04,4.08,0,kg,€/Kg,,,https://driveimg1.intermarche.com/pt/Content/images/boitmal/produit/zoom/8E5CC70FF32EA78E08FBEFF7CF75AD7B.jpg,,,,,2025-06-18T23:59:59.999999999+01:00,PROSPECTUS,13,3,,
54349,5601217138040,1332.0,Quanto,"Amaciador roupa concentrado ametista e íris, 74d",,2.99,2.24,1332,L,€/L,,,https://driveimg1.intermarche.com/pt/Content/images/boitmal/produit/zoom/AA97CA06C6A5E4D6FDDA513779ACDB8A.jpg,,,,,2025-06-18T23:59:59.999999999+01:00,PROSPECTUS,13,3,,
54511,5000204356564,,Glade,"Vela Bubbly Berry Splash, 112g",,2.49,2.49,112,,€/Unidade,,,https://driveimg1.intermarche.com/pt/Content/images/boitmal/produit/zoom/5E7C03F14221F5459DBE97B1ABCC89B7.jpg,,,,,2025-06-18T23:59:59.999999999+01:00,PROSPECTUS,13,3,,
54774,5601151964217,300.0,Compal,"Sumo 100% laranja, 0.30 l",,0.79,2.63,300,L,€/L,,,https://driveimg1.intermarche.com/pt/Content/images/boitmal/produit/zoom/C1CF346B9C14F2909AF429D2833DC423.jpg,,,,,2025-06-18T23:59:59.999999999+01:00,PROSPECTUS,13,3,,
54799,5603722521263,604.0,Mimosa,Iogurte magro liquido frutos silvestres 4 x 151 ml,,1.49,2.47,604,L,€/L,,,https://driveimg1.intermarche.com/pt/Content/images/boitmal/produit/zoom/783E43940BBBFF2CB63BFFCCB1232BA5.jpg,,,,,2025-06-18T23:59:59.999999999+01:00,PROSPECTUS,13,3,,
54806,5603722521232,604.0,Mimosa,"Iogurte magro liquido ananás, 4x151ml",,1.49,2.47,604,L,€/L,,,https://driveimg1.intermarche.com/pt/Content/images/boitmal/produit/zoom/D981284783DF4A8CA45CC5B90BEC5E71.jpg,,,,,2025-06-18T23:59:59.999999999+01:00,PROSPECTUS,13,3,,
54807,5603722521249,604.0,Mimosa,"Iogurte magro liquido frutos tropicais, 4 x 151 ml",,1.49,2.47,604,L,€/L,,,https://driveimg1.intermarche.com/pt/Content/images/boitmal/produit/zoom/C77456F505DA2CCD8DCF28975C13CB45.jpg,,,,,2025-06-18T23:59:59.999999999+01:00,PROSPECTUS,13,3,,
54813,8711327633353,240.0,Olá,"Gelado disney rei leão, 4 x 60 ml",,2.99,12.46,240,L,€/L,,Tipo de stockagem,https://driveimg1.intermarche.com/pt/Content/images/boitmal/produit/zoom/21302EFD090838C1C95742BB4D804C91.jpg,,,,,2025-06-18T23:59:59.999999999+01:00,PROSPECTUS,13,3,,
54826,5601164906334,330.0,Somersby,"Sidra pera 0.0%, lata 0.33l",,0.99,3.0,330,L,€/L,,,https://driveimg1.intermarche.com/pt/Content/images/boitmal/produit/zoom/879F25C556A0438871B312810D37D6A4.jpg,,,,,2025-06-18T23:59:59.999999999+01:00,PROSPECTUS,13,3,,
54891,8700216443647,325.0,Pantene,"Champô Pro-V Active Nutri-Plex Anticaspa, 325ml",,3.94,12.12,325,L,€/L,,,https://driveimg1.intermarche.com/pt/Content/images/boitmal/produit/zoom/866D8EA218892925315346F23B26BAF5.jpg,,,,,2025-06-18T23:59:59.999999999+01:00,PROSPECTUS,13,3,,
54893,8700216442978,325.0,Pantene,"Champô Pro-V Active Nutri-Plex Cuidado Clássico, 325ml",,3.94,12.12,325,L,€/L,,,https://driveimg1.intermarche.com/pt/Content/images/boitmal/produit/zoom/B2290A645A2396AA428BD0D525C34EAB.jpg,,,,,2025-06-18T23:59:59.999999999+01:00,PROSPECTUS,13,3,,
55245,8719200021242,500.0,Becel,"Creme Culinário Líquido, 500ml",,2.99,5.98,500,L,€/L,,,https://driveimg1.intermarche.com/pt/Content/images/boitmal/produit/zoom/478344CAF06A9054474A177948CC3583.jpg,,,,,2025-06-18T23:59:59.999999999+01:00,PROSPECTUS,13,3,,
55286,8414100380160,1000.0,Schweppes,"Refrigerante com Gás Citrus Zero Açúcar, 1L",,1.09,1.09,1000,L,€/L,,,https://driveimg1.intermarche.com/pt/Content/images/boitmal/produit/zoom/766E0722FC725A80C881A7C520F72ACD.jpg,,,,,2025-06-25T23:59:59.999999999+01:00,PROSPECTUS,13,3,,
55472,8445291133808,200.0,Buondi,"Café em Grão Extreme, 200g",,3.39,16.95,0,kg,€/Kg,,,https://driveimg1.intermarche.com/pt/Content/images/boitmal/produit/zoom/5FF1C76294908D909AC512A092455845.jpg,,,,,2025-06-18T23:59:59.999999999+01:00,PROSPECTUS,13,3,,
5568,5602042100707,700.0,Licor Beirão,"Licor, garrafa de 700 ml",,11.99,17.13,700,L,€/L,,,https://driveimg1.intermarche.com/pt/Content/images/boitmal/produit/zoom/07C8FF4320A08C5A6B4CACC9EE87EA83.jpg,,,,,2025-06-25T23:59:59.999999999+01:00,PROSPECTUS,13,3,,
56083,8711327642034,520.0,Ola,"Gelado Sandwich Filipinos, 4x130ml",,3.99,7.67,520,L,€/L,,Tipo de stockagem,https://driveimg1.intermarche.com/pt/Content/images/boitmal/produit/zoom/40C569E6C728A3ECA2DAA98A1E8AB046.jpg,,,,,2025-06-18T23:59:59.999999999+01:00,PROSPECTUS,13,3,,
6404,8410376017113,500.0,Gullón,"Bolacha recheada mega duo chocolate, embalagem de 500g",,2.69,5.38,0,kg,€/Kg,,,https://driveimg1.intermarche.com/pt/Content/images/boitmal/produit/zoom/C45733893FB084218EB8D5FCB2E025BB.jpg,,,,,2025-06-18T23:59:59.999999999+01:00,PROSPECTUS,13,3,,
6689,8435257022567,720.0,Longa vida,"Iogurte magro morango, embalagem de 6 x 120g",,2.29,3.18,0,kg,€/Kg,,,https://driveimg1.intermarche.com/pt/Content/images/boitmal/produit/zoom/C7D81FD136DA0ED21FA11EE161602678.jpg,,,,,2025-06-18T23:59:59.999999999+01:00,PROSPECTUS,13,3,,
7231,3059941005008,750.0,Harpic,"Gel wc tripla ação com lixívia, de 750 ml",,1.99,2.65,750,L,€/L,,,https://driveimg1.intermarche.com/pt/Content/images/boitmal/produit/zoom/709DE4E0C5656AA740292F75F71F1AE8.jpg,,,,,2025-06-18T23:59:59.999999999+01:00,PROSPECTUS,13,3,,
7255,3083681022865,400.0,Bonduelle,"Grelos, embalagem de 400 g",,1.85,4.63,0,kg,€/Kg,,Tipo de stockagem,https://driveimg1.intermarche.com/pt/Content/images/boitmal/produit/zoom/E7343960F8BC499EF6CB7EC55E3F60F1.jpg,,,,,2025-06-18T23:59:59.999999999+01:00,PROSPECTUS,13,3,,
7994,5000204700398,,Raid,"Inseticida, recarga, elétrico, pack 2",1 embalagem com 2x27ml,7.59,7.59,0,,€/Unidade,,,https://driveimg1.intermarche.com/pt/Content/images/boitmal/produit/zoom/14C1FAF83F88740F609DED3B0E2D51E7.jpg,,,,,2025-08-06T23:59:59.999999999+01:00,PROSPECTUS,13,3,,
8068,5011417544679,400.0,Finish,Abrilhantador p/ máquina de lavar loiça,Garrafa de 400 ml,4.99,12.48,400,L,€/L,,,https://driveimg1.intermarche.com/pt/Content/images/boitmal/produit/zoom/5D045CC65EE222532216DB5B0BF2A582.jpg,,,,,2025-06-18T23:59:59.999999999+01:00,PROSPECTUS,13,3,,
8319,5601028017305,,Renova,Papel Higiénico Olé Branco 2 Folhas,38 Rolos + 10 Rolos Grátis,7.29,7.29,0,,€/Unidade,,,https://driveimg1.intermarche.com/pt/Content/images/boitmal/produit/zoom/5F618AB20DB350B94A7783BCF08F8F6B.jpg,,,,,2025-06-18T23:59:59.999999999+01:00,PROSPECTUS,13,3,,
8384,5601049133992,1000.0,Mimosa,"Leite uht magro, embalagem de 1litro",,0.9,0.9,1000,L,€/L,,,https://driveimg1.intermarche.com/pt/Content/images/boitmal/produit/zoom/128AB814EBA9C0783B386EB2E0A38CC9.jpg,https://driveimg1.intermarche.com/pt/Content/images/boitmal/produit/zoom/8C350978140C257D0AAD7365CD133F0C.jpg,https://driveimg1.intermarche.com/pt/Content/images/boitmal/produit/zoom/B9BED9F397071733FB4D36CBE39ECDBA.jpg,,,2025-06-18T23:59:59.999999999+01:00,PROSPECTUS,13,3,,
8397,5601050016017,600.0,Danone,"Danacol morango, embalagem de 6 x 100 g",,2.99,4.98,0,kg,€/Kg,,,https://driveimg1.intermarche.com/pt/Content/images/boitmal/produit/zoom/F76543BD64340CC9668C447CAE3F75A1.jpg,,,,,2025-06-18T23:59:59.999999999+01:00,PROSPECTUS,13,3,,
8398,5601050016024,600.0,Danone,"Danacol natural, embalagem de 6 x 100g",,2.99,4.98,0,kg,€/Kg,,,https://driveimg1.intermarche.com/pt/Content/images/boitmal/produit/zoom/E05E5353FD11FB2707504DEA431D86EA.jpg,,,,,2025-06-18T23:59:59.999999999+01:00,PROSPECTUS,13,3,,
8795,5601237241225,750.0,JP,Vinho regional península de setúbal tinto,Garrafa de 0.75 l,2.19,2.92,750,L,€/L,,,https://driveimg1.intermarche.com/pt/Content/images/boitmal/produit/zoom/F5BE43DFD5A094527765C3E1C490CDE0.jpg,,,,,2025-06-25T23:59:59.999999999+01:00,PROSPECTUS,13,3,,
8800,5601244201922,200.0,Terra Nostra,"Queijo em fatias redução de gordura, embalagem de 200g",,2.39,11.95,0,kg,€/Kg,,,https://driveimg1.intermarche.com/pt/Content/images/boitmal/produit/zoom/6B2399E90B535FA164E40698DA708319.jpg,,,,,2025-06-18T23:59:59.999999999+01:00,PROSPECTUS,13,3,,
8912,5601356013161,750.0,Porta da Ravessa,"Vinho doc alentejo branco, garrafa de 750 ml",,2.19,2.92,750,L,€/L,,,https://driveimg1.intermarche.com/pt/Content/images/boitmal/produit/zoom/B2B567FB002E24CD5B274D93F2B326E7.jpg,,,,,2025-06-25T23:59:59.999999999+01:00,PROSPECTUS,13,3,,
8933,5601377339080,750.0,Monsaraz,"Vinho doc alentejo tinto, garrafa de 0,75 l",,3.49,4.65,750,L,€/L,,,https://driveimg1.intermarche.com/pt/Content/images/boitmal/produit/zoom/91D66AE5F752617A4B7436C49147FA1C.jpg,,,,,2025-06-25T23:59:59.999999999+01:00,PROSPECTUS,13,3,,
9184,5602348062754,70.0,Damatta,Presunto sabor português fatiado,Embalagem de 70 g,2.29,32.71,0,kg,€/Kg,,,https://driveimg1.intermarche.com/pt/Content/images/boitmal/produit/zoom/9AE2DBDD0E054DD3DCAC93A9D0EE8ECE.jpg,,,,,2025-06-25T23:59:59.999999999+01:00,PROSPECTUS,13,3,,
9243,5603016133455,750.0,Adega de Pegões,"Vinho tinto península de setúbal, garrafa de 750 ml",,1.54,2.05,750,L,€/L,,,https://driveimg1.intermarche.com/pt/Content/images/boitmal/produit/zoom/7AD91E30166383C07E4A25E4E09D96CF.jpg,,,,,2025-06-25T23:59:59.999999999+01:00,PROSPECTUS,13,3,,
9380,5604260031184,750.0,Selecção de Enófilos,Moscatel de setúbal,"Garrafa de 0,75 l",3.89,5.19,750,L,€/L,,,https://driveimg1.intermarche.com/pt/Content/images/boitmal/produit/zoom/C3CF1E1979EAA1A2C8B45420EF98FD9B.jpg,,,,,2025-06-25T23:59:59.999999999+01:00,PROSPECTUS,13,3,,
9396,5604260326747,750.0,Selecção de Enófilos,Vinho frisante branco,Garrafa de 750 ml,1.49,1.99,750,L,€/L,,,https://driveimg1.intermarche.com/pt/Content/images/boitmal/produit/zoom/795B86C8A6258A61029ABFC483DA17C4.jpg,,,,,2025-06-25T23:59:59.999999999+01:00,PROSPECTUS,13,3,,
9397,5604260326754,750.0,Selecção de Enófilos,Vinho frisante rosé,Garrafa de 750 ml,1.49,1.99,750,L,€/L,,,https://driveimg1.intermarche.com/pt/Content/images/boitmal/produit/zoom/4F12D408CC29FAD55874E3B87049ACF8.jpg,,,,,2025-06-25T23:59:59.999999999+01:00,PROSPECTUS,13,3,,
9565,5604260251469,1500.0,PorSi,Água com gás,"Garrafa de 1,5 l",0.49,0.33,1500,L,€/L,,,https://driveimg1.intermarche.com/pt/Content/images/boitmal/produit/zoom/CAFE9D085185E704032031C5A2753566.jpg,,,,,2025-06-18T23:59:59.999999999+01:00,PROSPECTUS,13,3,,
974,5601024105051,3000.0,Fula,Óleo alimentar,Embalagem 3L,5.85,1.95,3000,L,€/L,,,https://driveimg1.intermarche.com/pt/Content/images/boitmal/produit/zoom/D641E1D4A518E21E0D8C212FCA92F32A.jpg,,,,,2025-06-18T23:59:59.999999999+01:00,PROSPECTUS,13,3,,
49460,7613287300362,99.0,Nescafé,Café Buondi Intensidade 8,16 cápsulas,5.99,60.51,0,kg,€/Kg,,,https://driveimg1.intermarche.com/pt/Content/images/boitmal/produit/zoom/E4BCDB4A1998B45DA9767B093A961A1E.jpg,,,,,2025-06-18T23:59:59.999999999+01:00,PROSPECTUS,13,3,,
36661,5604260296781,200.0,PorSi,Leite com chocolate,Embalagem de 200 ml,0.31,1.55,200,L,€/L,,,https://driveimg1.intermarche.com/pt/Content/images/boitmal/produit/zoom/EC564062426ADD8C0F594B4A35713C45.jpg,,,,,2025-06-18T23:59:59.999999999+01:00,PROSPECTUS,13,3,,
9692,5604260270644,1000.0,PorSi,Lasanha à Bolonhesa,Embalagem de 1 kg,4.49,4.49,0,kg,€/Kg,,,https://driveimg1.intermarche.com/pt/Content/images/boitmal/produit/zoom/595A20D8C881F56034BBF0051C161610.jpg,,,,,2025-06-18T23:59:59.999999999+01:00,PROSPECTUS,13,3,,
52880,8719200267794,450.0,Becel,"Creme vegetal de barrar com sabor a manteiga, 450g",,3.56,7.91,0,kg,€/Kg,,,https://driveimg1.intermarche.com/pt/Content/images/boitmal/produit/zoom/E2EFE8BE5E96AF9FCA9D840059BF696C.jpg,https://driveimg1.intermarche.com/pt/Content/images/boitmal/produit/zoom/287D301C66C180312FAA8A3BAE7EA710.jpg,https://driveimg1.intermarche.com/pt/Content/images/boitmal/produit/zoom/287D301C66C180312FAA8A3BAE7EA710.jpg,https://driveimg1.intermarche.com/pt/Content/images/boitmal/produit/zoom/287D301C66C180312FAA8A3BAE7EA710.jpg,,2025-06-18T23:59:59.999999999+01:00,PROSPECTUS,13,3,,
36263,5601027973060,480.0,Bimbo,Pão de forma integral,Embalagem de 480 g,1.89,3.94,0,kg,€/Kg,,,https://driveimg1.intermarche.com/pt/Content/images/boitmal/produit/zoom/34F016B3F162809D8E0423F1C3245DFD.jpg,,,,,2025-06-18T23:59:59.999999999+01:00,PROSPECTUS,13,3,,
36521,5604260295326,1500.0,PorSi,"Refrigerante sem gás, laranja","Garrafa de 1,5 l",0.99,0.66,1500,L,€/L,,,https://driveimg1.intermarche.com/pt/Content/images/boitmal/produit/zoom/A6AF9ACD344C832F0E5F8232BBCCDC50.jpg,,,,,2025-06-18T23:59:59.999999999+01:00,PROSPECTUS,13,3,,
7105,2894508000000,100.0,Primor,Bacon Extra,"Vendido ao peso, fatiado a partir de 100 gr",1.2,11.99,0,,€/Kg,,,https://driveimg1.intermarche.com/pt/Content/images/boitmal/produit/zoom/BE4896B3454C5EEBE0D9BE9663BD4C36.jpg,,,,,2025-06-18T23:59:59.999999999+01:00,PROSPECTUS,13,3,,
14896,2892259000000,800.0,Fruta,Meloa Canteloupe,1un=800 g (aprox.),1.59,1.99,0,,€/Kg,,,https://driveimg1.intermarche.com/pt/Content/images/boitmal/produit/zoom/E74C4DF9251AE472CD4A5B0B6EF7098B.jpg,,,,,2025-06-18T23:59:59.999999999+01:00,PROSPECTUS,13,3,,
5977,5604260274086,,PorSi,"Acendalha branca, 32 cubos",,0.99,0.99,0,,€/Unidade,,,https://driveimg1.intermarche.com/pt/Content/images/boitmal/produit/zoom/5D848885F4F58352BFD5FA139BD7FC0A.jpg,https://driveimg1.intermarche.com/pt/Content/images/boitmal/produit/zoom/1FFF9F1373872F7DE961EE146FD1DAB4.jpg,https://driveimg1.intermarche.com/pt/Content/images/boitmal/produit/zoom/1FFF9F1373872F7DE961EE146FD1DAB4.jpg,,,2025-08-06T23:59:59.999999999+01:00,PROSPECTUS,13,3,,
11982,5603802400020,750.0,Fiuza,"Vinho branco tejo sauvignon, garrafa de 750 ml",,4.99,6.65,750,L,€/L,,,https://driveimg1.intermarche.com/pt/Content/images/boitmal/produit/zoom/996291488226B375A67E39537E454FD9.jpg,,,,,2025-06-25T23:59:59.999999999+01:00,PROSPECTUS,13,3,,
44702,5053990155354,175.0,Pringles,"Snacks batata sour cream & onion, embalagem de 175g",,2.39,13.66,0,kg,€/Kg,,,https://driveimg1.intermarche.com/pt/Content/images/boitmal/produit/zoom/0C0E56E5BC42C468A1D6A594D5BD0C63.jpg,https://driveimg1.intermarche.com/pt/Content/images/boitmal/produit/zoom/3743B152C095FACA5BB155343DC8A7EE.jpg,https://driveimg1.intermarche.com/pt/Content/images/boitmal/produit/zoom/3743B152C095FACA5BB155343DC8A7EE.jpg,https://driveimg1.intermarche.com/pt/Content/images/boitmal/produit/zoom/3743B152C095FACA5BB155343DC8A7EE.jpg,https://driveimg1.intermarche.com/pt/Content/images/boitmal/produit/zoom/3743B152C095FACA5BB155343DC8A7EE.jpg,2025-06-25T23:59:59.999999999+01:00,PROSPECTUS,13,3,,
49359,5601146700066,6000.0,Sagres,"Cerveja com álcool, pack 24 x 0.25 l",,11.69,1.95,6000,L,€/L,,,https://driveimg1.intermarche.com/pt/Content/images/boitmal/produit/zoom/67C6D1253BB0D82F02E1633DF741EA25.jpg,https://driveimg1.intermarche.com/pt/Content/images/boitmal/produit/zoom/B2E3D57423A20C8E7B4C1173F1457C2E.jpg,,,,2025-06-25T23:59:59.999999999+01:00,PROSPECTUS,13,3,,
41437,5604260305773,170.0,PorSi Select,Chouriço de porco preto,Embalagem de 170 g,2.69,15.82,0,kg,€/Kg,,,https://driveimg1.intermarche.com/pt/Content/images/boitmal/produit/zoom/9AF028948550CC79F4506D20250D6D94.jpg,,,,,2025-06-25T23:59:59.999999999+01:00,PROSPECTUS,13,3,,
46841,5604260318940,750.0,PorSi Viva Bem,"Iogurtes magros aroma morango,  6 x 125 g",,1.2,1.6,0,kg,€/Kg,,,https://driveimg1.intermarche.com/pt/Content/images/boitmal/produit/zoom/FAE81D187B49A173052F912072180DE4.jpg,,,,,2025-06-18T23:59:59.999999999+01:00,PROSPECTUS,13,3,,
1988,5604260063383,350.0,PorSi,Mini Tostas de Trigo,Embalagem de 350 g,2.09,5.97,0,kg,€/Kg,,,https://driveimg1.intermarche.com/pt/Content/images/boitmal/produit/zoom/0215D12BDD107E1A2372B3F823BE30C6.jpg,,,,,2025-06-25T23:59:59.999999999+01:00,PROSPECTUS,13,3,,
47678,5604260319572,96.0,PorSi,Café Splendido,16 cápsulas,3.95,41.15,0,kg,€/Kg,,,https://driveimg1.intermarche.com/pt/Content/images/boitmal/produit/zoom/BE18676367C8B5BB22F7EEF5D41DB56F.jpg,,,,,2025-06-18T23:59:59.999999999+01:00,PROSPECTUS,13,3,,
7244,3073781050196,140.0,A Vaca Que Ri,"Queijo em palitos, embalagem de 140g",,1.99,14.21,0,kg,€/Kg,,,https://driveimg1.intermarche.com/pt/Content/images/boitmal/produit/zoom/59688D92D0C575A8192F1081AFBE3DC1.jpg,,,,,2025-06-18T23:59:59.999999999+01:00,PROSPECTUS,13,3,,
2445,5998749109113,270.0,Pedigree,"Snack dentastix grande, embalagem de 270g",,3.44,12.74,0,kg,€/Kg,,,https://driveimg1.intermarche.com/pt/Content/images/boitmal/produit/zoom/35241472DE7F17B0C520CB43E029E0A7.jpg,,,,,2025-06-18T23:59:59.999999999+01:00,PROSPECTUS,13,3,,
50658,7622201724443,150.0,Philadelphia,Queijo creme philadelphia light 150g,,1.79,11.93,0,kg,€/Kg,,,https://driveimg1.intermarche.com/pt/Content/images/boitmal/produit/zoom/8FABEA35481B05FDB647E4BD69595A1D.jpg,,,,,2025-06-18T23:59:59.999999999+01:00,PROSPECTUS,13,3,,
1433,5601260036102,1000.0,Cigala,"Arroz carolino, embalagem de 1 kg",,1.54,1.54,0,kg,€/Kg,,,https://driveimg1.intermarche.com/pt/Content/images/boitmal/produit/zoom/D96A08349D04F12B168FA774344BCEF6.jpg,,,,,2025-06-18T23:59:59.999999999+01:00,PROSPECTUS,13,3,,
14194,5604260271108,270.0,PorSi,"Iogurte vidro pedaços morango,  2 x 135 g",,1.19,4.41,0,kg,€/Kg,,,https://driveimg1.intermarche.com/pt/Content/images/boitmal/produit/zoom/E59459736DB4D0C0EA7A8873AE378825.jpg,,,,,2025-06-18T23:59:59.999999999+01:00,PROSPECTUS,13,3,,
22981,5606586004620,250.0,Legumes,Espargos Verdes,embalagem com 250g,2.79,11.16,0,kg,€/Kg,,,https://driveimg1.intermarche.com/pt/Content/images/boitmal/produit/zoom/D5D953D3AA18F6B6895DACA54196E120.jpg,,,,,2025-06-18T23:59:59.999999999+01:00,PROSPECTUS,13,3,,
27489,8434165466395,168.0,Cuétara,"Bolacha tosta rica choco guay, embalagem de 170g",,1.69,10.06,0,kg,€/Kg,,,https://driveimg1.intermarche.com/pt/Content/images/boitmal/produit/zoom/76BB975EAEE4F104FAFBAFD9E77D2DB2.jpg,,,,,2025-06-18T23:59:59.999999999+01:00,PROSPECTUS,13,3,,
41714,5604260307746,750.0,PorSi Viva Bem,"Iogurte natural 0%,  6 x 125 g",,1.2,1.6,0,kg,€/Kg,,,https://driveimg1.intermarche.com/pt/Content/images/boitmal/produit/zoom/6F36834B96B5F12A8DC2C812AED78D88.jpg,,,,,2025-06-18T23:59:59.999999999+01:00,PROSPECTUS,13,3,,
13094,2893070000000,150.0,Peixaria,Carapau Médio Fresco,1 un = 150 gr (aprox.),0.52,3.49,0,,€/Kg,,,https://driveimg1.intermarche.com/pt/Content/images/boitmal/produit/zoom/9E2B2401113767EAD496436587CA5A46.jpg,,,,,2025-06-18T23:59:59.999999999+01:00,PROSPECTUS,13,3,,
37603,5601244700005,250.0,Terra Nostra,"Manteiga sem sal terra nostra, embalagem de 250g",,2.29,9.16,0,kg,€/Kg,,,https://driveimg1.intermarche.com/pt/Content/images/boitmal/produit/zoom/825AD5ABA4663129CA24B0F2114DECAD.jpg,,,,,2025-06-18T23:59:59.999999999+01:00,PROSPECTUS,13,3,,
49964,8719200238176,225.0,Becel,"Creme de barrar, embalagem de 225g",,1.99,8.84,0,kg,€/Kg,,,https://driveimg1.intermarche.com/pt/Content/images/boitmal/produit/zoom/02C3B8CB4BF40DA381639A6BD63AEBA6.jpg,,,,,2025-06-18T23:59:59.999999999+01:00,PROSPECTUS,13,3,,
15687,5000116109234,700.0,Iglo,"Ervilhas, embalagem de 700g",,3.98,5.69,0,kg,€/Kg,,Tipo de stockagem,https://driveimg1.intermarche.com/pt/Content/images/boitmal/produit/zoom/AC9F197DD289CE6E6A9903FC824FDD75.jpg,,,,,2025-06-18T23:59:59.999999999+01:00,PROSPECTUS,13,3,,
44701,5053990156009,175.0,Pringles,"Snacks batata original, embalagem de 175g",,2.39,13.66,0,kg,€/Kg,,,https://driveimg1.intermarche.com/pt/Content/images/boitmal/produit/zoom/BE87AADF1BA674A5818FDF008937F90A.jpg,https://driveimg1.intermarche.com/pt/Content/images/boitmal/produit/zoom/843E1395B62C4B40E91467CF90852642.jpg,https://driveimg1.intermarche.com/pt/Content/images/boitmal/produit/zoom/843E1395B62C4B40E91467CF90852642.jpg,https://driveimg1.intermarche.com/pt/Content/images/boitmal/produit/zoom/843E1395B62C4B40E91467CF90852642.jpg,,2025-06-25T23:59:59.999999999+01:00,PROSPECTUS,13,3,,
861,5010394996587,500.0,Pedigree,"Guloseima para cão markies, embalagem de 500g",,3.59,7.18,0,kg,€/Kg,,,https://driveimg1.intermarche.com/pt/Content/images/boitmal/produit/zoom/F33E65574F1E1B31A1F045354DE41660.jpg,,,,,2025-06-18T23:59:59.999999999+01:00,PROSPECTUS,13,3,,
1230,5601146232512,1500.0,Joi,"Refrigerante sem gás, maracujá e la, garrafa de 1,5 l",,1.29,0.86,1500,L,€/L,,,https://driveimg1.intermarche.com/pt/Content/images/boitmal/produit/zoom/430468AF369DBE1139E298A0EA69B620.jpg,,,,,2025-06-25T23:59:59.999999999+01:00,PROSPECTUS,13,3,,
2123,5604260252275,180.0,PorSi,Mini tostas integrais,Embalagem de 180g,1.49,8.28,0,kg,€/Kg,,,https://driveimg1.intermarche.com/pt/Content/images/boitmal/produit/zoom/EE0A94B6FEE04D9A799E630FA9817CDB.jpg,,,,,2025-06-25T23:59:59.999999999+01:00,PROSPECTUS,13,3,,
35655,5604260292844,300.0,PorSi,Palmiers,Embalagem de 300 g,1.69,5.63,0,kg,€/Kg,,,https://driveimg1.intermarche.com/pt/Content/images/boitmal/produit/zoom/6447A7B26ED89CB120DA67E7F244C415.jpg,,,,,2025-06-18T23:59:59.999999999+01:00,PROSPECTUS,13,3,,
13585,2893580000000,250.0,Marisco,Gambão Congelado 20/30,Vendido a partir de 250 (aprox.),2.5,9.99,0,,€/Kg,,Avantages !,https://driveimg1.intermarche.com/pt/Content/images/boitmal/produit/zoom/8045A02528560B0A77B8815B2FADD1B4.jpg,,,,,2025-06-25T23:59:59.999999999+01:00,PROSPECTUS,13,3,,
16492,8718951037847,500.0,Ajax,"Limpa vidros pistola, tripla acção, embalagem de 500 ml",,1.97,3.94,500,L,€/L,,,https://driveimg1.intermarche.com/pt/Content/images/boitmal/produit/zoom/835152AD536CA633AE488A10E244161F.jpg,,,,,2025-06-18T23:59:59.999999999+01:00,PROSPECTUS,13,3,,
42845,5604260287154,200.0,PorSi,Amendoim caramelizado,Embalagem de 200g,1.39,6.95,0,kg,€/Kg,,,https://driveimg1.intermarche.com/pt/Content/images/boitmal/produit/zoom/ABF2CDFFBAB7CF81DD3B568773A40BE1.jpg,,,,,2025-06-25T23:59:59.999999999+01:00,PROSPECTUS,13,3,,
52600,5601217137951,1710.0,Quanto,"Amaciador roupa concentrado ouro e orquídea branca, 95 doses",,3.99,2.33,1710,L,€/L,,,https://driveimg1.intermarche.com/pt/Content/images/boitmal/produit/zoom/D5BBE20226E42754DBBAD723FC764C65.jpg,,,,,2025-06-18T23:59:59.999999999+01:00,PROSPECTUS,13,3,,
7324,3228020390131,250.0,President,"Manteiga magra meio sal, embalagem de 250g",,2.59,10.36,0,kg,€/Kg,,,https://driveimg1.intermarche.com/pt/Content/images/boitmal/produit/zoom/331DC0C2868698A1CF61BBA910E6E1D6.jpg,,,,,2025-06-18T23:59:59.999999999+01:00,PROSPECTUS,13,3,,
14372,8712100599392,550.0,Calvé,"Ketchup top down, embalagem de 550g",,2.59,4.71,0,kg,€/Kg,,,https://driveimg1.intermarche.com/pt/Content/images/boitmal/produit/zoom/6D3218F33B22BC3205033BC41E176600.jpg,https://driveimg1.intermarche.com/pt/Content/images/boitmal/produit/zoom/FE7F103C359D2D1FD7BF3FDC8DD381BA.jpg,https://driveimg1.intermarche.com/pt/Content/images/boitmal/produit/zoom/FE7F103C359D2D1FD7BF3FDC8DD381BA.jpg,https://driveimg1.intermarche.com/pt/Content/images/boitmal/produit/zoom/FE7F103C359D2D1FD7BF3FDC8DD381BA.jpg,,2025-06-18T23:59:59.999999999+01:00,PROSPECTUS,13,3,,
16042,8410022000025,200.0,Donuts,Donuts classic,Embalagem de 200g,2.19,10.95,0,kg,€/Kg,,,https://driveimg1.intermarche.com/pt/Content/images/boitmal/produit/zoom/E1B9DB77B40B4B4B4AC4E69C7559B6D6.jpg,,,,,2025-06-18T23:59:59.999999999+01:00,PROSPECTUS,13,3,,
35462,8410500023652,300.0,Yopro,"Iogurte liquido proteína yopro morango/framboesa, 300g",,1.99,6.63,0,kg,€/Kg,,,https://driveimg1.intermarche.com/pt/Content/images/boitmal/produit/zoom/0355698CE2ECE716D8F24A21D83D0BA6.jpg,,,,,2025-06-18T23:59:59.999999999+01:00,PROSPECTUS,13,3,,
43768,7613287121783,187.0,Smarties,"Smarties mini chocolate, 187g",,3.59,19.2,0,kg,€/Kg,,,https://driveimg1.intermarche.com/pt/Content/images/boitmal/produit/zoom/044C78E073B5B5B26D68268157615A9F.jpg,https://driveimg1.intermarche.com/pt/Content/images/boitmal/produit/zoom/E8FEE980732B87942B93ED2D1ABFFA78.jpg,https://driveimg1.intermarche.com/pt/Content/images/boitmal/produit/zoom/E8FEE980732B87942B93ED2D1ABFFA78.jpg,https://driveimg1.intermarche.com/pt/Content/images/boitmal/produit/zoom/E8FEE980732B87942B93ED2D1ABFFA78.jpg,https://driveimg1.intermarche.com/pt/Content/images/boitmal/produit/zoom/E8FEE980732B87942B93ED2D1ABFFA78.jpg,2025-06-18T23:59:59.999999999+01:00,PROSPECTUS,13,3,,
5143,5601096201309,750.0,Casal Garcia,"Vinho verde branco, garrafa de 0.75 l",,2.79,3.72,750,L,€/L,,,https://driveimg1.intermarche.com/pt/Content/images/boitmal/produit/zoom/C499325EC5B55389E1608DCDF3310034.jpg,,,,,2025-06-25T23:59:59.999999999+01:00,PROSPECTUS,13,3,,
11503,5601050019100,600.0,Danone,"Danacol frutos exóticos, embalagem de 6 x 100 g",,2.99,4.98,0,kg,€/Kg,,,https://driveimg1.intermarche.com/pt/Content/images/boitmal/produit/zoom/2A16EAD58E7A10ECD338C77C33D25273.jpg,,,,,2025-06-18T23:59:59.999999999+01:00,PROSPECTUS,13,4,,
50377,8445290351357,,Nescafé,"Dolce gusto sical espresso cafés 99.2 g, embalagem de 16 unidades",,5.99,5.99,16,,€/Unidade,,,https://driveimg1.intermarche.com/pt/Content/images/boitmal/produit/zoom/44FD43160B41B883D60D056B524E6B93.jpg,,,,,2025-06-18T23:59:59.999999999+01:00,PROSPECTUS,13,4,,
9113,5601989001566,750.0,Monte Velho,"Vinho branco alentejo, garrafa de 750 ml",,3.99,5.32,750,L,€/L,,,https://driveimg1.intermarche.com/pt/Content/images/boitmal/produit/zoom/7B25882D8E40FB5175386823B109A8BD.jpg,,,,,2025-06-25T23:59:59.999999999+01:00,PROSPECTUS,13,4,,
10842,2895207000000,250.0,Santiago,Queijo 3 Igrejas Cura 2m Pimentão,Vendido ao peso a partir de 250 gr,3.0,11.99,0,,€/Kg,,,https://driveimg1.intermarche.com/pt/Content/images/boitmal/produit/zoom/2F11F4EC63EB49EF2522FB61028743A0.jpg,,,,,2025-06-18T23:59:59.999999999+01:00,PROSPECTUS,13,4,,
1453,5601286207579,500.0,Milaneza,"Massa para lasanha com ovo, embalagem de 500g",,1.93,3.86,0,kg,€/Kg,,,https://driveimg1.intermarche.com/pt/Content/images/boitmal/produit/zoom/CF24B89A0856350191ED577D5DB60D92.jpg,,,,,2025-06-18T23:59:59.999999999+01:00,PROSPECTUS,13,4,,
22395,8712100745614,412.0,HellmannS,"Mionese top down, embalagem de 410g",,2.99,7.26,0,kg,€/Kg,,,https://driveimg1.intermarche.com/pt/Content/images/boitmal/produit/zoom/69FC39D7436E837B71E260D76DC0DC69.jpg,https://driveimg1.intermarche.com/pt/Content/images/boitmal/produit/zoom/8441A970BF19CB238C08CCCD9712CAB2.jpg,https://driveimg1.intermarche.com/pt/Content/images/boitmal/produit/zoom/8441A970BF19CB238C08CCCD9712CAB2.jpg,https://driveimg1.intermarche.com/pt/Content/images/boitmal/produit/zoom/8441A970BF19CB238C08CCCD9712CAB2.jpg,,2025-06-18T23:59:59.999999999+01:00,PROSPECTUS,13,4,,
28507,8006540618752,,Dodot,Fraldas Bebé Seco Extra +14kg T6,Embalagem c/ 48 un.,13.49,13.49,0,,€/Unidade,,,https://driveimg1.intermarche.com/pt/Content/images/boitmal/produit/zoom/3B2C8C276E6D8600A83CC88CD26B6A19.jpg,,,,,2025-06-18T23:59:59.999999999+01:00,PROSPECTUS,13,4,,
29690,5029053010052,,Scottex,Papel Higiénico Húmido Fresh,1 Embalagem c/42 unidades,1.15,1.15,0,,€/Unidade,,,https://driveimg1.intermarche.com/pt/Content/images/boitmal/produit/zoom/D7A0DFA7ECDD445D8F263C486D20279A.jpg,,,,,2025-06-18T23:59:59.999999999+01:00,PROSPECTUS,13,4,,
44684,8002230000302,700.0,Aperol,"Aperol, 700 ml",,15.49,22.13,700,L,€/L,,,https://driveimg1.intermarche.com/pt/Content/images/boitmal/produit/zoom/86958346780D70B7808604DB5C5938BA.jpg,,,,,2025-06-25T23:59:59.999999999+01:00,PROSPECTUS,13,4,,
48476,5604260323012,400.0,PorSi,Comida húmida para gato júnior,Embalagem de 4 x 100 g,1.89,4.73,0,kg,€/Kg,,,https://driveimg1.intermarche.com/pt/Content/images/boitmal/produit/zoom/132F1547DAD16000C7A850DD746706C0.jpg,,,,,2025-06-18T23:59:59.999999999+01:00,PROSPECTUS,13,4,,
5095,5601050026405,300.0,Danone,"Queijinho dadoninho petitdino de morango, embalagem de 6 x 50g",,1.99,6.63,0,kg,€/Kg,,,https://driveimg1.intermarche.com/pt/Content/images/boitmal/produit/zoom/285FD05A8135D405134AF6FB325A781F.jpg,,,,,2025-06-18T23:59:59.999999999+01:00,PROSPECTUS,13,4,,
54361,8410104915186,,Finish,"Detergente Loiça Máquina Quantum Limão, 28 Pastilhas",,5.99,5.99,0,,€/Unidade,,,https://driveimg1.intermarche.com/pt/Content/images/boitmal/produit/zoom/AF6445EE2B2537230E8784866A377CB3.jpg,,,,,2025-06-18T23:59:59.999999999+01:00,PROSPECTUS,13,4,,
8521,5601119956810,120.0,Nobre,"Fiambre perna extra fatiado, embalagem de 120g",,1.89,15.75,0,kg,€/Kg,,,https://driveimg1.intermarche.com/pt/Content/images/boitmal/produit/zoom/B962872D940BF7EEEBDD095332A56017.jpg,,,,,2025-06-18T23:59:59.999999999+01:00,PROSPECTUS,13,4,,
940,5601001322402,20.0,Nescafé,"Café solúvel nescafé, embalagem de 20g",,1.49,74.5,0,kg,€/Kg,,,https://driveimg1.intermarche.com/pt/Content/images/boitmal/produit/zoom/BCEBB6129FC84253AC3E2D01F300F9A9.jpg,,,,,2025-06-18T23:59:59.999999999+01:00,PROSPECTUS,13,4,,
15503,8410500018931,400.0,Danonino Danone,"Iogurte líquido danonino tutti frutti, embalagem de 4 x 100 g",,2.09,5.23,0,kg,€/Kg,,,https://driveimg1.intermarche.com/pt/Content/images/boitmal/produit/zoom/49D4DFA8C6DABEB79926D4F0312C64D8.jpg,,,,,2025-06-18T23:59:59.999999999+01:00,PROSPECTUS,13,4,,
18161,5601164884465,1320.0,Somersby,Sidra frutos vermelhos,pack 4 x 0.33 l,3.89,2.95,1320,L,€/L,,,https://driveimg1.intermarche.com/pt/Content/images/boitmal/produit/zoom/507246A606E1CB1D17B01F2DC7199F50.jpg,,,,,2025-06-25T23:59:59.999999999+01:00,PROSPECTUS,13,4,,
2268,5604260269952,250.0,PorSi,Gressinos com azeitonas pretas,Embalagem de 250g,1.99,7.96,0,kg,€/Kg,,,https://driveimg1.intermarche.com/pt/Content/images/boitmal/produit/zoom/A043D7E90AA990A3052B9B47E82507F9.jpg,,,,,2025-06-25T23:59:59.999999999+01:00,PROSPECTUS,13,4,,
26177,5603722514470,1000.0,Matinal,"Leite seleccionado leve, de 1l",,1.1,1.1,1000,L,€/L,,,https://driveimg1.intermarche.com/pt/Content/images/boitmal/produit/zoom/3414EC19C8611CE7E0D99781254117D1.jpg,,,,,2025-06-18T23:59:59.999999999+01:00,PROSPECTUS,13,4,,
26645,8434165483965,570.0,Cuétara,"Bolachas tosta rica, embalagem de 570g",,2.99,5.25,0,kg,€/Kg,,,https://driveimg1.intermarche.com/pt/Content/images/boitmal/produit/zoom/280E50EBC29DD4AE6A9CCE7FB9666CBB.jpg,,,,,2025-06-18T23:59:59.999999999+01:00,PROSPECTUS,13,4,,
27713,5604260281237,250.0,PorSi,Sopa de caldo verde Programa Origens,Embalagem de 250g,0.99,3.96,0,kg,€/Kg,,,https://driveimg1.intermarche.com/pt/Content/images/boitmal/produit/zoom/2F605C6093C10332FD3D8A8E032FB106.jpg,,,,,2025-06-18T23:59:59.999999999+01:00,PROSPECTUS,13,4,,
31554,8435257039138,1280.0,Nestlé,"Nestlé - iogurte líquido de tutti-frutti, pack 8 x 160 g",,3.89,3.04,0,kg,€/Kg,,,https://driveimg1.intermarche.com/pt/Content/images/boitmal/produit/zoom/FBACDDE5448B1E7990331AE3CC79D8AF.jpg,,,,,2025-06-18T23:59:59.999999999+01:00,PROSPECTUS,13,4,,
42785,5604260310074,250.0,PorSi Select,Queijo manchego D.O.P,Embalagem de 250g,5.29,21.16,0,kg,€/Kg,,,https://driveimg1.intermarche.com/pt/Content/images/boitmal/produit/zoom/B883B24D8849BAD51A50E353865A0840.jpg,,,,,2025-06-25T23:59:59.999999999+01:00,PROSPECTUS,13,4,,
48157,5604260321261,1000.0,PorSi Viva Bem,Bebida de soja s/ açúcar,Embalagem de 1 litro,0.79,0.79,1000,L,€/L,,,https://driveimg1.intermarche.com/pt/Content/images/boitmal/produit/zoom/7C840C9AA80A8A587DE7E0362CD9F3E4.jpg,,,,,2025-06-18T23:59:59.999999999+01:00,PROSPECTUS,13,4,,
10639,8712566395514,61.0,Knorr,"Sopa gourmet, cogumelos, embalagem de 60g",,1.99,32.62,0,kg,€/Kg,,,https://driveimg1.intermarche.com/pt/Content/images/boitmal/produit/zoom/37AB5E4154A122936DBF40F8E46CCD3D.jpg,,,,,2025-06-18T23:59:59.999999999+01:00,PROSPECTUS,13,4,,
10900,3228021920191,250.0,President,"Manteiga fácil de barrar, embalagem de 250g",,3.56,14.24,0,kg,€/Kg,,,https://driveimg1.intermarche.com/pt/Content/images/boitmal/produit/zoom/AD6F66474E604C53FDAA16EA65E09D09.jpg,,,,,2025-06-18T23:59:59.999999999+01:00,PROSPECTUS,13,4,,
12471,8435257040868,640.0,Nestlé,"Iogurte líquido yoggi morango/banana, embalagem de 4 x 160g",,1.99,3.11,0,kg,€/Kg,,,https://driveimg1.intermarche.com/pt/Content/images/boitmal/produit/zoom/E92C48D7A1A5BA67322D0E6250F5BAFF.jpg,,,,,2025-06-18T23:59:59.999999999+01:00,PROSPECTUS,13,4,,
18596,8410500016029,400.0,Danone,"Iogurte líquido danonino morango/banana, embalagem de 4 x 100 g",,2.09,5.23,0,kg,€/Kg,,,https://driveimg1.intermarche.com/pt/Content/images/boitmal/produit/zoom/79AABB1D751FE6F57112090F819DD6BE.jpg,,,,,2025-06-18T23:59:59.999999999+01:00,PROSPECTUS,13,4,,
2249,5604260267682,500.0,Kings Bräu,"Cerveja com álcool, lata","Embalagem de 0,50 l",0.62,1.24,500,L,€/L,,,https://driveimg1.intermarche.com/pt/Content/images/boitmal/produit/zoom/FC48C06C2E921680338523A8F8F52E6A.jpg,,,,,2025-06-25T23:59:59.999999999+01:00,PROSPECTUS,13,4,,
2283,5604260270132,420.0,PorSi,Feijão com dobrada,Embalagem de 420 g,2.29,5.45,0,kg,€/Kg,,,https://driveimg1.intermarche.com/pt/Content/images/boitmal/produit/zoom/AB5D3490FB313F305F7EB50B889F83EB.jpg,,,,,2025-06-18T23:59:59.999999999+01:00,PROSPECTUS,13,4,,
2740,8410063016627,400.0,Pescanova,"4 filetes de pescada panados com limão, embalagem de 400g",,4.99,12.48,0,kg,€/Kg,,Tipo de stockagem,https://driveimg1.intermarche.com/pt/Content/images/boitmal/produit/zoom/793D04BEFB15F5DF82BA7896A4F9F018.jpg,,,,,2025-06-18T23:59:59.999999999+01:00,PROSPECTUS,13,4,,
36952,7613036862295,,Nescafé,"Café em cápsulas dolce gusto intenso, 16 cápsulas",,5.79,5.79,16,,€/Unidade,,,https://driveimg1.intermarche.com/pt/Content/images/boitmal/produit/zoom/E961429E3414F1C39643E5CB1F2C82A7.jpg,,,,,2025-06-18T23:59:59.999999999+01:00,PROSPECTUS,13,4,,
40403,5604260298303,750.0,Selecção de Enófilos,Espumante branco bruto,Garrafa de 0.75 l,2.99,3.99,750,L,€/L,,,https://driveimg1.intermarche.com/pt/Content/images/boitmal/produit/zoom/398E3D84BFC1E08E9F2B8B8F63CF437F.jpg,,,,,2025-06-25T23:59:59.999999999+01:00,PROSPECTUS,13,4,,
42176,5604260306022,300.0,PorSi,"Azeitona maçanilha mista com azeite, alho e orégãos",Embalagem de 300 g,1.99,6.63,0,kg,€/Kg,,,https://driveimg1.intermarche.com/pt/Content/images/boitmal/produit/zoom/0629079FC8AA96E542DF91495DC1AF2B.jpg,,,,,2025-06-25T23:59:59.999999999+01:00,PROSPECTUS,13,4,,
49258,8718951476271,75.0,Colgate,Pasta de Dentes Gengivas Limpeza Interdentária,Embalagem de 75 ml,3.24,43.2,75,L,€/L,,,https://driveimg1.intermarche.com/pt/Content/images/boitmal/produit/zoom/71413787DADCB43D7EE037F2CCCABD18.jpg,,,,,2025-06-18T23:59:59.999999999+01:00,PROSPECTUS,13,4,,
53942,5603722523298,1000.0,Matinal,"Bebida de leite sem lactose livre, 1l",,1.25,1.25,1000,L,€/L,,,https://driveimg1.intermarche.com/pt/Content/images/boitmal/produit/zoom/3F3F185EBF624903AC3031EAC11A6631.jpg,,,,,2025-06-18T23:59:59.999999999+01:00,PROSPECTUS,13,4,,
854,5010394133852,500.0,Pedigree,"Guloseima para cão biscrok, embalagem de 500 g",,3.49,6.98,0,kg,€/Kg,,,https://driveimg1.intermarche.com/pt/Content/images/boitmal/produit/zoom/0D226EB3269B404D077B080902C1C0AC.jpg,,,,,2025-06-18T23:59:59.999999999+01:00,PROSPECTUS,13,4,,
13541,2893533000000,250.0,Congelado de Aquicultura,Camarão Congelado 60/80,1 un = 250 gr  (aprox.),2.0,7.99,0,,€/Kg,,Avantages !,https://driveimg1.intermarche.com/pt/Content/images/boitmal/produit/zoom/29A2DFA509FFDAFCD18E7F308BD753B4.jpg,,,,,2025-06-25T23:59:59.999999999+01:00,PROSPECTUS,13,4,,
13567,2893562000000,250.0,Marisco,Ameijoa Castanha Vietnamita Congelada,vendido ao peso a partir de 250 g,0.75,2.99,0,,€/Kg,,Avantages !,https://driveimg1.intermarche.com/pt/Content/images/boitmal/produit/zoom/33CC3279E2741F227440A7AFDC3AEEF9.jpg,,,,,2025-06-18T23:59:59.999999999+01:00,PROSPECTUS,13,4,,
19585,8435257033822,720.0,Longa vida,"Iogurte magro natural, embalagem de 6 x 120g",,2.29,3.18,0,kg,€/Kg,,,https://driveimg1.intermarche.com/pt/Content/images/boitmal/produit/zoom/0343709B1D70140B7336A86F6CAA12F8.jpg,,,,,2025-06-18T23:59:59.999999999+01:00,PROSPECTUS,13,4,,
