identifier,produitEan13,capacite,marque,libelle,conditionnement,prix,unitPrice,volume,typeProduit_uniteByCode,unit_value,pictogrammes_0,pictogrammes_libelleCategorie,images_0,images_1,images_2,avantages_dateFin,avantages_categorie,nro_paginas,page,images_3
1467,5601286236784,500.0,Milaneza,Massa de espirais,Embalagem de 500g,1.04,2.08,0,kg,€/Kg,,,https://driveimg1.intermarche.com/pt/Content/images/boitmal/produit/zoom/75C555C38AA58E95CAD2174BF2E349D1.jpg,,,2024-10-30T23:59:59.999999999Z,PROSPECTUS,9,1,
9293,5603722493942,250.0,Primor,Manteiga pasteurizada com sal cuvet,Embalagem de 250g,1.99,7.96,0,kg,€/Kg,,,https://driveimg1.intermarche.com/pt/Content/images/boitmal/produit/zoom/5B98CBCDF9DE77B1D84C2C6375C3439D.jpg,,,2024-10-30T23:59:59.999999999Z,PROSPECTUS,9,1,
13914,2891225000000,350.0,Frango,Perna com Costa,1 un. = 300 g (aprox.),1.04,2.98,0,,€/Kg,,,https://driveimg1.intermarche.com/pt/Content/images/boitmal/produit/zoom/89930EDC34D301922B922A95CF09456D.jpg,,,2024-10-30T23:59:59.999999999Z,PROSPECTUS,9,1,
251,2696001000000,400.0,Padaria,Baguete,400 g,0.79,1.98,0,kg,€/Kg,,,https://driveimg1.intermarche.com/pt/Content/images/boitmal/produit/zoom/872B1FA740AE707B5EB206709F5F94A0.jpg,,,2024-10-30T23:59:59.999999999Z,PROSPECTUS,9,1,
8521,5601119956810,120.0,Nobre,Fiambre perna extra fatiado,Embalagem de 120g,1.99,16.58,0,kg,€/Kg,,,https://driveimg1.intermarche.com/pt/Content/images/boitmal/produit/zoom/92F6E974DF0D1BEE6EC9B9E40F884B8B.jpg,,,2024-10-30T23:59:59.999999999Z,PROSPECTUS,9,1,
12972,2892040000000,1000.0,Fruta,Banana,1 un = 200 gr (aprox.),1.09,1.09,0,,€/Kg,,,https://driveimg1.intermarche.com/pt/Content/images/boitmal/produit/zoom/C368220872795E9863F1F37C2230CCEA.jpg,,,2024-10-30T23:59:59.999999999Z,PROSPECTUS,9,1,
40592,5603722519420,480.0,Mimosa,"Iogurte fruta batida banana, laranja e bolacha, 480g",,1.69,3.52,0,kg,€/Kg,,,https://driveimg1.intermarche.com/pt/Content/images/boitmal/produit/zoom/1D09572C6AE538ADBF2B5D0B579F400D.jpg,,,2024-10-30T23:59:59.999999999Z,PROSPECTUS,9,1,
11961,5603722505607,1000.0,Mimosa,Leite s/ lactose meio gordo,Garrafa de 1 l,0.99,0.99,1000,L,€/L,,,https://driveimg1.intermarche.com/pt/Content/images/boitmal/produit/zoom/B50AD06E1D69691E134268704FD849E5.jpg,https://driveimg1.intermarche.com/pt/Content/images/boitmal/produit/zoom/4E57BFE09E8D859BDBE1705476BB9F1B.jpg,https://driveimg1.intermarche.com/pt/Content/images/boitmal/produit/zoom/E1F70144AAFCC0EAEBFF05614177D009.jpg,2024-10-30T23:59:59.999999999Z,PROSPECTUS,9,1,
10139,8410108133722,,Evax,"Pensos diários maxiplus, 30 unidades",Uma embalagem,2.39,2.39,0,,€/Unidade,,,https://driveimg1.intermarche.com/pt/Content/images/boitmal/produit/zoom/106932310F0E31B5E0C0FFEE0C90BF95.jpg,,,2024-10-30T23:59:59.999999999Z,PROSPECTUS,9,1,
22953,8411660670236,750.0,Sanytol,Desinfetante Multiusos,Embalagem de 750 ml,2.49,3.32,750,L,€/L,,,https://driveimg1.intermarche.com/pt/Content/images/boitmal/produit/zoom/4F59BDA8C1BC8BFF3ED00CA4247713EC.jpg,,,2024-10-30T23:59:59.999999999Z,PROSPECTUS,9,1,
5985,5604422145209,1000.0,Macieira,Brandy,Garrafa de 1 l,15.39,15.39,1000,L,€/L,,,https://driveimg1.intermarche.com/pt/Content/images/boitmal/produit/zoom/B32E3266FD6067B7F44159A4FC61A7F0.jpg,,,2024-10-30T23:59:59.999999999Z,PROSPECTUS,9,1,
19702,4008429059278,60.0,Catisfactions,Snack para gato de galinha e pato,Embalagem de 60g,1.69,28.17,0,kg,€/Kg,,,https://driveimg1.intermarche.com/pt/Content/images/boitmal/produit/zoom/BC2423DF3D64F92045C4DA5AF065B1CE.jpg,,,2024-10-30T23:59:59.999999999Z,PROSPECTUS,9,1,
973,5601024105020,1000.0,Fula,Óleo alimentar,Embalagem 1L,1.49,1.49,1000,L,€/L,,,https://driveimg1.intermarche.com/pt/Content/images/boitmal/produit/zoom/82D3E88293E42CC5B178C569AA9B57E6.jpg,,,2024-10-30T23:59:59.999999999Z,PROSPECTUS,9,1,
37443,7613037040869,250.0,Nestum,Nestum zero espelta/aveia,Embalagem de 250 g,2.14,8.56,0,kg,€/Kg,,,https://driveimg1.intermarche.com/pt/Content/images/boitmal/produit/zoom/BF80E2BF1A95765256612BEC5A65D8DD.jpg,,,2024-10-30T23:59:59.999999999Z,PROSPECTUS,9,1,
43016,5601164862401,1200.0,Somersby,Sidra de maçã,pack 6 x 0.2 l,4.49,3.74,1200,L,€/L,,,https://driveimg1.intermarche.com/pt/Content/images/boitmal/produit/zoom/91F03EF4C01D719425FE57CCF7BA256B.jpg,,,2024-10-30T23:59:59.999999999Z,PROSPECTUS,9,1,
13865,2891042000000,1000.0,Porco,Costeletas do Cachaço,Vendido ao peso a partir de 1 kg,4.98,4.98,0,,€/Kg,,,https://driveimg1.intermarche.com/pt/Content/images/boitmal/produit/zoom/9CC30521C194F3CF0E71F32C6E004880.jpg,,,2024-10-30T23:59:59.999999999Z,PROSPECTUS,9,1,
17402,8412600027233,700.0,Bimbo,Pão forma familiar normal,embalagem de 700 g,1.99,2.84,0,kg,€/Kg,,,https://driveimg1.intermarche.com/pt/Content/images/boitmal/produit/zoom/DE8CCFFBC376CC9F4596A72F8ABC4CE5.jpg,,,2024-10-30T23:59:59.999999999Z,PROSPECTUS,9,1,
20918,5000116110964,840.0,Capitão Iglo,30 douradinhos,Embalagem de 840g,7.99,9.51,0,kg,€/Kg,,Tipo de stockagem,https://driveimg1.intermarche.com/pt/Content/images/boitmal/produit/zoom/AEDD14052902A045272594F0C20ABD33.jpg,,,2024-10-30T23:59:59.999999999Z,PROSPECTUS,9,1,
18595,8410500016012,400.0,Danonino Danone,"Iogurte líquido danonino morango,  4 x 100 g",,1.79,4.48,0,kg,€/Kg,,,https://driveimg1.intermarche.com/pt/Content/images/boitmal/produit/zoom/0E203361E14F23CD94ABD0BD721CC32D.jpg,,,2024-10-30T23:59:59.999999999Z,PROSPECTUS,9,1,
14698,7613034570512,90.0,Nestlé,Fruta para bebé 4 frutas +4 meses,Embalagem de 90g,0.74,8.22,0,kg,€/Kg,,,https://driveimg1.intermarche.com/pt/Content/images/boitmal/produit/zoom/0783A3CBD6B546AE24E09BF08DF0A429.jpg,,,2024-10-30T23:59:59.999999999Z,PROSPECTUS,9,1,
46517,5000204208917,750.0,Pato,"Líquido sanitário ação total pinho, 750 ml",,1.94,2.59,750,L,€/L,,,https://driveimg1.intermarche.com/pt/Content/images/boitmal/produit/zoom/C1525539577E5CAF5C0667315D239809.jpg,,,2024-10-30T23:59:59.999999999Z,PROSPECTUS,9,1,
8929,5601377319082,750.0,Monsaraz,Vinho doc alentejo branco,"Garrafa de 0,75 l",2.89,3.85,750,L,€/L,,,https://driveimg1.intermarche.com/pt/Content/images/boitmal/produit/zoom/57A61372BA394565717B5AEFA7626E3C.jpg,,,2024-10-30T23:59:59.999999999Z,PROSPECTUS,9,1,
20624,7613034998040,90.0,Purina One,Biscoito para cão nuggets,Embalagem de 90g,1.49,16.56,0,kg,€/Kg,,,https://driveimg1.intermarche.com/pt/Content/images/boitmal/produit/zoom/B63C6D0FF56B0F757981D3CE08436EAC.jpg,,,2024-10-30T23:59:59.999999999Z,PROSPECTUS,9,1,
15161,5604260274246,1000.0,PorSi,Cenouras Programa Origens,Embalagem de 1 kg,1.09,1.09,0,kg,€/Kg,,,https://driveimg1.intermarche.com/pt/Content/images/boitmal/produit/zoom/2C5D90EF430B0C18141C519CD5070475.jpg,,,2024-10-30T23:59:59.999999999Z,PROSPECTUS,9,1,
36600,5604260283842,400.0,PorSi,Peito de frango,Embalagem de 400 g,2.76,6.9,0,kg,€/Kg,,,https://driveimg1.intermarche.com/pt/Content/images/boitmal/produit/zoom/90FDABFB89262D809B935AE954CE4C29.jpg,,,2024-10-30T23:59:59.999999999Z,PROSPECTUS,9,1,
12887,2892089000000,500.0,Fruta,Manga Barco,1 un = 500 gr (aprox.),1.2,2.39,0,,€/Kg,,,https://driveimg1.intermarche.com/pt/Content/images/boitmal/produit/zoom/ADC504D3921218CCB4DF31F75AAF28C0.jpg,,,2024-10-30T23:59:59.999999999Z,PROSPECTUS,9,1,
13866,2891048000000,1000.0,Porco,Bifanas,Vendido ao peso a partir de 1 kg,3.99,3.99,0,,€/Kg,,,https://driveimg1.intermarche.com/pt/Content/images/boitmal/produit/zoom/C9E276B082B119EFEDC2A2B0E1BC737E.jpg,,,2024-10-30T23:59:59.999999999Z,PROSPECTUS,9,1,
36602,5604260283866,400.0,PorSi,Perninha de frango,Embalagem de 400 g,2.11,5.28,0,kg,€/Kg,,,https://driveimg1.intermarche.com/pt/Content/images/boitmal/produit/zoom/D566D2CBC9AA5C1EABBF6080EA6F2556.jpg,,,2024-10-30T23:59:59.999999999Z,PROSPECTUS,9,1,
13915,2891249000000,2000.0,Peru,Perna com Osso,Vendido ao peso,9.98,4.99,0,,€/Kg,,,https://driveimg1.intermarche.com/pt/Content/images/boitmal/produit/zoom/1D88BA2E1544364C5EB66CF19AD6E70E.jpg,,,2024-10-30T23:59:59.999999999Z,PROSPECTUS,9,1,
13947,2891125000000,150.0,Peru,Espetadas de Peru,1 un = 150 gr (aprox.),1.2,7.99,0,,€/Kg,,,https://driveimg1.intermarche.com/pt/Content/images/boitmal/produit/zoom/F64981E370592175339C16298CEA7C3B.jpg,,,2024-10-30T23:59:59.999999999Z,PROSPECTUS,9,1,
14882,2891118000000,1600.0,Frango,Frango Inteiro Grande,1 un = 1.6 kg (aprox.),4.78,2.99,0,,€/Kg,,,https://driveimg1.intermarche.com/pt/Content/images/boitmal/produit/zoom/1E124B70C1AD07E8012EAEA5CE4EDE3E.jpg,,,2024-10-30T23:59:59.999999999Z,PROSPECTUS,9,1,
14884,2891116000000,1000.0,Aves,Galinha Pequena com Miúdos,1 un = 1 kg (aprox.),2.39,2.39,0,,€/Kg,,,https://driveimg1.intermarche.com/pt/Content/images/boitmal/produit/zoom/20A6BFA82163B6E8DA0585FFEDD12ED3.jpg,,,2024-10-30T23:59:59.999999999Z,PROSPECTUS,9,1,
11466,5601018004605,200.0,Gresso,Nata Uht para Bater,Embalagem de 200 ml,0.79,3.95,200,L,€/L,,,https://driveimg1.intermarche.com/pt/Content/images/boitmal/produit/zoom/F0BDEBD8FC14852BBFA2B30DDCAEC8DB.jpg,,,2024-10-30T23:59:59.999999999Z,PROSPECTUS,9,1,
11523,5601051410029,250.0,Primor,"Manteiga com sal, 250g",,1.99,7.96,0,kg,€/Kg,,,https://driveimg1.intermarche.com/pt/Content/images/boitmal/produit/zoom/5E7E0622B0F1F3C827A5445EBDA354EF.jpg,,,2024-10-30T23:59:59.999999999Z,PROSPECTUS,9,1,
13892,2891041000000,1000.0,Porco,Costeletas do Lombo,Vendido ao peso a partir de 1 kg,4.69,4.69,0,,€/Kg,,,https://driveimg1.intermarche.com/pt/Content/images/boitmal/produit/zoom/0CEDBCB04142A68CDED3690FB39820D0.jpg,,,2024-10-30T23:59:59.999999999Z,PROSPECTUS,9,1,
2306,5604260271672,800.0,PorSi,Bacalhau posta média,Embalagem de 800g,8.99,11.24,0,kg,€/Kg,,Tipo de stockagem,https://driveimg1.intermarche.com/pt/Content/images/boitmal/produit/zoom/46A5E7A7E6BD0748CBF480302ABE9AAC.jpg,,,2024-10-30T23:59:59.999999999Z,PROSPECTUS,9,1,
30168,2696660000000,80.0,Padaria,Cacetinho de Trigo,80 g,0.21,2.63,0,kg,€/Kg,,,https://driveimg1.intermarche.com/pt/Content/images/boitmal/produit/zoom/061A32F66C5467484869F7F4ECEA0767.jpg,,,2024-10-30T23:59:59.999999999Z,PROSPECTUS,9,1,
35219,5604260292356,400.0,PorSi,Bife de frango,Embalagem de 400 g,2.79,6.98,0,kg,€/Kg,,,https://driveimg1.intermarche.com/pt/Content/images/boitmal/produit/zoom/216F0D2226077488BD5003141271308D.jpg,,,2024-10-30T23:59:59.999999999Z,PROSPECTUS,9,1,
11524,5601051420028,250.0,Primor,Manteiga sem sal,Embalagem de 250g,1.99,7.96,0,kg,€/Kg,,,https://driveimg1.intermarche.com/pt/Content/images/boitmal/produit/zoom/B2FFA6A89B700950590104B0F7BA500E.jpg,,,2024-10-30T23:59:59.999999999Z,PROSPECTUS,9,1,
11641,5601180001020,1000.0,Vigor,Leite pasteurizado meio gordo,Garrafa de 1 l,0.98,0.98,1000,L,€/L,,,https://driveimg1.intermarche.com/pt/Content/images/boitmal/produit/zoom/27E81D9C59177D8FE66A1E22F472A238.jpg,,,2024-10-30T23:59:59.999999999Z,PROSPECTUS,9,1,
13625,2893620000000,300.0,Peixaria,Salmão de viveiro à posta,1 un. = 300 g (aprox.),3.9,12.99,0,,€/Kg,,,https://driveimg1.intermarche.com/pt/Content/images/boitmal/produit/zoom/29B9DB2E73FB6AE756265DB326B65712.jpg,,,2024-10-30T23:59:59.999999999Z,PROSPECTUS,9,1,
13894,2891044000000,1000.0,Porco,Entremeada sem Entrecosto,Vendido ao peso a partir de 1 kg,4.88,4.88,0,,€/Kg,,,https://driveimg1.intermarche.com/pt/Content/images/boitmal/produit/zoom/C03EF63C56AFB4E4EA78E134436BF30C.jpg,,,2024-10-30T23:59:59.999999999Z,PROSPECTUS,9,1,
13966,2696019000000,450.0,Padaria,Pão Regional Rio Maior Inteiro,1 unidade= 450 g,0.99,2.2,0,kg,€/Kg,,,https://driveimg1.intermarche.com/pt/Content/images/boitmal/produit/zoom/DCDBDD7ABCA77222995FAC9FB2CA51ED.jpg,,,2024-10-30T23:59:59.999999999Z,PROSPECTUS,9,1,
1439,5601260127107,1000.0,Cigala,Arroz vaporizado,Embalagem de 1 kg,1.38,1.38,0,kg,€/Kg,,,https://driveimg1.intermarche.com/pt/Content/images/boitmal/produit/zoom/0DD33F088D804C413066136DC8BB8986.jpg,,,2024-10-30T23:59:59.999999999Z,PROSPECTUS,9,1,
1465,5601286234773,250.0,Milaneza,Massa de letras,Embalagem de 250g,0.63,2.52,0,kg,€/Kg,,,https://driveimg1.intermarche.com/pt/Content/images/boitmal/produit/zoom/B041072B3650057DB6CDC9523E22E29B.jpg,,,2024-10-30T23:59:59.999999999Z,PROSPECTUS,9,1,
14684,0000080177173,350.0,Nutella,Creme para barrar de avelãs e cacau,Embalagem de 350G,3.29,9.4,0,kg,€/Kg,,,https://driveimg1.intermarche.com/pt/Content/images/boitmal/produit/zoom/3277225B3D0CAE93D52B7650F565CAA9.jpg,,,2024-10-30T23:59:59.999999999Z,PROSPECTUS,9,1,
16857,5603344531114,110.0,General,Atum natural,Embalagem de 110g,0.99,9.0,0,kg,€/Kg,,,https://driveimg1.intermarche.com/pt/Content/images/boitmal/produit/zoom/134BCB035260DA080E0EB7CE51D7253D.jpg,,,2024-10-30T23:59:59.999999999Z,PROSPECTUS,9,1,
16939,7622210475411,171.0,Triunfo,Bolacha digestiva go canela,Embalagem de 170g,1.49,8.71,0,kg,€/Kg,,,https://driveimg1.intermarche.com/pt/Content/images/boitmal/produit/zoom/C83726E993B61EE08F4E417A24AC0F22.jpg,,,2024-10-30T23:59:59.999999999Z,PROSPECTUS,9,1,
18350,8410320148245,80.0,Campofrio,Chouriço fatiado,Embalagem de 80g,1.59,19.88,0,kg,€/Kg,,,https://driveimg1.intermarche.com/pt/Content/images/boitmal/produit/zoom/C935719A57D5E81DA0BFC4CFFF1CE04A.jpg,,,2024-10-30T23:59:59.999999999Z,PROSPECTUS,9,1,
20221,8410500020071,480.0,Danone,"Iogurte activia aveia nozes,  4 x 120 g",,2.39,4.98,0,kg,€/Kg,,,https://driveimg1.intermarche.com/pt/Content/images/boitmal/produit/zoom/E3646F8812C5353023D3951FE268028D.jpg,,,2024-10-30T23:59:59.999999999Z,PROSPECTUS,9,1,
22335,5000116110940,420.0,Capitão Iglo,15 douradinhos,Embalagem de 420g,4.99,11.88,0,kg,€/Kg,,Tipo de stockagem,https://driveimg1.intermarche.com/pt/Content/images/boitmal/produit/zoom/A875E63BB10AF2CF300666B64DC69107.jpg,,,2024-10-30T23:59:59.999999999Z,PROSPECTUS,9,1,
23469,8410500020453,280.0,Danonino Danone,"Danonino para levar, polpa de morango,  4 x 70 g",,2.14,7.64,0,kg,€/Kg,,,https://driveimg1.intermarche.com/pt/Content/images/boitmal/produit/zoom/BCB8B07B4A9632B9CA3C8436CD26979D.jpg,,,2024-10-30T23:59:59.999999999Z,PROSPECTUS,9,1,
24370,5601050033052,620.0,Danone,"Iogurte líquido morango / framboesa corpos danone,  4 x 155 g",,1.89,3.05,0,kg,€/Kg,,,https://driveimg1.intermarche.com/pt/Content/images/boitmal/produit/zoom/944714BB6E54D611AAE53F4C9C525265.jpg,,,2024-10-30T23:59:59.999999999Z,PROSPECTUS,9,1,
2593,7622300366827,170.0,Triunfo,Bolachas digestivas go maçã,Embalagem de 170g,1.49,8.76,0,kg,€/Kg,,,https://driveimg1.intermarche.com/pt/Content/images/boitmal/produit/zoom/A6479AEBC41D0948A36A3DCA609B5140.jpg,,,2024-10-30T23:59:59.999999999Z,PROSPECTUS,9,1,
2749,8410063046532,350.0,Pescanova,Miolo de camarão 80/100,Embalagem de 350g,6.99,19.97,0,kg,€/Kg,,Tipo de stockagem,https://driveimg1.intermarche.com/pt/Content/images/boitmal/produit/zoom/B1D2AEF816246B4D1E4F3A2363606A04.jpg,,,2024-10-30T23:59:59.999999999Z,PROSPECTUS,9,1,
34201,5601066401029,150.0,Nacional,Bolachas com pepitas de chocolate my cookie!,Embalagem de 150 g,1.19,7.93,0,kg,€/Kg,,,https://driveimg1.intermarche.com/pt/Content/images/boitmal/produit/zoom/8733C55DE677087A69DC68FE9C7FC1FB.jpg,,,2024-10-30T23:59:59.999999999Z,PROSPECTUS,9,1,
35221,5604260292387,400.0,PorSi,Coxa de frango,Embalagem de 400 g,2.11,5.28,0,kg,€/Kg,,,https://driveimg1.intermarche.com/pt/Content/images/boitmal/produit/zoom/AFE130A3A7A8A76512AC91B080DC217B.jpg,,,2024-10-30T23:59:59.999999999Z,PROSPECTUS,9,1,
35524,5604260292677,400.0,PorSi,Preparado de carne de porco,Embalagem de 400 g,2.99,7.48,0,kg,€/Kg,,,https://driveimg1.intermarche.com/pt/Content/images/boitmal/produit/zoom/623F6E6DAA1889C979BD72A2C584EE7B.jpg,,,2024-10-30T23:59:59.999999999Z,PROSPECTUS,9,1,
37602,5603722518782,500.0,Castelões,Queijo curado pequeno,Embalagem de 500g,5.89,11.78,0,kg,€/Kg,,,https://driveimg1.intermarche.com/pt/Content/images/boitmal/produit/zoom/DAA5082173F5DC87DC433C069187DFF4.jpg,,,2024-10-30T23:59:59.999999999Z,PROSPECTUS,9,1,
43763,7613038110295,385.0,Nescafé,Cápsulas Café Ristretto Napoli Int. 13,30 capsulas,9.99,25.95,0,kg,€/Kg,,,https://driveimg1.intermarche.com/pt/Content/images/boitmal/produit/zoom/A20C08BDD45FD4A9FA025C2B73D7BA53.jpg,,,2024-10-30T23:59:59.999999999Z,PROSPECTUS,9,1,
44234,8710522854815,257.0,Calvé,Mostarda,Embalagem de 257g,1.68,6.54,0,kg,€/Kg,,,https://driveimg1.intermarche.com/pt/Content/images/boitmal/produit/zoom/7979D994594677C477DA08ADD5A2E9CB.jpg,,,2024-10-30T23:59:59.999999999Z,PROSPECTUS,9,1,
49545,2706799000000,1100.0,PorSi,Frango aberto para churrasco,Embalagem com 1.1 kg (aprox.),3.83,3.48,0,,€/Kg,,,https://driveimg1.intermarche.com/pt/Content/images/boitmal/produit/zoom/BCCABF33F3C7AE3F47F3E4B9833F6500.jpg,,,2024-10-30T23:59:59.999999999Z,PROSPECTUS,9,1,
50454,5603722521829,1208.0,Mimosa,"Iogurte líquido Aroma Banana e Morango, 8 x 151 ml",,2.59,2.14,1208,L,€/L,,,https://driveimg1.intermarche.com/pt/Content/images/boitmal/produit/zoom/075A7A2665714F15CA6F04254C980D30.jpg,,,2024-10-30T23:59:59.999999999Z,PROSPECTUS,9,1,
52598,5601217137975,1710.0,Quanto,"Amaciador Roupa Concentrado Frutos Silvestres, 95 doses",,3.99,2.33,1710,L,€/L,,,https://driveimg1.intermarche.com/pt/Content/images/boitmal/produit/zoom/425B618E435B239C500E88642C038EB6.jpg,,,2024-10-30T23:59:59.999999999Z,PROSPECTUS,9,1,
52880,8719200267794,450.0,Becel,"Creme Vegetal de Barrar com Sabor a Manteiga, 450g",,2.99,6.64,0,kg,€/Kg,,,https://driveimg1.intermarche.com/pt/Content/images/boitmal/produit/zoom/287D301C66C180312FAA8A3BAE7EA710.jpg,,,2024-10-30T23:59:59.999999999Z,PROSPECTUS,9,1,
5522,5601692071429,1000.0,Bom sucesso,Arroz carolino,Embalagem de 1 kg,1.49,1.49,0,kg,€/Kg,,,https://driveimg1.intermarche.com/pt/Content/images/boitmal/produit/zoom/DB1736313D8501082E1A679F43901D59.jpg,,,2024-10-30T23:59:59.999999999Z,PROSPECTUS,9,1,
809,5000116102075,280.0,Capitão Iglo,"Douradinhos de salmão, 10 unidades",Embalagem de 280g,4.99,17.82,0,kg,€/Kg,,Tipo de stockagem,https://driveimg1.intermarche.com/pt/Content/images/boitmal/produit/zoom/94E9D7D87D69DF936F9880FE165277C6.jpg,,,2024-10-30T23:59:59.999999999Z,PROSPECTUS,9,1,
8752,5601217102065,1000.0,Finish,Sal p/ máquina de lavar loiça,Embalagem de 1 kg,1.89,1.89,0,kg,€/Kg,,,https://driveimg1.intermarche.com/pt/Content/images/boitmal/produit/zoom/8EBDC7AE1197593D3539E53F449D6E79.jpg,,,2024-10-30T23:59:59.999999999Z,PROSPECTUS,9,1,
8802,5601244202363,400.0,Terra Nostra,Queijo em fatias,Embalagem de 400g,3.89,9.73,0,kg,€/Kg,,,https://driveimg1.intermarche.com/pt/Content/images/boitmal/produit/zoom/B65A579FDF6F0A415C810CA406B71B6F.jpg,,,2024-10-30T23:59:59.999999999Z,PROSPECTUS,9,1,
927,5601001180903,380.0,Nestlé,Cereais chocapic,Embalagem de 375 g,1.99,5.24,0,kg,€/Kg,,,https://driveimg1.intermarche.com/pt/Content/images/boitmal/produit/zoom/6DE0110672BED70DCD1FFE94A66DEB48.jpg,,,2024-10-30T23:59:59.999999999Z,PROSPECTUS,9,1,
9300,5603722497261,1500.0,Pleno,Tisana chá verde/limão,"Garrafa de 1,5 l",1.59,1.06,1500,L,€/L,,,https://driveimg1.intermarche.com/pt/Content/images/boitmal/produit/zoom/63B46E2B2042FC121A0C4D7D5A49ED19.jpg,,,2024-10-30T23:59:59.999999999Z,PROSPECTUS,9,1,
9935,7622300292508,180.0,Milka,Bolachas waffers com chocolate de leite,Embalagem de 180g,2.44,13.56,0,kg,€/Kg,,,https://driveimg1.intermarche.com/pt/Content/images/boitmal/produit/zoom/FA8770D46823FAEE83F51E2F8B2CC3E5.jpg,,,2024-10-30T23:59:59.999999999Z,PROSPECTUS,9,1,
1012,5601043111026,1000.0,Branca de neve,Farinha para bolos super fina,Embalagem de 1 kg,1.79,1.79,0,kg,€/Kg,,,https://driveimg1.intermarche.com/pt/Content/images/boitmal/produit/zoom/69E1C041AAF495A8CA3A356AFD6DE7DA.jpg,,,2024-10-30T23:59:59.999999999Z,PROSPECTUS,9,1,
10272,8410436240109,50.0,Sonasol,"Bloco sanitário blue activ, eucalio",Embalagem de 50 g,1.98,39.6,0,kg,€/Kg,,,https://driveimg1.intermarche.com/pt/Content/images/boitmal/produit/zoom/B4ABE7C148FE459944FFBC01C5B3A15A.jpg,,,2024-10-30T23:59:59.999999999Z,PROSPECTUS,9,1,
11586,5601151540831,600.0,Compal,Néctar ananás,pack 3 x 200 ml,1.27,2.12,600,L,€/L,,,https://driveimg1.intermarche.com/pt/Content/images/boitmal/produit/zoom/6D47E6CD245414D7953A6AAE5F068DC0.jpg,,,2024-10-30T23:59:59.999999999Z,PROSPECTUS,9,1,
11613,5601164864467,1320.0,Somersby,Sidra maçã,pack 4 x 0.33 l,3.95,2.99,1320,L,€/L,,,https://driveimg1.intermarche.com/pt/Content/images/boitmal/produit/zoom/6483890D0FF6343894A37D6DC6393C66.jpg,,,2024-10-30T23:59:59.999999999Z,PROSPECTUS,9,1,
11640,5601180000993,1000.0,Vigor,Leite pasteurizado gordo,Garrafa de 1 l,0.98,0.98,1000,L,€/L,,,https://driveimg1.intermarche.com/pt/Content/images/boitmal/produit/zoom/D35A2632D9FCF31B32BD4205099C2552.jpg,,,2024-10-30T23:59:59.999999999Z,PROSPECTUS,9,1,
11935,5603124023273,550.0,Mistolin,Tira gorduras pistola,Garrafa de 550 ml,1.99,3.62,550,L,€/L,,,https://driveimg1.intermarche.com/pt/Content/images/boitmal/produit/zoom/28669AD1C6D39A84EAC8A5B22B9F840C.jpg,,,2024-10-30T23:59:59.999999999Z,PROSPECTUS,9,1,
12931,2892054000000,250.0,Fruta,Anona,1 un = 250 gr  (aprox.),0.7,2.79,0,,€/Kg,,,https://driveimg1.intermarche.com/pt/Content/images/boitmal/produit/zoom/BE303D27F43E7E1297CA176B37D596FB.jpg,,,2024-10-30T23:59:59.999999999Z,PROSPECTUS,9,1,
1296,5601151543306,1000.0,Compal,Néctar de pera,Embalagem de 1 l,0.89,0.89,1000,L,€/L,,,https://driveimg1.intermarche.com/pt/Content/images/boitmal/produit/zoom/FF128F0B6279B1B088FCD71AE0426649.jpg,,,2024-10-30T23:59:59.999999999Z,PROSPECTUS,9,1,
13175,2893160000000,300.0,Marisco,Mexilhão Médio Fresco,Vendido ao peso,0.6,1.99,0,,€/Kg,,,https://driveimg1.intermarche.com/pt/Content/images/boitmal/produit/zoom/F14ACE9787BE0CEBB197A6DF9EBBAB4B.jpg,,,2024-10-30T23:59:59.999999999Z,PROSPECTUS,9,1,
1328,5601165005760,20.0,Lipton,10 saquetas infusão de cidreira,Embalagem de 20g,0.74,37.0,0,kg,€/Kg,,,https://driveimg1.intermarche.com/pt/Content/images/boitmal/produit/zoom/CD0E912EDCBC0F88CCB88A275A3DBF8A.jpg,,,2024-10-30T23:59:59.999999999Z,PROSPECTUS,9,1,
13522,2893514000000,200.0,Peixaria,Choco Pequeno Congelado,1 un= 200 gr (aprox.),1.9,9.49,0,,€/Kg,,Avantages !,https://driveimg1.intermarche.com/pt/Content/images/boitmal/produit/zoom/37754AAC1A8B81BA5D21C470572981B5.jpg,,,2024-10-30T23:59:59.999999999Z,PROSPECTUS,9,1,
13541,2893533000000,250.0,Congelado de Aquicultura,Camarão Congelado 60/80,1 un = 250 gr  (aprox.),1.75,6.99,0,,€/Kg,,Avantages !,https://driveimg1.intermarche.com/pt/Content/images/boitmal/produit/zoom/29A2DFA509FFDAFCD18E7F308BD753B4.jpg,,,2024-10-30T23:59:59.999999999Z,PROSPECTUS,9,1,
13567,2893562000000,250.0,Marisco,Ameijoa Castanha Vietnamita Congelada,Venda ao Kilo,0.72,2.89,0,,€/Kg,,Avantages !,https://driveimg1.intermarche.com/pt/Content/images/boitmal/produit/zoom/33CC3279E2741F227440A7AFDC3AEEF9.jpg,,,2024-10-30T23:59:59.999999999Z,PROSPECTUS,9,1,
13868,2891110000000,100.0,Frango,Asas de Frango,1 un = 100 gr (aprox.),0.31,3.1,0,,€/Kg,,,https://driveimg1.intermarche.com/pt/Content/images/boitmal/produit/zoom/2CEFD9249854318FFBADA33050B17121.jpg,,,2024-10-30T23:59:59.999999999Z,PROSPECTUS,9,1,
13884,2891106000000,2000.0,PorSi Select,Frango do Campo Inteiro c/ Miúdos Programa Origens,Vendido ao peso,6.9,3.45,0,,€/Kg,,,https://driveimg1.intermarche.com/pt/Content/images/boitmal/produit/zoom/6B6825838652E244237081C091CB1D51.jpg,,,2024-10-30T23:59:59.999999999Z,PROSPECTUS,9,1,
13946,2891114000000,250.0,Frango,Patas,1 un = 250 gr  (aprox.),0.5,1.99,0,,€/Kg,,,https://driveimg1.intermarche.com/pt/Content/images/boitmal/produit/zoom/BB5DB3675510A299BB6EA5334DDCCC3F.jpg,,,2024-10-30T23:59:59.999999999Z,PROSPECTUS,9,1,
14038,2696013000000,80.0,Padaria,Bola mistura,1 unidade= 80 g,0.18,2.25,0,kg,€/Kg,,,https://driveimg1.intermarche.com/pt/Content/images/boitmal/produit/zoom/9D6E30346316F689C4A5A61ADBADBAB3.jpg,,,2024-10-30T23:59:59.999999999Z,PROSPECTUS,9,1,
1426,5601255312112,1000.0,Caçarola,Arroz carolino,Embalagem de 1kg,1.79,1.79,0,kg,€/Kg,,,https://driveimg1.intermarche.com/pt/Content/images/boitmal/produit/zoom/7F690432AAD8958D114DBA6E5A052325.jpg,,,2024-10-30T23:59:59.999999999Z,PROSPECTUS,9,1,
14372,8712100599392,550.0,Calvé,Ketchup XXL,Embalagem de 550g,2.99,5.44,0,kg,€/Kg,,,https://driveimg1.intermarche.com/pt/Content/images/boitmal/produit/zoom/4544D7A761DF83B5B8BF2C6EF0FF53D9.jpg,https://driveimg1.intermarche.com/pt/Content/images/boitmal/produit/zoom/FE7F103C359D2D1FD7BF3FDC8DD381BA.jpg,https://driveimg1.intermarche.com/pt/Content/images/boitmal/produit/zoom/FE7F103C359D2D1FD7BF3FDC8DD381BA.jpg,2024-10-30T23:59:59.999999999Z,PROSPECTUS,9,1,
1458,5601286220783,500.0,Milaneza,Massa de cotovelos grossos,Embalagem de 500g,1.04,2.08,0,kg,€/Kg,,,https://driveimg1.intermarche.com/pt/Content/images/boitmal/produit/zoom/3227F59B4850D93351548A67BD46CA40.jpg,,,2024-10-30T23:59:59.999999999Z,PROSPECTUS,9,1,
1460,5601286222787,500.0,Milaneza,Massa de cotovelinhos,Embalagem de 500g,1.04,2.08,0,kg,€/Kg,,,https://driveimg1.intermarche.com/pt/Content/images/boitmal/produit/zoom/F76BC192D8D45CCBC8881AA2D2BAAD83.jpg,,,2024-10-30T23:59:59.999999999Z,PROSPECTUS,9,1,
1462,5601286231772,250.0,Milaneza,"Massa, estrelinhas",Embalagem de 250g,0.63,2.52,0,kg,€/Kg,,,https://driveimg1.intermarche.com/pt/Content/images/boitmal/produit/zoom/E2F1A211F7D24F0BF020FA7DF88C2F67.jpg,,,2024-10-30T23:59:59.999999999Z,PROSPECTUS,9,1,
14641,5603722513879,1500.0,Pleno,Tisana de chá verde/limão light,"Garrafa de 1,5 l",1.39,0.93,1500,L,€/L,,,https://driveimg1.intermarche.com/pt/Content/images/boitmal/produit/zoom/65377B3F78342A8BD02B4888BCEF8A2A.jpg,,,2024-10-30T23:59:59.999999999Z,PROSPECTUS,9,1,
14711,5601286402332,180.0,Nacional,Bolacha alfa,Embalagem de 180g,1.04,5.78,0,kg,€/Kg,,,https://driveimg1.intermarche.com/pt/Content/images/boitmal/produit/zoom/5276D08644D4F57D25BB338DF64F883B.jpg,,,2024-10-30T23:59:59.999999999Z,PROSPECTUS,9,1,
1480,5601314000073,9000.0,Vitalis,"Água mineral sem gás, pack 6 x 1.5 l",,2.59,0.29,9000,L,€/L,,,https://driveimg1.intermarche.com/pt/Content/images/boitmal/produit/zoom/DBABD0E3FAFA221D73AE3D490EFE7F8E.jpg,,,2024-10-30T23:59:59.999999999Z,PROSPECTUS,9,1,
14865,2696212000000,,Pastelaria,Folhado Misto 90 g,,0.69,0.69,0,,€/Unidade,,,https://driveimg1.intermarche.com/pt/Content/images/boitmal/produit/zoom/9A6753DB758F20AE554301F0A4A50040.jpg,,,2024-10-30T23:59:59.999999999Z,PROSPECTUS,9,1,
14947,2891215000000,150.0,Frango,Espetadas,1 un= 150 gr (aprox.),1.57,10.49,0,,€/Kg,,,https://driveimg1.intermarche.com/pt/Content/images/boitmal/produit/zoom/5A6662E0FAFA2253904D368CE98F370B.jpg,,,2024-10-30T23:59:59.999999999Z,PROSPECTUS,9,1,
14950,2891247000000,100.0,Peru,Peru Costeletas,1 un = 100 gr (aprox.),0.33,3.29,0,,€/Kg,,,https://driveimg1.intermarche.com/pt/Content/images/boitmal/produit/zoom/DB956C07159F4D9A485773E18B3733E0.jpg,,,2024-10-30T23:59:59.999999999Z,PROSPECTUS,9,1,
15013,2892586000000,1000.0,Programa Origens,Couve Roxa,1 un = 1 kg (aprox.),0.99,0.99,0,,€/Kg,,,https://driveimg1.intermarche.com/pt/Content/images/boitmal/produit/zoom/C15FB4AA650D08814701170E90E9EDB6.jpg,,,2024-10-30T23:59:59.999999999Z,PROSPECTUS,9,2,
15886,5601027003859,210.0,Manhãzitos,Manhãzitos original,Embalagem 6x2 unidades,2.29,10.9,0,kg,€/Kg,,,https://driveimg1.intermarche.com/pt/Content/images/boitmal/produit/zoom/71329DB5D34C05CB20373BAE1032B91A.jpg,,,2024-10-30T23:59:59.999999999Z,PROSPECTUS,9,2,
17189,5603344531107,110.0,General,"Atum em posta, em azeite",Embalagem de 110g,1.49,13.55,0,kg,€/Kg,,,https://driveimg1.intermarche.com/pt/Content/images/boitmal/produit/zoom/23F9119BF17F96B8DBD56B1983340EF6.jpg,,,2024-10-30T23:59:59.999999999Z,PROSPECTUS,9,2,
18079,5601066400923,180.0,Nacional,Bolacha shortcake,Embalagem de 180g,1.24,6.89,0,kg,€/Kg,,,https://driveimg1.intermarche.com/pt/Content/images/boitmal/produit/zoom/A284E5FC1A6E1FA3EC9C3B429775498D.jpg,,,2024-10-30T23:59:59.999999999Z,PROSPECTUS,9,2,
18139,8712100323140,650.0,Olá,Gelado viennetta morango,Embalagem de 650 ml,3.99,6.14,650,L,€/L,,Tipo de stockagem,https://driveimg1.intermarche.com/pt/Content/images/boitmal/produit/zoom/11CA9DAD34E257210E9E141CF573C3C1.jpg,,,2024-10-30T23:59:59.999999999Z,PROSPECTUS,9,2,
18157,3014260014278,,Oral B,Escova de Dentes 1-2-3 Shiny Clean,4 unidades,3.74,3.74,0,,€/Unidade,,,https://driveimg1.intermarche.com/pt/Content/images/boitmal/produit/zoom/EE420F01232DA02DDCE64F2D90E0E035.jpg,,,2024-10-30T23:59:59.999999999Z,PROSPECTUS,9,2,
18540,5029053038650,,Scottex,"Papel higiénico acolchoado, folha tripla, 9 rolos",,3.89,3.89,0,,€/Unidade,,,https://driveimg1.intermarche.com/pt/Content/images/boitmal/produit/zoom/E8F831F974A77ADD80A6B042E039BBBF.jpg,,,2024-10-30T23:59:59.999999999Z,PROSPECTUS,9,2,
18596,8410500016029,400.0,Danonino Danone,"Iogurte líquido danonino morango/banana,  4 x 100 g",,1.79,4.48,0,kg,€/Kg,,,https://driveimg1.intermarche.com/pt/Content/images/boitmal/produit/zoom/418CA3EE44828DD39BFD6E2687E787F2.jpg,,,2024-10-30T23:59:59.999999999Z,PROSPECTUS,9,2,
18618,5601027004870,210.0,Manhãzitos,Manhãzitos -50% açúcares,Embalagem 6x2 unidades,2.29,10.9,0,kg,€/Kg,,,https://driveimg1.intermarche.com/pt/Content/images/boitmal/produit/zoom/C536B78EEF5079E4091AFA5999C1DFFB.jpg,,,2024-10-30T23:59:59.999999999Z,PROSPECTUS,9,2,
20512,5601070000539,500.0,Cristal,"Vinagre de sidra, garrafa de 500 ml",,0.89,1.78,500,L,€/L,,,https://driveimg1.intermarche.com/pt/Content/images/boitmal/produit/zoom/9D9C0ABCCB2F9B4978C4235B9D5FED76.jpg,,,2024-10-30T23:59:59.999999999Z,PROSPECTUS,9,2,
21373,2895039000000,100.0,Queijaria de Celorico,Queijo Flamengo Bola,Vendido ao peso a partir de 100 g,0.99,9.89,0,,€/Kg,,,https://driveimg1.intermarche.com/pt/Content/images/boitmal/produit/zoom/8194600BA03A0D029CAEBA91D40CFAD9.jpg,,,2024-10-30T23:59:59.999999999Z,PROSPECTUS,9,2,
21767,7613035487871,90.0,Nestlé,Fruta para bebé multifrutas +4 meses,Embalagem de 90g,0.74,8.22,0,kg,€/Kg,,,https://driveimg1.intermarche.com/pt/Content/images/boitmal/produit/zoom/59D3B6826D610DDEB0688A4041A5FB71.jpg,,,2024-10-30T23:59:59.999999999Z,PROSPECTUS,9,2,
24368,5601050033021,620.0,Danone,"Iogurte líquido corpos danone,  4 x 155 g",,1.89,3.05,0,kg,€/Kg,,,https://driveimg1.intermarche.com/pt/Content/images/boitmal/produit/zoom/5B929BA979DAF1031F335D50613B8384.jpg,,,2024-10-30T23:59:59.999999999Z,PROSPECTUS,9,2,
24369,5601050033045,620.0,Danone,"Iogurte líquido morango / kiwi corpos danone,  4 x 155 g",,1.89,3.05,0,kg,€/Kg,,,https://driveimg1.intermarche.com/pt/Content/images/boitmal/produit/zoom/727FBA9E88DFAC31F291DCAC14087FD2.jpg,,,2024-10-30T23:59:59.999999999Z,PROSPECTUS,9,2,
2500,7613033129025,250.0,Cerelac,Papa infantil não láctea bolacha maria +6 meses,Embalagem de 250g,2.39,9.56,0,kg,€/Kg,,,https://driveimg1.intermarche.com/pt/Content/images/boitmal/produit/zoom/1A288A774960D901AD4DC15008F92E64.jpg,,,2024-10-30T23:59:59.999999999Z,PROSPECTUS,9,2,
25052,3023290113684,480.0,Longa vida,"Iogurte 0% pedaços muesli e cereal,  4 x 120 g",,2.29,4.77,0,kg,€/Kg,,,https://driveimg1.intermarche.com/pt/Content/images/boitmal/produit/zoom/102CF2E69A699193F17BFBE2D269DEE0.jpg,,,2024-10-30T23:59:59.999999999Z,PROSPECTUS,9,2,
25397,8426617014032,90.0,Haribo,Gomas favoritos açúcar,Embalagem de 90g,1.04,11.56,0,kg,€/Kg,,,https://driveimg1.intermarche.com/pt/Content/images/boitmal/produit/zoom/CB2D3A429B70394C527322D309B14285.jpg,,,2024-10-30T23:59:59.999999999Z,PROSPECTUS,9,2,
25542,7613035378681,115.0,Purina One,Snack de higiene oral diária para cão médio,Embalagem de 115 g,2.24,19.48,0,kg,€/Kg,,,https://driveimg1.intermarche.com/pt/Content/images/boitmal/produit/zoom/320E3BE97CDC96E85A6CFDC335D0C6E0.jpg,,,2024-10-30T23:59:59.999999999Z,PROSPECTUS,9,2,
25808,8426617002510,100.0,Haribo,Gomas ositos de oro,Embalagem de 100g,1.04,10.4,0,kg,€/Kg,,,https://driveimg1.intermarche.com/pt/Content/images/boitmal/produit/zoom/D25D6900B46F8C2565F09DD42E0CDF4D.jpg,,,2024-10-30T23:59:59.999999999Z,PROSPECTUS,9,2,
2581,7622300086404,100.0,Milka,Tablete de chocolate com creme de caramelo,Embalagem de 100g,1.59,15.9,0,kg,€/Kg,,,https://driveimg1.intermarche.com/pt/Content/images/boitmal/produit/zoom/F8D5162A9CD2BB6CC870C7C585B6D422.jpg,,,2024-10-30T23:59:59.999999999Z,PROSPECTUS,9,2,
26165,5029053566122,,Scottex,Papel Higiénico Gigante,18 Rolos = 54 Rolos,9.99,9.99,0,,€/Unidade,,,https://driveimg1.intermarche.com/pt/Content/images/boitmal/produit/zoom/B9EFFCCC399CF59CCC81A462AE061D6E.jpg,,,2024-10-30T23:59:59.999999999Z,PROSPECTUS,9,2,
26455,8006540830840,1250.0,Fairy,Detergente Líquido p/ Lavar Loiça Platinum Original,"Embalagem de 1,25 l",4.99,3.99,1250,L,€/L,,,https://driveimg1.intermarche.com/pt/Content/images/boitmal/produit/zoom/C63787F1B77168388325CE46E60A774E.jpg,,,2024-10-30T23:59:59.999999999Z,PROSPECTUS,9,2,
2656,8002205010060,650.0,Friskies,Snack para cão biscuit original,Embalagem de 650 g,3.66,5.63,0,kg,€/Kg,,,https://driveimg1.intermarche.com/pt/Content/images/boitmal/produit/zoom/CC32BAF09FF78142973A94FB1A8D15C0.jpg,,,2024-10-30T23:59:59.999999999Z,PROSPECTUS,9,2,
27547,7613036101417,240.0,Cerelac,Seleção da natureza papa infantil láctea aveia manga banana +6 meses,Embalagem de 240g,2.99,12.46,0,kg,€/Kg,,,https://driveimg1.intermarche.com/pt/Content/images/boitmal/produit/zoom/B4BF463DF8546C060EF3BFEFEEB3E2A2.jpg,,,2024-10-30T23:59:59.999999999Z,PROSPECTUS,9,2,
27776,8410500019846,480.0,Danone,"Activia 0% cocktail de fruta cremoso,  4 x 120 g",,1.99,4.15,0,kg,€/Kg,,,https://driveimg1.intermarche.com/pt/Content/images/boitmal/produit/zoom/276E25EA58255AD6CA8BA110EA3F0B5A.jpg,,,2024-10-30T23:59:59.999999999Z,PROSPECTUS,9,2,
27932,3600542097123,,Garnier,"Mascara Negra Carvão Puro, 1 un.",,2.39,2.39,0,,€/Unidade,,,https://driveimg1.intermarche.com/pt/Content/images/boitmal/produit/zoom/90DB1481C2BEF10C569D995ED2FE60B5.jpg,,,2024-10-30T23:59:59.999999999Z,PROSPECTUS,9,2,
2805,8410376010701,400.0,Gullón,Maria diet nature,Embalagem de 400 g,2.04,5.1,0,kg,€/Kg,,,https://driveimg1.intermarche.com/pt/Content/images/boitmal/produit/zoom/C9688DE4A0BED7DDDF5557B81AD847F9.jpg,,,2024-10-30T23:59:59.999999999Z,PROSPECTUS,9,2,
29616,5603722517150,800.0,Vigor,"Kefir Natural, 4x200ml",,2.49,3.11,800,L,€/L,,,https://driveimg1.intermarche.com/pt/Content/images/boitmal/produit/zoom/D24E289A1B4AA032FF442C606998C5F6.jpg,,,2024-10-30T23:59:59.999999999Z,PROSPECTUS,9,2,
31551,8414100333241,250.0,Schweppes,Schweppes tónica zero,Garrafa de 250 ml,0.69,2.76,250,L,€/L,,,https://driveimg1.intermarche.com/pt/Content/images/boitmal/produit/zoom/7D3CDC1738B0F685E19A0F0C867F8751.jpg,,,2024-10-30T23:59:59.999999999Z,PROSPECTUS,9,2,
32408,5601050034967,600.0,Danone,"Danacol aveia,  6 x 100 g",,2.99,4.98,0,kg,€/Kg,,,https://driveimg1.intermarche.com/pt/Content/images/boitmal/produit/zoom/D8B4CB4708653F3D4BB9B148DB6D8336.jpg,,,2024-10-30T23:59:59.999999999Z,PROSPECTUS,9,2,
33090,5411188112709,1000.0,Alpro,Bebida Vegetal Amêndoa Sem Açúcar,Embalagem de 1 litro,2.59,2.59,1000,L,€/L,,,https://driveimg1.intermarche.com/pt/Content/images/boitmal/produit/zoom/47960E31E31869A6B060CFE7BCEFD149.jpg,,,2024-10-30T23:59:59.999999999Z,PROSPECTUS,9,2,
33154,8001841006710,210.0,Lenor,Pérolas de Perfume Fresh,Embalagem de 210g,5.99,28.52,0,kg,€/Kg,,,https://driveimg1.intermarche.com/pt/Content/images/boitmal/produit/zoom/8ED8ADB909211D365E80EE2B546E6B4F.jpg,,,2024-10-30T23:59:59.999999999Z,PROSPECTUS,9,2,
33884,2893837000000,1500.0,Peixaria,Peixe espada preto inteiro,Vendido ao peso,13.49,8.99,0,,€/Kg,,,https://driveimg1.intermarche.com/pt/Content/images/boitmal/produit/zoom/C67775DEF7965BD4AF6F93F01FE1AC28.jpg,,,2024-10-30T23:59:59.999999999Z,PROSPECTUS,9,2,
35227,5604260292332,1500.0,PorSi,Perna de frango com costa,Embalagem de 1.5 Kg,4.44,2.96,0,kg,€/Kg,,,https://driveimg1.intermarche.com/pt/Content/images/boitmal/produit/zoom/A47E0C75D9E54E826702BF3F59BF8279.jpg,,,2024-10-30T23:59:59.999999999Z,PROSPECTUS,9,2,
35232,5604260292400,400.0,PorSi,Moelas de frango,Embalagem de 400 g,1.79,4.48,0,kg,€/Kg,,,https://driveimg1.intermarche.com/pt/Content/images/boitmal/produit/zoom/9DE8C80ED347E25D072A8C87CA6AF1D2.jpg,,,2024-10-30T23:59:59.999999999Z,PROSPECTUS,9,2,
35234,5604260292424,400.0,PorSi,Corações de frango,Embalagem de 400 g,1.89,4.73,0,kg,€/Kg,,,https://driveimg1.intermarche.com/pt/Content/images/boitmal/produit/zoom/21DF345CD4D6571DB689D0DB74E885A8.jpg,,,2024-10-30T23:59:59.999999999Z,PROSPECTUS,9,2,
3526,2894034000000,150.0,Nobre,Fiambre da Perna Extra,1 un = 150 gr (aprox.),2.25,14.99,0,,€/Kg,,,https://driveimg1.intermarche.com/pt/Content/images/boitmal/produit/zoom/557B46964D51EA0529BF496E616F76D8.jpg,,,2024-10-30T23:59:59.999999999Z,PROSPECTUS,9,2,
35297,5601314223205,500.0,Vitalis,Água sem gás,Garrafa de 0.5 l,0.3,0.6,500,L,€/L,,,https://driveimg1.intermarche.com/pt/Content/images/boitmal/produit/zoom/341D6A72BBB8AB6BB829B689761B2A68.jpg,,,2024-10-30T23:59:59.999999999Z,PROSPECTUS,9,2,
35542,7613036867405,210.0,Nescafé,Café em cápsulas dolce gusto ristreto intenso,Embalagem de 210g,9.99,47.57,0,kg,€/Kg,,,https://driveimg1.intermarche.com/pt/Content/images/boitmal/produit/zoom/267E125B7795F042AD3E2E89E4989A32.jpg,,,2024-10-30T23:59:59.999999999Z,PROSPECTUS,9,2,
35749,5603722509667,800.0,Mimosa,Leite Bem Essencial Chocolate,Embalagem de 4 x 200 ml,1.69,2.11,800,L,€/L,,,https://driveimg1.intermarche.com/pt/Content/images/boitmal/produit/zoom/7497180C7B501430F6BD78AEC0C140AA.jpg,,,2024-10-30T23:59:59.999999999Z,PROSPECTUS,9,2,
35983,5601027972735,700.0,Bimbo,Pão de forma torradas familiares,Embalagem de 700 g,1.99,2.84,0,kg,€/Kg,,,https://driveimg1.intermarche.com/pt/Content/images/boitmal/produit/zoom/235876653DE3C23FDDF51ADFA446C532.jpg,,,2024-10-30T23:59:59.999999999Z,PROSPECTUS,9,2,
36614,5604260291489,800.0,PorSi,Perninha de frango,Embalagem de 800 g,3.99,4.99,0,kg,€/Kg,,,https://driveimg1.intermarche.com/pt/Content/images/boitmal/produit/zoom/D41E807564DEEB0B29B1A67D2A8694EF.jpg,,,2024-10-30T23:59:59.999999999Z,PROSPECTUS,9,2,
37551,5601050035889,600.0,Danone,"Iogurte liquido de noz,  6 x 100 g",,2.99,4.98,0,kg,€/Kg,,,https://driveimg1.intermarche.com/pt/Content/images/boitmal/produit/zoom/A29E8F593078306CBB29AE1BAF1D768E.jpg,,,2024-10-30T23:59:59.999999999Z,PROSPECTUS,9,2,
37778,8710847944420,500.0,Skip,Tira nódoas em spray,Embalagem de 500 ml,2.99,5.98,500,L,€/L,,,https://driveimg1.intermarche.com/pt/Content/images/boitmal/produit/zoom/75B538B9177E8250C54989F620DA2826.jpg,,,2024-10-30T23:59:59.999999999Z,PROSPECTUS,9,2,
38291,8410436343527,1100.0,Sonasol,"Lava Tudo Desinfetante, embalagem 1,1l",,2.79,2.54,1100,L,€/L,,,https://driveimg1.intermarche.com/pt/Content/images/boitmal/produit/zoom/EA4FBAD0F8BEA121132D7964AF9FEF9E.jpg,,,2024-10-30T23:59:59.999999999Z,PROSPECTUS,9,2,
38313,8410104489090,800.0,Finish,Abrilhantador máquinas de loiça,800 ml,7.99,9.99,800,L,€/L,,,https://driveimg1.intermarche.com/pt/Content/images/boitmal/produit/zoom/8B79CB925236D2DED71F7EF88F673037.jpg,,,2024-10-30T23:59:59.999999999Z,PROSPECTUS,9,2,
38557,5601027004764,315.0,Manhãzitos,Manhãzitos® planetus 9x2 un.,Embalagem de 315g,2.89,9.17,0,kg,€/Kg,,,https://driveimg1.intermarche.com/pt/Content/images/boitmal/produit/zoom/9668562796F86C61BB4FA95BDBF9C111.jpg,,,2024-10-30T23:59:59.999999999Z,PROSPECTUS,9,2,
405,8712566410910,280.0,Calvé,Ketchup,Embalagem de 280g,1.84,6.57,0,kg,€/Kg,,,https://driveimg1.intermarche.com/pt/Content/images/boitmal/produit/zoom/D7E099A6ABAECF4C5D06260734A2C975.jpg,https://driveimg1.intermarche.com/pt/Content/images/boitmal/produit/zoom/0D7B165FF00CA45BD8F6AC077E3CA1EC.jpg,https://driveimg1.intermarche.com/pt/Content/images/boitmal/produit/zoom/0D7B165FF00CA45BD8F6AC077E3CA1EC.jpg,2024-10-30T23:59:59.999999999Z,PROSPECTUS,9,2,
40593,5603722519406,480.0,Mimosa,"Iogurte fruta batida morango,  480g",,1.69,3.52,0,kg,€/Kg,,,https://driveimg1.intermarche.com/pt/Content/images/boitmal/produit/zoom/0A57F6445B7C1C182B7075A26403537D.jpg,,,2024-10-30T23:59:59.999999999Z,PROSPECTUS,9,2,
40925,8710522652138,240.0,Calvé,Maionese,Embalagem de 240g,1.59,6.63,0,kg,€/Kg,,,https://driveimg1.intermarche.com/pt/Content/images/boitmal/produit/zoom/BAE5DB5E204D247526D3D3D4E5D5A52E.jpg,https://driveimg1.intermarche.com/pt/Content/images/boitmal/produit/zoom/8E23B17512BCD2C444A6228885CC4217.jpg,https://driveimg1.intermarche.com/pt/Content/images/boitmal/produit/zoom/8E23B17512BCD2C444A6228885CC4217.jpg,2024-10-30T23:59:59.999999999Z,PROSPECTUS,9,2,
41078,8718951333420,1250.0,Ajax,"Detergente líquido lava tudo festa das flores primavera, 1.25 litros",,1.99,1.59,1250,L,€/L,,,https://driveimg1.intermarche.com/pt/Content/images/boitmal/produit/zoom/1F65E7E5340A6A14958B2398A00217E9.jpg,,,2024-10-30T23:59:59.999999999Z,PROSPECTUS,9,2,
43756,8410500026363,480.0,Danone,"Iogurte Activia 0% aveia e linhaça,  4 x 120 g",,2.39,4.98,0,kg,€/Kg,,,https://driveimg1.intermarche.com/pt/Content/images/boitmal/produit/zoom/E57678E975E0133AA749A66A9BC6FE48.jpg,,,2024-10-30T23:59:59.999999999Z,PROSPECTUS,9,2,
438,8722700140139,20.0,Lipton,20 saquetas infusão de cidreira,Embalagem de 20g,1.49,74.5,0,kg,€/Kg,,,https://driveimg1.intermarche.com/pt/Content/images/boitmal/produit/zoom/5BD4BD05824B7246D1659F44FE1CD00E.jpg,,,2024-10-30T23:59:59.999999999Z,PROSPECTUS,9,2,
44604,3468080082106,500.0,Corine de Farme,Gel de banho corpo e cabelo,500 ml,4.54,9.08,500,L,€/L,,,https://driveimg1.intermarche.com/pt/Content/images/boitmal/produit/zoom/BFB9136F095F08915170DB2273DDC0D5.jpg,,,2024-10-30T23:59:59.999999999Z,PROSPECTUS,9,2,
44664,8711327488052,1000.0,Lipton,Ice Tea limão zero açúcar,Garrafa de 1 l,1.39,1.39,1000,L,€/L,,,https://driveimg1.intermarche.com/pt/Content/images/boitmal/produit/zoom/52579188A3342679BB6CE44E5B5F381A.jpg,,,2024-10-30T23:59:59.999999999Z,PROSPECTUS,9,2,
44702,5053990155354,175.0,Pringles,Pringles sour cream & onion,Embalagem de 175g,2.39,13.66,0,kg,€/Kg,,,https://driveimg1.intermarche.com/pt/Content/images/boitmal/produit/zoom/CAC75B605C8B7B46C574BB916C039D54.jpg,https://driveimg1.intermarche.com/pt/Content/images/boitmal/produit/zoom/3743B152C095FACA5BB155343DC8A7EE.jpg,https://driveimg1.intermarche.com/pt/Content/images/boitmal/produit/zoom/3743B152C095FACA5BB155343DC8A7EE.jpg,2024-10-30T23:59:59.999999999Z,PROSPECTUS,9,2,https://driveimg1.intermarche.com/pt/Content/images/boitmal/produit/zoom/3743B152C095FACA5BB155343DC8A7EE.jpg
44936,8711327318373,540.0,Olá,Cornetto clássico,Embalagem de 6 x 90 ml,3.56,6.59,540,L,€/L,,Tipo de stockagem,https://driveimg1.intermarche.com/pt/Content/images/boitmal/produit/zoom/8D9DC9138E665052BD487BD925ECAB26.jpg,,,2024-10-30T23:59:59.999999999Z,PROSPECTUS,9,2,
44990,7322541026848,,Colhogar,"Rolo Cozinha Triplo Paratodo XXL, 2 rolos",,3.16,3.16,0,,€/Unidade,,,https://driveimg1.intermarche.com/pt/Content/images/boitmal/produit/zoom/D7D19DB9B75A0279B1869704AC2D4550.jpg,https://driveimg1.intermarche.com/pt/Content/images/boitmal/produit/zoom/3EFB623CBF091E7B25484E554BB042B0.jpg,https://driveimg1.intermarche.com/pt/Content/images/boitmal/produit/zoom/D25ABA2FCB50C61A20036B045DB81E5B.jpg,2024-10-30T23:59:59.999999999Z,PROSPECTUS,9,2,https://driveimg1.intermarche.com/pt/Content/images/boitmal/produit/zoom/FA1A8518060E22F3B0A34FCE764F40DD.jpg
45380,5601050036954,620.0,Danone,"Iogurte Magro Corpos Danone Líquido Frutos Tropicais,  4 x 155 g",,1.89,3.05,0,kg,€/Kg,,,https://driveimg1.intermarche.com/pt/Content/images/boitmal/produit/zoom/231284A4A018EB1BDB97D1E53DC7ECFE.jpg,,,2024-10-30T23:59:59.999999999Z,PROSPECTUS,9,2,
45551,8001841993904,300.0,H&S,Champô anti-caspa limpeza profunda e alívio da comichão,300 ml,4.94,16.47,300,L,€/L,,,https://driveimg1.intermarche.com/pt/Content/images/boitmal/produit/zoom/9D4695ABF3865F4D38210A47A84CB551.jpg,,,2024-10-30T23:59:59.999999999Z,PROSPECTUS,9,2,
46228,7613287530813,300.0,Nestlé,Cereais chocolate,Embalagem de 300g,1.94,6.47,0,kg,€/Kg,,,https://driveimg1.intermarche.com/pt/Content/images/boitmal/produit/zoom/D92FA1CC67B57C16D004657334608B95.jpg,,,2024-10-30T23:59:59.999999999Z,PROSPECTUS,9,2,
46920,2735719000000,1400.0,PorSi,Frango inteiro com miúdos,Embalagem com 1.4 kg (aprox.),3.28,2.34,0,,€/Kg,,,https://driveimg1.intermarche.com/pt/Content/images/boitmal/produit/zoom/49E3A62158DD77A6C9548D00F1B32F09.jpg,,,2024-10-30T23:59:59.999999999Z,PROSPECTUS,9,2,
47109,7613287218704,110.0,Nestlé,Bolsitas de puré de 4 frutas,Embalagem de 110g,0.84,7.64,0,kg,€/Kg,,,https://driveimg1.intermarche.com/pt/Content/images/boitmal/produit/zoom/AAE972318DF3C7B29E7A2F9B4E66DEFB.jpg,,,2024-10-30T23:59:59.999999999Z,PROSPECTUS,9,2,
48551,7613287300393,209.0,Nescafé,Cápsulas Café Buondi Int. 8,Embalagem de 209g,8.99,43.01,0,kg,€/Kg,,,https://driveimg1.intermarche.com/pt/Content/images/boitmal/produit/zoom/3C2972EF213A813C45BFB5F845259020.jpg,,,2024-10-30T23:59:59.999999999Z,PROSPECTUS,9,2,
48556,7622210128362,250.0,Tuc,Crackers original,Embalagem de 250g,2.24,8.96,0,kg,€/Kg,,,https://driveimg1.intermarche.com/pt/Content/images/boitmal/produit/zoom/33AE27DABE60A5EA6AD911E164C1C6D6.jpg,,,2024-10-30T23:59:59.999999999Z,PROSPECTUS,9,2,
48580,8001665717281,250.0,Rana,"Tortellini bolonesa rana, 250g",,2.61,10.44,0,kg,€/Kg,,,https://driveimg1.intermarche.com/pt/Content/images/boitmal/produit/zoom/418B3722E98783D5019AEF648AA413EF.jpg,,,2024-10-30T23:59:59.999999999Z,PROSPECTUS,9,2,
49093,5601082049656,440.0,Delta Q,Cápsulas de Café Grand Qalidus,Embalagem com 80 cápsulas,22.49,51.11,0,kg,€/Kg,,,https://driveimg1.intermarche.com/pt/Content/images/boitmal/produit/zoom/8DEE7FD145D59AAEDF41BEFA511386BD.jpg,,,2024-10-30T23:59:59.999999999Z,PROSPECTUS,9,2,
49427,4001724038962,340.0,Dr. Oetker,Pizza Ristorante Prosciutto,Embalagem de 340g,3.69,10.85,0,kg,€/Kg,,Tipo de stockagem,https://driveimg1.intermarche.com/pt/Content/images/boitmal/produit/zoom/F8F99DC9DD9C38E1115B41A04D81B64B.jpg,,,2024-10-30T23:59:59.999999999Z,PROSPECTUS,9,2,
49429,4001724039112,355.0,Dr. Oetker,Pizza Ristorante Mozzarella,Embalagem de 355g,3.69,10.39,0,kg,€/Kg,,Tipo de stockagem,https://driveimg1.intermarche.com/pt/Content/images/boitmal/produit/zoom/8573D9ECC9815BFCF621D99BE557CD9F.jpg,,,2024-10-30T23:59:59.999999999Z,PROSPECTUS,9,2,
49664,3600542154741,,Garnier,Máscara Anti Olheiras,,2.39,2.39,0,,€/Unidade,,,https://driveimg1.intermarche.com/pt/Content/images/boitmal/produit/zoom/39EE4DC037C2B396DD351128468C978A.jpg,,,2024-10-30T23:59:59.999999999Z,PROSPECTUS,9,2,
49761,8410500024574,460.0,Danone,"Iogurte Bifidus Activia Chia Amêndoa 0%, 4 x 120g",,2.39,5.2,0,kg,€/Kg,,,https://driveimg1.intermarche.com/pt/Content/images/boitmal/produit/zoom/3C78D604FF38EBC1F8556A8A62CA8C37.jpg,,,2024-10-30T23:59:59.999999999Z,PROSPECTUS,9,2,
49838,5601119359147,420.0,Nobre,"Bolonhesa Seitan Vegalia, 420g",,3.36,8.0,0,kg,€/Kg,,,https://driveimg1.intermarche.com/pt/Content/images/boitmal/produit/zoom/E217B19121540ED3C0A65E480B184806.jpg,,,2024-10-30T23:59:59.999999999Z,PROSPECTUS,9,2,
51184,7322540671391,,Colhogar,"Papel Higiénico 3 Folhas Protect Rosa, 12 rolos",,5.96,5.96,0,,€/Unidade,,,https://driveimg1.intermarche.com/pt/Content/images/boitmal/produit/zoom/9FB9FB817D0668649B7C9DB059DC58B9.jpg,https://driveimg1.intermarche.com/pt/Content/images/boitmal/produit/zoom/7B4B406F13A97F9AB0B8D30B52E4FD6E.jpg,https://driveimg1.intermarche.com/pt/Content/images/boitmal/produit/zoom/CB9378758C91DF5315C3626B83667064.jpg,2024-10-30T23:59:59.999999999Z,PROSPECTUS,9,2,https://driveimg1.intermarche.com/pt/Content/images/boitmal/produit/zoom/961A5CD83FE2ECDDD9A0F020A5B4ADD1.jpg
51751,8720181338502,435.0,Cif,"Spray remove bolores, 435 ml",,2.49,5.72,435,L,€/L,,,https://driveimg1.intermarche.com/pt/Content/images/boitmal/produit/zoom/380C503403FDBF9BBCD37132FDE8F56E.jpg,,,2024-10-30T23:59:59.999999999Z,PROSPECTUS,9,2,
51955,5601151966518,1000.0,Compal,Clássico Néctar Maçã,Embalagem de 1 L,0.89,0.89,1000,L,€/L,,,https://driveimg1.intermarche.com/pt/Content/images/boitmal/produit/zoom/2643B0696CA4CCB2A26E95A0182A2704.jpg,,,2024-10-30T23:59:59.999999999Z,PROSPECTUS,9,2,
52068,4000487138605,42.0,Friskies,Friskies picnic vaca 32x,Embalagem de 42g,0.96,22.86,0,kg,€/Kg,,,https://driveimg1.intermarche.com/pt/Content/images/boitmal/produit/zoom/9A0798A60DD03B6D88DE360C9CC519B5.jpg,,,2024-10-30T23:59:59.999999999Z,PROSPECTUS,9,2,
52221,8720181370427,,Surf,Detergente Máquina de Roupa Coco,45 cápsulas,8.99,8.99,0,,€/Unidade,,,https://driveimg1.intermarche.com/pt/Content/images/boitmal/produit/zoom/B89060F66F34B8E1C79FE5068E94C801.jpg,,,2024-10-30T23:59:59.999999999Z,PROSPECTUS,9,2,
52325,8720181384868,,Skip,Detergente Máquina Roupa Líquido Sensitive,56 Doses,9.99,9.99,0,,€/Unidade,,,https://driveimg1.intermarche.com/pt/Content/images/boitmal/produit/zoom/4DF32BF1564A4CFF4F3F63F53192D53C.jpg,,,2024-10-30T23:59:59.999999999Z,PROSPECTUS,9,2,
5246,5601151540886,600.0,Compal,Néctar pera,pack 3 x 200 ml,1.27,2.12,600,L,€/L,,,https://driveimg1.intermarche.com/pt/Content/images/boitmal/produit/zoom/FE872862C33D3E4FE94573CE8DDC4957.jpg,,,2024-10-30T23:59:59.999999999Z,PROSPECTUS,9,2,
52599,5601217137968,1710.0,Quanto,"Amaciador Roupa Concentrado Violetas do Bosque, 95 doses",,3.99,2.33,1710,L,€/L,,,https://driveimg1.intermarche.com/pt/Content/images/boitmal/produit/zoom/158716B89DDA66C93B622A001C4C974A.jpg,,,2024-10-30T23:59:59.999999999Z,PROSPECTUS,9,2,
52602,5601217137937,1710.0,Quanto,"Amaciador Roupa Concentrado Lirios e Frutos Vermelhos, 95 doses",,3.99,2.33,1710,L,€/L,,,https://driveimg1.intermarche.com/pt/Content/images/boitmal/produit/zoom/563FAA46B02CF60B1C429C7EDCFFBB40.jpg,,,2024-10-30T23:59:59.999999999Z,PROSPECTUS,9,2,
52860,7613039446478,,Nescafé,"Café Cápsulas Dolce Gusto Ristretto Napoli, 48 unidades",,12.99,12.99,48,,€/Unidade,,,https://driveimg1.intermarche.com/pt/Content/images/boitmal/produit/zoom/D7F7E8817B9390851EB0F97DA54E5D7E.jpg,,,2024-10-30T23:59:59.999999999Z,PROSPECTUS,9,2,
52862,8445290351425,,Nescafé,"Café Cápsulas Dolce Gusto Sical Extra Creme, 48 unidades",,12.99,12.99,48,,€/Unidade,,,https://driveimg1.intermarche.com/pt/Content/images/boitmal/produit/zoom/379425E602B571EE1E5B82FB1669C2FD.jpg,,,2024-10-30T23:59:59.999999999Z,PROSPECTUS,9,2,
52881,8719200267190,450.0,Becel,"Creme Vegetal para Barrar Original, 450g",,2.89,6.42,0,kg,€/Kg,,,https://driveimg1.intermarche.com/pt/Content/images/boitmal/produit/zoom/D67292663C5C1617E51BCDF904BF56A4.jpg,,,2024-10-30T23:59:59.999999999Z,PROSPECTUS,9,2,
53454,5029053563596,,Scottex,"Lenços Faciais, 70 unidades",,1.19,1.19,70,,€/Unidade,,,https://driveimg1.intermarche.com/pt/Content/images/boitmal/produit/zoom/C930FC2FA4FDF1DBC8D0D7A213F0B4A5.jpg,,,2024-10-30T23:59:59.999999999Z,PROSPECTUS,9,2,
53759,8435495833864,4050.0,Gama,Detergente Máquina Roupa Líquido Floral,Embalagem de 90 Doses,9.99,2.47,4050,L,€/L,,,https://driveimg1.intermarche.com/pt/Content/images/boitmal/produit/zoom/B1444808EE37FB337A50B68241AE2CB7.jpg,,,2024-10-30T23:59:59.999999999Z,PROSPECTUS,9,2,
53919,2696282000000,250.0,Pastelaria,"Baguete Constance, 250 g",,0.79,3.16,0,kg,€/Kg,,,https://driveimg1.intermarche.com/pt/Content/images/boitmal/produit/zoom/0BA49B9462EB8B9EAD281953127E99E8.jpg,,,2024-10-30T23:59:59.999999999Z,PROSPECTUS,9,2,
5745,5603722513718,1000.0,Vigor,Leite pasteurizado m/g sem lactose,Garrafa de 1 l,1.15,1.15,1000,L,€/L,,,https://driveimg1.intermarche.com/pt/Content/images/boitmal/produit/zoom/2B0BBD13280229875622C8E875C24761.jpg,,,2024-10-30T23:59:59.999999999Z,PROSPECTUS,9,2,
7140,2895062000000,250.0,Santiago,Queijo tres igrejas cura 2 meses,Vendido ao peso a partir de 250 gr,3.0,11.99,0,,€/Kg,,,https://driveimg1.intermarche.com/pt/Content/images/boitmal/produit/zoom/23C77AA648CADC2DCC87B3557E21073E.jpg,,,2024-10-30T23:59:59.999999999Z,PROSPECTUS,9,2,
7166,2895224000000,250.0,São Jorge,Queijo da Ilha DOP Cura 4 Meses,Vendido ao peso a partir de 250 gr,3.58,14.3,0,,€/Kg,,,https://driveimg1.intermarche.com/pt/Content/images/boitmal/produit/zoom/702004FBEA1D5588A2791A027C546286.jpg,,,2024-10-30T23:59:59.999999999Z,PROSPECTUS,9,2,
8252,5600358330269,400.0,Sopas Graciete,"Creme de Feijão Verde, garrafa de 400 ml",,1.35,3.38,400,L,€/L,,,https://driveimg1.intermarche.com/pt/Content/images/boitmal/produit/zoom/0B3888C32D6B5EF29D22BD2E416AB0F9.jpg,,,2024-10-30T23:59:59.999999999Z,PROSPECTUS,9,2,
8520,5601119956490,120.0,Nobre,Fiambre perna extra finissimos fatiado,Embalagem de 120g,1.99,16.58,0,kg,€/Kg,,,https://driveimg1.intermarche.com/pt/Content/images/boitmal/produit/zoom/A7AE9A4CE77B2E0C74B78D8E6FD0475C.jpg,,,2024-10-30T23:59:59.999999999Z,PROSPECTUS,9,2,
8641,5601151983171,600.0,Compal,Néctar vital de frutos vermelhos,Pack 3 x 200 ml,1.27,2.12,600,L,€/L,,,https://driveimg1.intermarche.com/pt/Content/images/boitmal/produit/zoom/612A85B8691CFCC5F767477F18BDCEE0.jpg,,,2024-10-30T23:59:59.999999999Z,PROSPECTUS,9,2,
8933,5601377339080,750.0,Monsaraz,Vinho Tinto DOC Alentejo,"Garrafa de 0,75 l",2.89,3.85,750,L,€/L,,,https://driveimg1.intermarche.com/pt/Content/images/boitmal/produit/zoom/91D66AE5F752617A4B7436C49147FA1C.jpg,,,2024-10-30T23:59:59.999999999Z,PROSPECTUS,9,2,
9245,5603034000098,400.0,São Jorge,Queijo dop cura 4 meses fatias,Embalagem de 400g,6.14,15.35,0,kg,€/Kg,,,https://driveimg1.intermarche.com/pt/Content/images/boitmal/produit/zoom/A4FE3A45E95585BD4D435B2857AEDB59.jpg,,,2024-10-30T23:59:59.999999999Z,PROSPECTUS,9,2,
9279,5603533652002,1000.0,Frize,Água c/ gás limão,pack 4 x 0.25 l,1.99,1.99,1000,L,€/L,,,https://driveimg1.intermarche.com/pt/Content/images/boitmal/produit/zoom/5168323A2D812BEF907FCB0E5F1CDA9E.jpg,,,2024-10-30T23:59:59.999999999Z,PROSPECTUS,9,2,
9299,5603722497254,1500.0,Pleno,"Tisana Chá de Cidreira e Tília, garrafa de 1,5 l",,1.59,1.06,1500,L,€/L,,,https://driveimg1.intermarche.com/pt/Content/images/boitmal/produit/zoom/E209EEA7F7A7AFC654DB8AF682E8C159.jpg,,,2024-10-30T23:59:59.999999999Z,PROSPECTUS,9,2,
980,5601024134488,750.0,Oliveira da Serra,Azeite virgem extra clássico,Embalagem de 750 ml,6.99,9.32,750,L,€/L,,,https://driveimg1.intermarche.com/pt/Content/images/boitmal/produit/zoom/01EF39EFE8396CC9ACA95DC25E9D3412.jpg,,,2024-10-30T23:59:59.999999999Z,PROSPECTUS,9,2,
996,5601038005064,80.0,Knorr,Caldo de legumes 8 cubos,Embalagem de 80g,1.49,18.63,0,kg,€/Kg,,,https://driveimg1.intermarche.com/pt/Content/images/boitmal/produit/zoom/3606EB29BAB8193115549EA3C4464D95.jpg,,,2024-10-30T23:59:59.999999999Z,PROSPECTUS,9,2,
15059,2892578000000,200.0,Legumes,Nabo Roxo sem Rama,1 un = 200 gr (aprox.),0.4,1.99,0,,€/Kg,,,https://driveimg1.intermarche.com/pt/Content/images/boitmal/produit/zoom/EECF99CF1D26FD88C91EC2A5B22EA3C8.jpg,,,2024-10-30T23:59:59.999999999Z,PROSPECTUS,9,2,
44104,2696661000000,90.0,Padaria,Cacetinho de trigo integral,90 g,0.19,2.11,0,kg,€/Kg,,,https://driveimg1.intermarche.com/pt/Content/images/boitmal/produit/zoom/DC4B31D5116A1A43F4BD72090A42EAD2.jpg,,,2024-10-30T23:59:59.999999999Z,PROSPECTUS,9,3,
32158,4015400917328,480.0,Fairy,"Detergente Liquido da Loiça Limão, 480 ml",,2.54,5.29,480,L,€/L,,,https://driveimg1.intermarche.com/pt/Content/images/boitmal/produit/zoom/06821894A698BA7624B6C2AA9B108A8D.jpg,,,2024-10-30T23:59:59.999999999Z,PROSPECTUS,9,3,
36263,5601027973060,480.0,Bimbo,Pão de forma integral,Embalagem de 480 g,1.84,3.83,0,kg,€/Kg,,,https://driveimg1.intermarche.com/pt/Content/images/boitmal/produit/zoom/706CDDCF91F9F779ABC5B2D4D8D2F75F.jpg,,,2024-10-30T23:59:59.999999999Z,PROSPECTUS,9,3,
16983,8712100735455,540.0,Olá,Gelado cornetto morango,Embalagem de 6 x 90 ml,3.56,6.59,540,L,€/L,,Tipo de stockagem,https://driveimg1.intermarche.com/pt/Content/images/boitmal/produit/zoom/B4DE454FD5CA5C67863F06FFF45366E8.jpg,https://driveimg1.intermarche.com/pt/Content/images/boitmal/produit/zoom/FF03523E6B925BE3441B0A34A996CA2B.jpg,https://driveimg1.intermarche.com/pt/Content/images/boitmal/produit/zoom/FF03523E6B925BE3441B0A34A996CA2B.jpg,2024-10-30T23:59:59.999999999Z,PROSPECTUS,9,3,
17827,5603344531022,110.0,General,Atum posta em óleo,Embalagem de 110g,1.89,17.18,0,kg,€/Kg,,,https://driveimg1.intermarche.com/pt/Content/images/boitmal/produit/zoom/0B70BBA12E696DF4BBA1975714F843B4.jpg,,,2024-10-30T23:59:59.999999999Z,PROSPECTUS,9,3,
5096,5601050026429,300.0,Danonino Danone,"Queijinho danonino petitdino de morango/banana,  6 x 50 g",,1.49,4.97,0,kg,€/Kg,,,https://driveimg1.intermarche.com/pt/Content/images/boitmal/produit/zoom/FA8D1A9125B498992C62B9745CC5DD3D.jpg,,,2024-10-30T23:59:59.999999999Z,PROSPECTUS,9,3,
11585,5601151540817,600.0,Compal,Néctar tutti-fruti,Pack 3 x 200 ml,1.27,2.12,600,L,€/L,,,https://driveimg1.intermarche.com/pt/Content/images/boitmal/produit/zoom/46259AFD5876FC6CE2BE2E09C2B96495.jpg,,,2024-10-30T23:59:59.999999999Z,PROSPECTUS,9,3,
49762,5601050037562,460.0,Danone,"Iogurte com Cereais Activia, 4 x 120g",,2.39,5.2,0,kg,€/Kg,,,https://driveimg1.intermarche.com/pt/Content/images/boitmal/produit/zoom/51EAF4A53D8366A31634F35574981BCB.jpg,,,2024-10-30T23:59:59.999999999Z,PROSPECTUS,9,3,
11463,5601018001642,250.0,Gresso,Manteiga com Sal,Embalagem de 250g,1.98,7.92,0,kg,€/Kg,,,https://driveimg1.intermarche.com/pt/Content/images/boitmal/produit/zoom/CE6327DA4716D17A10AB93CC3D5ACD31.jpg,https://driveimg1.intermarche.com/pt/Content/images/boitmal/produit/zoom/7AC5179CFF33BEA38B382077FB05A477.jpg,,2024-10-30T23:59:59.999999999Z,PROSPECTUS,9,3,
44701,5053990156009,175.0,Pringles,Pringles original,Embalagem de 175g,2.39,13.66,0,kg,€/Kg,,,https://driveimg1.intermarche.com/pt/Content/images/boitmal/produit/zoom/A4350F1969E3C38471802CC20C7A43A5.jpg,https://driveimg1.intermarche.com/pt/Content/images/boitmal/produit/zoom/843E1395B62C4B40E91467CF90852642.jpg,https://driveimg1.intermarche.com/pt/Content/images/boitmal/produit/zoom/843E1395B62C4B40E91467CF90852642.jpg,2024-10-30T23:59:59.999999999Z,PROSPECTUS,9,3,https://driveimg1.intermarche.com/pt/Content/images/boitmal/produit/zoom/843E1395B62C4B40E91467CF90852642.jpg
49763,5601050037579,460.0,Danone,"Iogurte Activia Fibras Aveia & Frutos Secos, 4 x 120g",,2.39,5.2,0,kg,€/Kg,,,https://driveimg1.intermarche.com/pt/Content/images/boitmal/produit/zoom/D3105D0A7021B60785802EF13F61AE8F.jpg,,,2024-10-30T23:59:59.999999999Z,PROSPECTUS,9,3,
10826,2895082000000,250.0,Ilha Azul,Queijo Curado,Vendido ao peso a partir de 250 gr,2.0,7.99,0,,€/Kg,,,https://driveimg1.intermarche.com/pt/Content/images/boitmal/produit/zoom/3B62E6B6007870C37C76A52222AF902D.jpg,,,2024-10-30T23:59:59.999999999Z,PROSPECTUS,9,3,
21766,7613035487840,90.0,Nestlé,Fruta para bebé banana laranja bolacha +6 meses,Embalagem de 90g,0.74,8.22,0,kg,€/Kg,,,https://driveimg1.intermarche.com/pt/Content/images/boitmal/produit/zoom/97B5DC278815B47BCD7E38EEC0455DC8.jpg,,,2024-10-30T23:59:59.999999999Z,PROSPECTUS,9,3,
22232,8410320104500,80.0,Campofrio,Salame fat,Embalagem de 80g,1.59,19.88,0,kg,€/Kg,,,https://driveimg1.intermarche.com/pt/Content/images/boitmal/produit/zoom/55984918C252981E6C8956EFD4419256.jpg,,,2024-10-30T23:59:59.999999999Z,PROSPECTUS,9,3,
13523,2893515000000,250.0,Peixaria,Lula Congelada,1 un= 250 gr (aprox.),1.25,4.99,0,,€/Kg,,Avantages !,https://driveimg1.intermarche.com/pt/Content/images/boitmal/produit/zoom/B2B7BBDC4CDC3C912C9CD2FEC6D3B682.jpg,,,2024-10-30T23:59:59.999999999Z,PROSPECTUS,9,3,
15113,2891112000000,200.0,Frango,Moelas,1 un = 200 gr (aprox.),0.8,3.99,0,,€/Kg,,,https://driveimg1.intermarche.com/pt/Content/images/boitmal/produit/zoom/B8C7BDB6F722DEF08EFB8D0186708F9D.jpg,,,2024-10-30T23:59:59.999999999Z,PROSPECTUS,9,3,
15507,5601050031621,480.0,Danone,"Iogurte activia cremoso coco,  4 x 120 g",,1.99,4.15,0,kg,€/Kg,,,https://driveimg1.intermarche.com/pt/Content/images/boitmal/produit/zoom/05783495E4A676779F417115EB52CFE8.jpg,,,2024-10-30T23:59:59.999999999Z,PROSPECTUS,9,3,
15879,5601164902282,3000.0,Super Bock,Cerveja Mini,Pack 15 x 0.20 L,6.99,2.33,3000,L,€/L,,,https://driveimg1.intermarche.com/pt/Content/images/boitmal/produit/zoom/B6A4FA8F12716114DD47B614825CAA6B.jpg,,,2024-10-30T23:59:59.999999999Z,PROSPECTUS,9,3,
21052,8435257034270,640.0,Nestlé,"Iogurte líquido yoggi, sem lactose, morango/banana,  4 x 160 g",,2.19,3.42,0,kg,€/Kg,,,https://driveimg1.intermarche.com/pt/Content/images/boitmal/produit/zoom/93C63CDCCE271351E42C385AFD3AE69F.jpg,,,2024-10-30T23:59:59.999999999Z,PROSPECTUS,9,3,
52377,8720181385131,,Skip,Detergente Máquina Roupa Líquido Sabão Natural,100 Doses,11.99,11.99,0,,€/Unidade,,,https://driveimg1.intermarche.com/pt/Content/images/boitmal/produit/zoom/C8D069DB25783C2FC7889DE8456B0590.jpg,,,2024-10-30T23:59:59.999999999Z,PROSPECTUS,9,3,
13585,2893580000000,250.0,Marisco,Gambão Congelado 20/30,Vendido a partir de 250 (aprox.),2.0,7.99,0,,€/Kg,,Avantages !,https://driveimg1.intermarche.com/pt/Content/images/boitmal/produit/zoom/4D0BD52A2A6DCE6EE965D391A979212D.jpg,,,2024-10-30T23:59:59.999999999Z,PROSPECTUS,9,3,
24380,8434165444881,500.0,Cuétara,Choco flakes,Embalagem de 500g,2.99,5.98,0,kg,€/Kg,,,https://driveimg1.intermarche.com/pt/Content/images/boitmal/produit/zoom/814A8D94DF7ABBAD4F569772D5A66708.jpg,,,2024-10-30T23:59:59.999999999Z,PROSPECTUS,9,3,
30414,4015400917304,480.0,Fairy,Detergente Liquido Loiça Original,480 ml,2.54,5.29,480,L,€/L,,,https://driveimg1.intermarche.com/pt/Content/images/boitmal/produit/zoom/9E32CE6EDBAF8F26722865569A3DD5EE.jpg,,,2024-10-30T23:59:59.999999999Z,PROSPECTUS,9,3,
50657,7622201723767,150.0,Philadelphia,Queijo Creme Regular,Embalagem de 150g,1.79,11.93,0,kg,€/Kg,,,https://driveimg1.intermarche.com/pt/Content/images/boitmal/produit/zoom/557EC9F2DADB9BBCF07CBF75BC9EC55D.jpg,,,2024-10-30T23:59:59.999999999Z,PROSPECTUS,9,3,
21051,8435257034300,640.0,Nestlé,"Iogurte líquido yoggi, sem lactose, morango,  4 x 160 g",,2.19,3.42,0,kg,€/Kg,,,https://driveimg1.intermarche.com/pt/Content/images/boitmal/produit/zoom/EDE6B117FB886E95B7257B2282F005D2.jpg,,,2024-10-30T23:59:59.999999999Z,PROSPECTUS,9,3,
9946,7622300654177,170.0,Triunfo,Bolachas digestive go aveia,Embalagem de 170g,1.49,8.76,0,kg,€/Kg,,,https://driveimg1.intermarche.com/pt/Content/images/boitmal/produit/zoom/A892B3FDA3E33C2B1F68488502542539.jpg,,,2024-10-30T23:59:59.999999999Z,PROSPECTUS,9,3,
10280,8410469002781,,Colhogar,Papel Higiénico Compacto Ultra Suave XXL,12 rolos,5.22,5.22,0,,€/Unidade,,,https://driveimg1.intermarche.com/pt/Content/images/boitmal/produit/zoom/4CA9509CB2D72B829B2D15E9A61717F5.jpg,,,2024-10-30T23:59:59.999999999Z,PROSPECTUS,9,3,
13000,2892533000000,1000.0,Legumes,Couve branca,1 un= 1 kg aprox,0.99,0.99,0,,€/Kg,,,https://driveimg1.intermarche.com/pt/Content/images/boitmal/produit/zoom/4A118CCD7A01ABE88026942CC385EB6B.jpg,,,2024-10-30T23:59:59.999999999Z,PROSPECTUS,9,3,
13529,2893521000000,1000.0,Peixaria,Pescada do Chile Congelada Nº3,1 un= 1 kg (aprox.),11.99,11.99,0,,€/Kg,,Avantages !,https://driveimg1.intermarche.com/pt/Content/images/boitmal/produit/zoom/40D57D35BBDBDF72027C959F41A6E90C.jpg,,,2024-10-30T23:59:59.999999999Z,PROSPECTUS,9,3,
14854,2891117000000,2350.0,PorSi,Pato inteiro com miúdos,1 un = 2.250 kg (aprox.),10.53,4.48,0,,€/Kg,,,https://driveimg1.intermarche.com/pt/Content/images/boitmal/produit/zoom/8590712CC932B136925D5328AF850637.jpg,,,2024-10-30T23:59:59.999999999Z,PROSPECTUS,9,3,
24410,8710908859502,750.0,Cif,Spray power&shine multiusos c/ lixívia,Garrafa de 750 ml,2.69,3.59,750,L,€/L,,,https://driveimg1.intermarche.com/pt/Content/images/boitmal/produit/zoom/BC1FC8E39B43E72D32F4657C6D001534.jpg,,,2024-10-30T23:59:59.999999999Z,PROSPECTUS,9,3,
44809,7613035593756,1000.0,Nesquik,Achocolatado em saco,Embalagem de 1 kg,6.25,6.25,0,kg,€/Kg,,,https://driveimg1.intermarche.com/pt/Content/images/boitmal/produit/zoom/7A82F6A4FFDD5A747845650B2714ACA6.jpg,,,2024-10-30T23:59:59.999999999Z,PROSPECTUS,9,3,
5095,5601050026405,300.0,Danone,"Queijinho dadoninho petitdino de morango,  6 x 50 g",,1.49,4.97,0,kg,€/Kg,,,https://driveimg1.intermarche.com/pt/Content/images/boitmal/produit/zoom/A996A3A25DAAE4625EF7D6D51278644F.jpg,,,2024-10-30T23:59:59.999999999Z,PROSPECTUS,9,3,
11687,5601244202158,400.0,Terra Nostra,Queijo fatias -50% gordura,Embalagem de 400g,3.99,9.98,0,kg,€/Kg,,,https://driveimg1.intermarche.com/pt/Content/images/boitmal/produit/zoom/CCCF8966A6691863BD8AEE552A96BE72.jpg,,,2024-10-30T23:59:59.999999999Z,PROSPECTUS,9,3,
11942,5603533492202,1000.0,Frize,Água c/ gás groselha,pack 4 x 0.25 l,1.99,1.99,1000,L,€/L,,,https://driveimg1.intermarche.com/pt/Content/images/boitmal/produit/zoom/1BCB2445A8F41EC02B613ABED34EE191.jpg,,,2024-10-30T23:59:59.999999999Z,PROSPECTUS,9,3,
16003,5000116109630,300.0,Capitão Iglo,12 douradinhos forníssimo,Embalagem de 300g,3.49,11.63,0,kg,€/Kg,,Tipo de stockagem,https://driveimg1.intermarche.com/pt/Content/images/boitmal/produit/zoom/233E9FC9471A71F1B4977B2D8B4AFE95.jpg,,,2024-10-30T23:59:59.999999999Z,PROSPECTUS,9,3,
17900,8001480023277,700.0,Neoblanc,"Lixívia Spray Mousse Flor, 700ml",,2.59,3.7,700,L,€/L,,,https://driveimg1.intermarche.com/pt/Content/images/boitmal/produit/zoom/FA98D871A88B2DCD779EA51368257E43.jpg,,,2024-10-30T23:59:59.999999999Z,PROSPECTUS,9,3,
18842,5601070000508,500.0,Cristal,Vinagre vinho branco 500ml,Garrafa de 500 ml,1.09,2.18,500,L,€/L,,,https://driveimg1.intermarche.com/pt/Content/images/boitmal/produit/zoom/9B1BDF2A3E3E9679D43CD22EA6D9C158.jpg,,,2024-10-30T23:59:59.999999999Z,PROSPECTUS,9,3,
23524,5000204922851,750.0,Pato,"Líquido sanitário extra power, marinho, 750 ml",,1.69,2.25,750,L,€/L,,,https://driveimg1.intermarche.com/pt/Content/images/boitmal/produit/zoom/FF6B5BA6C8EB35DB501C05C209AD45D0.jpg,,,2024-10-30T23:59:59.999999999Z,PROSPECTUS,9,3,
50658,7622201724443,150.0,Philadelphia,Queijo Creme Light,Embalagem de 150g,1.79,11.93,0,kg,€/Kg,,,https://driveimg1.intermarche.com/pt/Content/images/boitmal/produit/zoom/1F5DBEB2C0B14CA8D92B81707B49E930.jpg,,,2024-10-30T23:59:59.999999999Z,PROSPECTUS,9,3,
5521,5601692071214,1000.0,Bom sucesso,"Arroz agulha, 1kg",Embalagem de 1 kg,1.29,1.29,0,kg,€/Kg,,,https://driveimg1.intermarche.com/pt/Content/images/boitmal/produit/zoom/67549B74E1964578541F2476DCA87536.jpg,,,2024-10-30T23:59:59.999999999Z,PROSPECTUS,9,3,
12230,7613034192264,250.0,Cerelac,Papa infantil para preparar com leite +6 meses,Embalagem de 250g,1.84,7.36,0,kg,€/Kg,,,https://driveimg1.intermarche.com/pt/Content/images/boitmal/produit/zoom/9FAA017CC3BC08A98F0EF54D61B67C5D.jpg,,,2024-10-30T23:59:59.999999999Z,PROSPECTUS,9,3,
13595,2893590000000,300.0,Peixaria,Pescada Pequena da Argentina Congelada,1 un= 1kg (aprox.),1.14,3.79,0,,€/Kg,,Avantages !,https://driveimg1.intermarche.com/pt/Content/images/boitmal/produit/zoom/55D0840C54B4509E0B02B8F93D8A0E14.jpg,,,2024-10-30T23:59:59.999999999Z,PROSPECTUS,9,3,
19586,8435257028057,720.0,Longa vida,"Iogurte aroma 0% tutti fruti/coco,  6 x 120 g",,2.29,3.18,0,kg,€/Kg,,,https://driveimg1.intermarche.com/pt/Content/images/boitmal/produit/zoom/18D91A939DFD31509CD0E9DB0A5315E6.jpg,,,2024-10-30T23:59:59.999999999Z,PROSPECTUS,9,3,
49964,8719200238176,225.0,Becel,Creme de Barrar,Embalagem de 225g,1.99,8.84,0,kg,€/Kg,,,https://driveimg1.intermarche.com/pt/Content/images/boitmal/produit/zoom/382BF7BFAA9AE155413812F2C51A439C.jpg,,,2024-10-30T23:59:59.999999999Z,PROSPECTUS,9,3,
1187,5601119007963,120.0,Nobre,6 Salsichas de porco,Lata de 120g,1.09,9.08,0,kg,€/Kg,,,https://driveimg1.intermarche.com/pt/Content/images/boitmal/produit/zoom/120DC1535B1AFA150D13CE3A5CE70137.jpg,,,2024-10-30T23:59:59.999999999Z,PROSPECTUS,9,3,
13945,2891111000000,250.0,Frango,Miúdos,1 un = 250 gr  (aprox.),0.75,2.99,0,,€/Kg,,,https://driveimg1.intermarche.com/pt/Content/images/boitmal/produit/zoom/A2C7CAE31D6C70ECE8426332A5172FA6.jpg,,,2024-10-30T23:59:59.999999999Z,PROSPECTUS,9,3,
17665,8712100745591,753.0,Calvé,Maionese XXL,Embalagem de 753 g,3.69,4.9,0,kg,€/Kg,,,https://driveimg1.intermarche.com/pt/Content/images/boitmal/produit/zoom/69DD5C01FA6303DE3BD821864A539AC3.jpg,,,2024-10-30T23:59:59.999999999Z,PROSPECTUS,9,3,
20967,5601027002593,175.0,Manhãzitos,5 manhãzitos choco chips,Embalagem de 175 g,2.24,12.8,0,kg,€/Kg,,,https://driveimg1.intermarche.com/pt/Content/images/boitmal/produit/zoom/0AAF2F344E6BB2E2CE72DDB89E9BE7D6.jpg,,,2024-10-30T23:59:59.999999999Z,PROSPECTUS,9,3,
29834,8712100516467,480.0,Olá,Gelado cornetto mini clássico,Embalagem de 8 x 60 ml,3.89,8.1,480,L,€/L,,Tipo de stockagem,https://driveimg1.intermarche.com/pt/Content/images/boitmal/produit/zoom/52C23093EFDFEFEAE4F1F6612BE1C6BE.jpg,,,2024-10-30T23:59:59.999999999Z,PROSPECTUS,9,3,
35229,5604260292479,400.0,PorSi,Espetada de peru,Embalagem de 400 g,2.75,6.88,0,kg,€/Kg,,,https://driveimg1.intermarche.com/pt/Content/images/boitmal/produit/zoom/EA419A103B5A905123358EE8E544335C.jpg,,,2024-10-30T23:59:59.999999999Z,PROSPECTUS,9,3,
50389,8445290351401,,Nescafé,Cápsulas Café Sical Extra Creme Int. 7,Embalagem de 30 unidades,8.99,8.99,30,,€/Unidade,,,https://driveimg1.intermarche.com/pt/Content/images/boitmal/produit/zoom/D965C0B28E0B826E88C1C747AF626B8F.jpg,,,2024-10-30T23:59:59.999999999Z,PROSPECTUS,9,3,
5438,5601314222222,1980.0,Vitalis,Água mineral sem gás,pack 6 x 0.33 l,1.29,0.65,1980,L,€/L,,,https://driveimg1.intermarche.com/pt/Content/images/boitmal/produit/zoom/E11545810DC93B28039D4E1D76B28C17.jpg,,,2024-10-30T23:59:59.999999999Z,PROSPECTUS,9,3,
1468,5601286250780,500.0,Milaneza,Massa macarronete riscado,Embalagem de 500g,1.04,2.08,0,kg,€/Kg,,,https://driveimg1.intermarche.com/pt/Content/images/boitmal/produit/zoom/E29625DD7DC1FE05A5F96FD16E9391E8.jpg,,,2024-10-30T23:59:59.999999999Z,PROSPECTUS,9,3,
18161,5601164884465,1320.0,Somersby,Sidra frutos vermelhos,pack 4 x 0.33 l,3.95,2.99,1320,L,€/L,,,https://driveimg1.intermarche.com/pt/Content/images/boitmal/produit/zoom/BAB502492C411014B4CF03144D1A8CCB.jpg,,,2024-10-30T23:59:59.999999999Z,PROSPECTUS,9,3,
51113,8720181262784,500.0,Cif,"Limpa Casa Banho Spray Higiene c/ Lixívia, 500 ml",,1.99,3.98,500,L,€/L,,,https://driveimg1.intermarche.com/pt/Content/images/boitmal/produit/zoom/269947C1E7ED82654B4A41635C3A67E7.jpg,,,2024-10-30T23:59:59.999999999Z,PROSPECTUS,9,3,
6361,8410108088886,,Evax,"Pensos diários salva slip, maxi",72 unidades,3.74,3.74,0,,€/Unidade,,,https://driveimg1.intermarche.com/pt/Content/images/boitmal/produit/zoom/04C43DF34CCFC7ECACB2FD78623C223E.jpg,,,2024-10-30T23:59:59.999999999Z,PROSPECTUS,9,3,
1466,5601286235770,250.0,Milaneza,Massa cuscus,Embalagem de 250g,0.63,2.52,0,kg,€/Kg,,,https://driveimg1.intermarche.com/pt/Content/images/boitmal/produit/zoom/C88D2492C00ABAD0495ACF6CE8960CC4.jpg,,,2024-10-30T23:59:59.999999999Z,PROSPECTUS,9,3,
23212,8434165444874,500.0,Cuétara,Flakes,Embalagem de 500g,2.99,5.98,0,kg,€/Kg,,,https://driveimg1.intermarche.com/pt/Content/images/boitmal/produit/zoom/EFAD724A4BD601B608D6D4BB6EF66723.jpg,,,2024-10-30T23:59:59.999999999Z,PROSPECTUS,9,3,
25108,5601226041720,750.0,Ucal,Leite uht c/ chocolate,Embalagem de 3 x 250 ml,2.29,3.05,750,L,€/L,,,https://driveimg1.intermarche.com/pt/Content/images/boitmal/produit/zoom/2AFB2501DB878C97A2DFFFAA8B544C90.jpg,,,2024-10-30T23:59:59.999999999Z,PROSPECTUS,9,3,
46518,5000204208856,750.0,Pato,"Líquido sanitário ação total menta, 750 ml",,1.94,2.59,750,L,€/L,,,https://driveimg1.intermarche.com/pt/Content/images/boitmal/produit/zoom/0233D129A9EC0388789C44988374A6C5.jpg,,,2024-10-30T23:59:59.999999999Z,PROSPECTUS,9,3,
51516,5000204242676,750.0,Pato,"Líquido Sanitário Biodegradável, 750 ml",,1.69,2.25,750,L,€/L,,,https://driveimg1.intermarche.com/pt/Content/images/boitmal/produit/zoom/A52D20BC4663DAC31D8BC9280D80BD62.jpg,,,2024-10-30T23:59:59.999999999Z,PROSPECTUS,9,3,
51908,3073781193169,125.0,A Vaca Que Ri,"Queijo fundido light, 125g",,1.69,13.52,0,kg,€/Kg,,,https://driveimg1.intermarche.com/pt/Content/images/boitmal/produit/zoom/2657CD03C8EFB54F4294DBB2443B5D1B.jpg,,,2024-10-30T23:59:59.999999999Z,PROSPECTUS,9,3,
52324,8720181384899,,Skip,Detergente Máquina Roupa Líquido Active Fresh,56 Doses,9.99,9.99,0,,€/Unidade,,,https://driveimg1.intermarche.com/pt/Content/images/boitmal/produit/zoom/04DF579D55CD2D6A01A784ECE774108E.jpg,,,2024-10-30T23:59:59.999999999Z,PROSPECTUS,9,3,
9255,5603124024140,550.0,Mistolin,Tira gorduras recarga,Garrafa de 550 ml,2.34,4.25,550,L,€/L,,,https://driveimg1.intermarche.com/pt/Content/images/boitmal/produit/zoom/31FDA54CC7088DA8DC03FDBEA4FCDE3B.jpg,,,2024-10-30T23:59:59.999999999Z,PROSPECTUS,9,3,
11588,5601151540909,600.0,Compal,Néctar pêssego,Pack 3 x 200 ml,1.27,2.12,600,L,€/L,,,https://driveimg1.intermarche.com/pt/Content/images/boitmal/produit/zoom/8E9F7F7C9C6F6F0F209D5A59713C2C1B.jpg,,,2024-10-30T23:59:59.999999999Z,PROSPECTUS,9,3,
12237,7613034725936,390.0,Nesquik,Achocolatado em pó extra chocolate,Embalagem de 390g,4.75,12.18,0,kg,€/Kg,,,https://driveimg1.intermarche.com/pt/Content/images/boitmal/produit/zoom/BB833C246FA0F7BBDDFD7107AA28A5C9.jpg,,,2024-10-30T23:59:59.999999999Z,PROSPECTUS,9,3,
20201,5603722516221,1500.0,Pleno,Tisana chá camomila e romã,"Garrafa de 1,5 l",1.59,1.06,1500,L,€/L,,,https://driveimg1.intermarche.com/pt/Content/images/boitmal/produit/zoom/7D7CD25DE9A010F83E1BA590B1E838FC.jpg,,,2024-10-30T23:59:59.999999999Z,PROSPECTUS,9,3,
25214,7613035930551,90.0,Nestlé,Fruta para bebé maçã banana morango +8 meses,Embalagem de 90g,0.74,8.22,0,kg,€/Kg,,,https://driveimg1.intermarche.com/pt/Content/images/boitmal/produit/zoom/320AF02AD6CE8711C7912DB2FA781A00.jpg,,,2024-10-30T23:59:59.999999999Z,PROSPECTUS,9,3,
35913,5603722498022,800.0,Mimosa,Leite Bem Essencial morango,Embalagem de 4 x 200 ml,1.69,2.11,800,L,€/L,,,https://driveimg1.intermarche.com/pt/Content/images/boitmal/produit/zoom/E74AE9F14F8D6C9135CA5E0EFA53A437.jpg,,,2024-10-30T23:59:59.999999999Z,PROSPECTUS,9,3,
49341,5601164905634,1200.0,Somersby,"Sidra mini pera 0.0%, pack 6 x 20 cl",,4.49,3.74,1200,L,€/L,,,https://driveimg1.intermarche.com/pt/Content/images/boitmal/produit/zoom/1B2A93792473D1D5FE451D43D51361FE.jpg,,,2024-10-30T23:59:59.999999999Z,PROSPECTUS,9,3,
5439,5601314228248,750.0,Vitalis,Água mineral sem gás sport,Garrafa de 750 ml,0.53,0.71,750,L,€/L,,,https://driveimg1.intermarche.com/pt/Content/images/boitmal/produit/zoom/AD35784888276AF8FE1E57FD455A1797.jpg,,,2024-10-30T23:59:59.999999999Z,PROSPECTUS,9,3,
8068,5011417544679,400.0,Finish,Abrilhantador p/ máquina de lavar loiça,Garrafa de 400 ml,3.99,9.98,400,L,€/L,,,https://driveimg1.intermarche.com/pt/Content/images/boitmal/produit/zoom/5D045CC65EE222532216DB5B0BF2A582.jpg,,,2024-10-30T23:59:59.999999999Z,PROSPECTUS,9,3,
815,5000116106172,250.0,Capitão Iglo,"Douradinhos de frango, 10 unidades",Embalagem de 250g,3.49,13.96,0,kg,€/Kg,,Tipo de stockagem,https://driveimg1.intermarche.com/pt/Content/images/boitmal/produit/zoom/F63F8EDC7F7FF2702078ACE6C5ED02AC.jpg,,,2024-10-30T23:59:59.999999999Z,PROSPECTUS,9,3,
14508,5411188115496,1000.0,Alpro,Bebida de Soja Sem Açúcar,Embalagem de 1L,2.58,2.58,1000,L,€/L,,,https://driveimg1.intermarche.com/pt/Content/images/boitmal/produit/zoom/C3072B200738A3E928F2AD5EFD0D9B38.jpg,,,2024-10-30T23:59:59.999999999Z,PROSPECTUS,9,3,
16693,5601066400916,120.0,Nacional,Bolacha chocomax mini,Embalagem de 120 g,1.04,8.67,0,kg,€/Kg,,,https://driveimg1.intermarche.com/pt/Content/images/boitmal/produit/zoom/369CF09991D63A6D8505CD9C805BD57F.jpg,,,2024-10-30T23:59:59.999999999Z,PROSPECTUS,9,3,
17523,2891246000000,1000.0,Porco,Pá York c/ Osso c/ Couro,Vendido ao peso a partir de 1 kg,3.49,3.49,0,,€/Kg,,,https://driveimg1.intermarche.com/pt/Content/images/boitmal/produit/zoom/B1774B7150E1E65399A00A5F3DC93922.jpg,,,2024-10-30T23:59:59.999999999Z,PROSPECTUS,9,3,
24371,5601050033014,620.0,Danone,"Iogurte líquido pinacolada corpos danone,  4 x 155 g",,1.89,3.05,0,kg,€/Kg,,,https://driveimg1.intermarche.com/pt/Content/images/boitmal/produit/zoom/BA062C78232ADE921CB0D8917CC39423.jpg,,,2024-10-30T23:59:59.999999999Z,PROSPECTUS,9,3,
35301,8001090766885,,Evax,Pensos diários salvaslip flexi & fresh normal,28 unidades,1.49,1.49,0,,€/Unidade,,,https://driveimg1.intermarche.com/pt/Content/images/boitmal/produit/zoom/1F56EC23F2B2B0CE3A138E681A8B3E99.jpg,,,2024-10-30T23:59:59.999999999Z,PROSPECTUS,9,3,
37510,7613036841498,90.0,Nestlé,Pacote maçã e pêssego,Embalagem de 90 g,0.74,8.22,0,kg,€/Kg,,,https://driveimg1.intermarche.com/pt/Content/images/boitmal/produit/zoom/B6EBF57BF6FEE625FEE4365FC32440DD.jpg,,,2024-10-30T23:59:59.999999999Z,PROSPECTUS,9,3,
38417,5411188124689,1000.0,Alpro,Bebida Vegetal Aveia Sem Açúcar,Embalagem de 1 l,2.59,2.59,1000,L,€/L,,,https://driveimg1.intermarche.com/pt/Content/images/boitmal/produit/zoom/C704812FACD275B439F88FFACE12B3E9.jpg,,,2024-10-30T23:59:59.999999999Z,PROSPECTUS,9,3,
40594,5603722519468,480.0,Mimosa,"Iogurte fruta batida banana e morango, 480g",,1.69,3.52,0,kg,€/Kg,,,https://driveimg1.intermarche.com/pt/Content/images/boitmal/produit/zoom/83F30AB91BC8058647F32CB83B2AAD16.jpg,,,2024-10-30T23:59:59.999999999Z,PROSPECTUS,9,3,
47110,7613287218766,110.0,Nestlé,Bolsitas de puré de multifrutas,Embalagem de 110g,0.84,7.64,0,kg,€/Kg,,,https://driveimg1.intermarche.com/pt/Content/images/boitmal/produit/zoom/6D82A987C9C6908002E3D5AFC9ADDDBF.jpg,,,2024-10-30T23:59:59.999999999Z,PROSPECTUS,9,3,
47648,5601119355378,120.0,Nobre,Fiambre Perna Extra Braseado Finissimas,Embalagem de 120g,1.99,16.58,0,kg,€/Kg,,,https://driveimg1.intermarche.com/pt/Content/images/boitmal/produit/zoom/45073CAB30F31F6D40B3DBFB7E59A4B9.jpg,,,2024-10-30T23:59:59.999999999Z,PROSPECTUS,9,3,
52600,5601217137951,1710.0,Quanto,"Amaciador Roupa Concentrado Ouro e Orquídea Branca, 95 doses",,3.99,2.33,1710,L,€/L,,,https://driveimg1.intermarche.com/pt/Content/images/boitmal/produit/zoom/A89E9019D654EFABC7388FF37B1BF310.jpg,,,2024-10-30T23:59:59.999999999Z,PROSPECTUS,9,3,
6475,8410436242264,1100.0,Sonasol,"Lava Tudo Brilhante Madeira, embalagem 1,1l",,2.79,2.54,1100,L,€/L,,,https://driveimg1.intermarche.com/pt/Content/images/boitmal/produit/zoom/4804207F489281D6AC8C3987D7C802CA.jpg,,,2024-10-30T23:59:59.999999999Z,PROSPECTUS,9,3,
10274,8410436242172,1100.0,Sonasol,"Lava Tudo Brilhante Floral, embalagem 1,1l",,2.79,2.54,1100,L,€/L,,,https://driveimg1.intermarche.com/pt/Content/images/boitmal/produit/zoom/45AE65B29796E27661779732657737AC.jpg,,,2024-10-30T23:59:59.999999999Z,PROSPECTUS,9,3,
11522,5601050207750,1200.0,Danone,"Iogurte danacol de morango,  12 x 100 g",,5.59,4.66,0,kg,€/Kg,,,https://driveimg1.intermarche.com/pt/Content/images/boitmal/produit/zoom/19DF119EEF937F27AD1CAD10B25F439C.jpg,,,2024-10-30T23:59:59.999999999Z,PROSPECTUS,9,3,
1463,5601286232779,250.0,Milaneza,Massa pevide,Embalagem de 250g,0.63,2.52,0,kg,€/Kg,,,https://driveimg1.intermarche.com/pt/Content/images/boitmal/produit/zoom/EBAFF1FEDF33318543096DA417AD4777.jpg,,,2024-10-30T23:59:59.999999999Z,PROSPECTUS,9,3,
14883,2891115000000,1800.0,Frango,Galinha Grande com Miúdos,1 un = 1.8 kg (aprox.),5.38,2.99,0,,€/Kg,,,https://driveimg1.intermarche.com/pt/Content/images/boitmal/produit/zoom/C46F60DCF71FBF49309F3325F499D4F3.jpg,,,2024-10-30T23:59:59.999999999Z,PROSPECTUS,9,3,
15503,8410500018931,400.0,Danonino Danone,"Iogurte líquido danonino tutti-frutti,  4 x 100 g",,1.79,4.48,0,kg,€/Kg,,,https://driveimg1.intermarche.com/pt/Content/images/boitmal/produit/zoom/E9A644740B00EFD95B05B4DA40640B6A.jpg,,,2024-10-30T23:59:59.999999999Z,PROSPECTUS,9,3,
32326,8002205352009,2000.0,Friskies,Ração para gato adulto com salmão e legumes,Embalagem de 2 kg,6.74,3.37,0,kg,€/Kg,,,https://driveimg1.intermarche.com/pt/Content/images/boitmal/produit/zoom/5A66DCF50E18EB50FA1AC8028C8508C6.jpg,,,2024-10-30T23:59:59.999999999Z,PROSPECTUS,9,3,
40596,5601151974018,1750.0,Pepsi,Refrigerante com gás regular,Garrafa de 1.75 l,1.39,0.79,1750,L,€/L,,,https://driveimg1.intermarche.com/pt/Content/images/boitmal/produit/zoom/F52267090DF1996DA646836F5B1D9EDD.jpg,,,2024-10-30T23:59:59.999999999Z,PROSPECTUS,9,3,
52079,8711327585782,330.0,Magnum,Gelado Mini Double Caramel e Gold Caramel Billionaire,Embalagem de 330 ml,3.32,10.06,330,L,€/L,,Tipo de stockagem,https://driveimg1.intermarche.com/pt/Content/images/boitmal/produit/zoom/D564E502B2870AC727EEABF11EB02168.jpg,,,2024-10-30T23:59:59.999999999Z,PROSPECTUS,9,3,
52275,5604260329847,1000.0,PorSi,"Água com Gás Maçã e Limão, garrafa de 1 litro",,0.99,0.99,1000,L,€/L,,,https://driveimg1.intermarche.com/pt/Content/images/boitmal/produit/zoom/270092111F81509CD258DC7AAD305CB8.jpg,,,2024-10-30T23:59:59.999999999Z,PROSPECTUS,9,3,
53038,5601146700141,8750.0,Sagres,"Cerveja Mini, pack 35 x 25cl",,14.99,1.71,8750,L,€/L,,,https://driveimg1.intermarche.com/pt/Content/images/boitmal/produit/zoom/9ECA467A226ADBBBD9D1E3294C602ED2.jpg,,,2024-10-30T23:59:59.999999999Z,PROSPECTUS,9,3,
543,3228881083241,30.0,Lipton,20 saquetas chá digestão fácil,Embalagem de 30g,2.09,69.67,0,kg,€/Kg,,,https://driveimg1.intermarche.com/pt/Content/images/boitmal/produit/zoom/28A1713A439B692F2535F37C60AAED17.jpg,,,2024-10-30T23:59:59.999999999Z,PROSPECTUS,9,3,
7965,5000204595369,,Glade,"Recarga ambientador automático, sense & spray, lavanda/jasmim",,3.49,3.49,0,,€/Unidade,,,https://driveimg1.intermarche.com/pt/Content/images/boitmal/produit/zoom/79F31608A8C9C832B0C2783B71CE42B1.jpg,,,2024-10-30T23:59:59.999999999Z,PROSPECTUS,9,3,
10842,2895207000000,250.0,Santiago,Queijo 3 Igrejas Cura 2m Pimentão,Vendido ao peso a partir de 250 gr,3.0,11.99,0,,€/Kg,,,https://driveimg1.intermarche.com/pt/Content/images/boitmal/produit/zoom/2F11F4EC63EB49EF2522FB61028743A0.jpg,,,2024-10-30T23:59:59.999999999Z,PROSPECTUS,9,3,
11392,5410076960651,75.0,Oral B,Dentífrico Complete Elixir e Branqueador,Embalagem de 75 ml,2.19,29.2,75,L,€/L,,,https://driveimg1.intermarche.com/pt/Content/images/boitmal/produit/zoom/E0FA37D23E4C3314DFC0B99006F5FE34.jpg,,,2024-10-30T23:59:59.999999999Z,PROSPECTUS,9,3,
11503,5601050019100,600.0,Danone,"Danacol frutos exóticos,  6 x 100 g",,2.99,4.98,0,kg,€/Kg,,,https://driveimg1.intermarche.com/pt/Content/images/boitmal/produit/zoom/17F7F3CE5BC5B190BC85D20A58C39B60.jpg,,,2024-10-30T23:59:59.999999999Z,PROSPECTUS,9,4,
11642,5601180002003,1000.0,Vigor,Leite pasteurizado magro,Garrafa de 1 l,0.98,0.98,1000,L,€/L,,,https://driveimg1.intermarche.com/pt/Content/images/boitmal/produit/zoom/4712850F57AD5A8BB3282BD0DF37AD78.jpg,,,2024-10-30T23:59:59.999999999Z,PROSPECTUS,9,4,
1469,5601286251787,500.0,Milaneza,Massa de macarrão,Embalagem de 500g,1.04,2.08,0,kg,€/Kg,,,https://driveimg1.intermarche.com/pt/Content/images/boitmal/produit/zoom/23F94F5EC15597A4AB9A1FC4C5526842.jpg,,,2024-10-30T23:59:59.999999999Z,PROSPECTUS,9,4,
15504,5601050031669,480.0,Danone,"Iogurte activia cremoso frutos silvestres,  4 x 120 g",,1.99,4.15,0,kg,€/Kg,,,https://driveimg1.intermarche.com/pt/Content/images/boitmal/produit/zoom/709B548D37F71DDA459131D3F3B36E78.jpg,,,2024-10-30T23:59:59.999999999Z,PROSPECTUS,9,4,
18351,8410320029971,80.0,Campofrio,Salsichão fat,Embalagem de 80g,1.59,19.88,0,kg,€/Kg,,,https://driveimg1.intermarche.com/pt/Content/images/boitmal/produit/zoom/522F54407A09BACA8592684E0563A486.jpg,,,2024-10-30T23:59:59.999999999Z,PROSPECTUS,9,4,
20202,5601151976456,1000.0,Frize,Água c/ gás: limão/pepino/gengibre,pack 4 x 0.25 l,1.99,1.99,1000,L,€/L,,,https://driveimg1.intermarche.com/pt/Content/images/boitmal/produit/zoom/F47824AB7ACD4F4E1E1A0CC54659430F.jpg,,,2024-10-30T23:59:59.999999999Z,PROSPECTUS,9,4,
25310,8410022011540,228.0,Bollycao,Bollycao de leite 4 un.,Embalagem de 228 g,2.19,9.61,0,kg,€/Kg,,,https://driveimg1.intermarche.com/pt/Content/images/boitmal/produit/zoom/0AFD08C47BB6CAA380643FB41A88C1DC.jpg,,,2024-10-30T23:59:59.999999999Z,PROSPECTUS,9,4,
25706,8411660670229,750.0,Sanytol,Desinfetante p/ WC,Embalagem de 750 ml,2.49,3.32,750,L,€/L,,,https://driveimg1.intermarche.com/pt/Content/images/boitmal/produit/zoom/4F095CFF62680B19FBA53108E2CB03B7.jpg,,,2024-10-30T23:59:59.999999999Z,PROSPECTUS,9,4,
25859,8001665123815,250.0,Rana,Tortellini de Ricotta e Espinafres,Embalagem de 250g,2.84,11.36,0,kg,€/Kg,,,https://driveimg1.intermarche.com/pt/Content/images/boitmal/produit/zoom/8DE05FB9655F8A726D29249E36A23149.jpg,,,2024-10-30T23:59:59.999999999Z,PROSPECTUS,9,4,
29690,5029053010052,,Scottex,Papel Higiénico Húmido Fresh,1 Embalagem c/42 unidades,0.99,0.99,0,,€/Unidade,,,https://driveimg1.intermarche.com/pt/Content/images/boitmal/produit/zoom/3F0FA7B0ECDEFC2E773F4286032984E7.jpg,,,2024-10-30T23:59:59.999999999Z,PROSPECTUS,9,4,
30165,8410436320573,1100.0,Sonasol,Lava Tudo Brilhante Eucalipto,"embalagem 1,1L",2.79,2.54,1100,L,€/L,,,https://driveimg1.intermarche.com/pt/Content/images/boitmal/produit/zoom/1D59B5FEAE0C00D87C9E61FEE70A9A3D.jpg,,,2024-10-30T23:59:59.999999999Z,PROSPECTUS,9,4,
31215,5601692071498,1000.0,Bom sucesso,Arroz para risotto bom sucesso,Embalagem de 1 kg,2.44,2.44,0,kg,€/Kg,,,https://driveimg1.intermarche.com/pt/Content/images/boitmal/produit/zoom/2201CC75AAA41C406D31C32C55688C21.jpg,,,2024-10-30T23:59:59.999999999Z,PROSPECTUS,9,4,
38970,5603722518805,500.0,Castelões,"Queijo curado -30% gordura, 500 g",,5.89,11.78,0,kg,€/Kg,,,https://driveimg1.intermarche.com/pt/Content/images/boitmal/produit/zoom/CEF599753B59BA0F4400770BF0C4E043.jpg,,,2024-10-30T23:59:59.999999999Z,PROSPECTUS,9,4,
41573,5604260304097,250.0,PorSi,Esparguete à Bolonhesa,Embalagem de 250 g,2.89,11.56,0,kg,€/Kg,,,https://driveimg1.intermarche.com/pt/Content/images/boitmal/produit/zoom/027BAD7F5B977082CBD4F93C7E54D580.jpg,,,2024-10-30T23:59:59.999999999Z,PROSPECTUS,9,4,
4713,5000204559163,150.0,Glade,"Absorvedores de odores, relax zen",Embalagem de 2x150g,3.29,21.93,150,L,€/L,,,https://driveimg1.intermarche.com/pt/Content/images/boitmal/produit/zoom/5F5127732C6C1BEA94A3BEA1EF5AFBE6.jpg,,,2024-10-30T23:59:59.999999999Z,PROSPECTUS,9,4,
4716,5000204593242,72.0,Pato,Discos Sanitários Activos Recarga Lima,Embalagem de 2x36 ml,3.49,48.47,72,L,€/L,,,https://driveimg1.intermarche.com/pt/Content/images/boitmal/produit/zoom/63F83864AA3214D8A29D6F7792A8DB6E.jpg,,,2024-10-30T23:59:59.999999999Z,PROSPECTUS,9,4,
51912,3073781193060,125.0,A Vaca Que Ri,"Queijo fundido, 125g",,1.69,13.52,0,kg,€/Kg,,,https://driveimg1.intermarche.com/pt/Content/images/boitmal/produit/zoom/52EED388D17247E1C298DD87B42A4B0B.jpg,,,2024-10-30T23:59:59.999999999Z,PROSPECTUS,9,4,
544,3228881083326,30.0,Lipton,20 saquetas chá noite tranquila,Embalagem de 30g,2.09,69.67,0,kg,€/Kg,,,https://driveimg1.intermarche.com/pt/Content/images/boitmal/produit/zoom/4B6373E8CCC5E41A695E3EDADC8DBB53.jpg,,,2024-10-30T23:59:59.999999999Z,PROSPECTUS,9,4,
8398,5601050016024,600.0,Danone,"Danacol natural,  6 x 100 g",,2.99,4.98,0,kg,€/Kg,,,https://driveimg1.intermarche.com/pt/Content/images/boitmal/produit/zoom/F95F766B58ABBBA7608620C57921073C.jpg,,,2024-10-30T23:59:59.999999999Z,PROSPECTUS,9,4,
9937,7622300344757,180.0,Milka,"Bolachas waffers, chocolate branco",Embalagem de 180g,2.44,13.56,0,kg,€/Kg,,,https://driveimg1.intermarche.com/pt/Content/images/boitmal/produit/zoom/ACEB085AE390711DD3E8D4CFC3D83511.jpg,,,2024-10-30T23:59:59.999999999Z,PROSPECTUS,9,4,
13511,2893503000000,350.0,Nossa Seleção,Camarão Tigre Congelado 20/30,,3.5,9.99,0,,€/Kg,,Avantages !,https://driveimg1.intermarche.com/pt/Content/images/boitmal/produit/zoom/E82BCD25FFFB4DE2BFED051270400B76.jpg,,,2024-10-30T23:59:59.999999999Z,PROSPECTUS,9,4,
13904,2891123000000,500.0,Peru,Asas,1 un = 500 gr (aprox.),1.5,2.99,0,,€/Kg,,,https://driveimg1.intermarche.com/pt/Content/images/boitmal/produit/zoom/D1DB26A7C7C8EDE7F85F79045F2FD848.jpg,,,2024-10-30T23:59:59.999999999Z,PROSPECTUS,9,4,
13957,2891233000000,100.0,Aves,Salsicha Fresca de Aves,1 un = 100 gr (aprox.),0.8,7.99,0,,€/Kg,,,https://driveimg1.intermarche.com/pt/Content/images/boitmal/produit/zoom/0A11AADC497489C7F99DD3047DDB09B1.jpg,,,2024-10-30T23:59:59.999999999Z,PROSPECTUS,9,4,
1464,5601286233776,250.0,Milaneza,Massa de bagos,Embalagem de 250g,0.63,2.52,0,kg,€/Kg,,,https://driveimg1.intermarche.com/pt/Content/images/boitmal/produit/zoom/94A5C2AC0EA7E97B0F5832D0BD95AE7F.jpg,,,2024-10-30T23:59:59.999999999Z,PROSPECTUS,9,4,
15997,5601001003769,200.0,Nescafé,Café solúvel clássico,Embalagem de 200g,6.74,33.7,0,kg,€/Kg,,,https://driveimg1.intermarche.com/pt/Content/images/boitmal/produit/zoom/DD7727DB415CF8C2EED3E262EA39C260.jpg,,,2024-10-30T23:59:59.999999999Z,PROSPECTUS,9,4,
18535,5601066400947,180.0,Nacional,Bolacha shortcake chocolate,Embalagem de 180g,1.24,6.89,0,kg,€/Kg,,,https://driveimg1.intermarche.com/pt/Content/images/boitmal/produit/zoom/754864DD20A4E61DA2C651C2F705265E.jpg,,,2024-10-30T23:59:59.999999999Z,PROSPECTUS,9,4,
22952,8411660670212,750.0,Sanytol,Desinfetante p/ Cozinha,Embalagem de 750 ml,2.49,3.32,750,L,€/L,,,https://driveimg1.intermarche.com/pt/Content/images/boitmal/produit/zoom/CE7BBD8143A9B157574CD47FA1699DDC.jpg,,,2024-10-30T23:59:59.999999999Z,PROSPECTUS,9,4,
37989,8410063071206,1000.0,Pescanova,Tiras do mar,Embalagem de 1 kg,7.49,7.49,0,kg,€/Kg,,Tipo de stockagem,https://driveimg1.intermarche.com/pt/Content/images/boitmal/produit/zoom/97461D5C2795A31BF48BD88908FC2105.jpg,,,2024-10-30T23:59:59.999999999Z,PROSPECTUS,9,4,
39539,5607552295387,500.0,Cristal,Vinagre de sidra biológica 5%,Garrafa de 500 ml,1.29,2.58,500,L,€/L,,Produtos Bio,https://driveimg1.intermarche.com/pt/Content/images/boitmal/produit/zoom/B1CEECEA2256524B647A2B852DC8C733.jpg,,,2024-10-30T23:59:59.999999999Z,PROSPECTUS,9,4,
41341,8711327391475,270.0,Olá,Gelado magnum salted caramel & glazed almonds,Embalagem de 3 x 90 ml,3.29,12.19,270,L,€/L,,Tipo de stockagem,https://driveimg1.intermarche.com/pt/Content/images/boitmal/produit/zoom/584EE4A4EE1BDD1E470C1DA40C6359E1.jpg,,,2024-10-30T23:59:59.999999999Z,PROSPECTUS,9,4,
4362,3600541221147,200.0,Fructis,Creme tratamento hydra caracóis,Embalagem de 200 ml,3.49,17.45,200,L,€/L,,,https://driveimg1.intermarche.com/pt/Content/images/boitmal/produit/zoom/59FB44C70A2D4B31EB680FFB011F9AB1.jpg,,,2024-10-30T23:59:59.999999999Z,PROSPECTUS,9,4,
46919,5604260313747,650.0,PorSi,Canjinha de frango,Embalagem de 650 g,2.46,3.78,0,kg,€/Kg,,,https://driveimg1.intermarche.com/pt/Content/images/boitmal/produit/zoom/9DB07EE05FCB6105ABA50E161BFF63B7.jpg,,,2024-10-30T23:59:59.999999999Z,PROSPECTUS,9,4,
477,3010470159051,2000.0,Friskies,"Ração para gato adulto com coelho, frango e legumes",Embalagem de 2kg,6.74,3.37,0,kg,€/Kg,,,https://driveimg1.intermarche.com/pt/Content/images/boitmal/produit/zoom/2B3FF876EA273999E91E87B3A45EA82A.jpg,,,2024-10-30T23:59:59.999999999Z,PROSPECTUS,9,4,
48834,8718951477896,75.0,Colgate,"Pasta dentífrica herbal, 75 ml",,2.39,31.87,75,L,€/L,,,https://driveimg1.intermarche.com/pt/Content/images/boitmal/produit/zoom/D389141CCEA44A755E95B9A33236FE9A.jpg,,,2024-10-30T23:59:59.999999999Z,PROSPECTUS,9,4,
49387,4001724039235,375.0,Dr. Oetker,Pizza Ristorante Bolognese,Embalagem de 375g,3.69,9.84,0,kg,€/Kg,,Tipo de stockagem,https://driveimg1.intermarche.com/pt/Content/images/boitmal/produit/zoom/0120253323D6698CBB66949744DED865.jpg,,,2024-10-30T23:59:59.999999999Z,PROSPECTUS,9,4,
49767,5601151969106,1000.0,Frize,Água c/ Gás Ananás,pack 4 x 0.25 l,1.99,1.99,1000,L,€/L,,,https://driveimg1.intermarche.com/pt/Content/images/boitmal/produit/zoom/EE071A8A9B23805FF5594CF8DCE06CD5.jpg,,,2024-10-30T23:59:59.999999999Z,PROSPECTUS,9,4,
50954,8006540767689,,Fairy,Detergente Loiça Máquina Ultra,53 pastilhas,9.99,9.99,0,,€/Unidade,,,https://driveimg1.intermarche.com/pt/Content/images/boitmal/produit/zoom/48BCE30AB03F031FB020E4F20C248923.jpg,,,2024-10-30T23:59:59.999999999Z,PROSPECTUS,9,4,
6460,8410436216777,53.0,Sonasol,Bloco Sanitário Poder Activo Floral,Embalagem de 50 g,1.98,37.36,0,kg,€/Kg,,,https://driveimg1.intermarche.com/pt/Content/images/boitmal/produit/zoom/9C3612E8D8E2847E794B4AC7CFA48EBA.jpg,,,2024-10-30T23:59:59.999999999Z,PROSPECTUS,9,4,
6580,8412400193015,1000.0,Mr. Muscle,"Desentupidor canos, 1 l",,5.99,5.99,1000,L,€/L,,,https://driveimg1.intermarche.com/pt/Content/images/boitmal/produit/zoom/533C19EF1CE101916198B272361DCC83.jpg,,,2024-10-30T23:59:59.999999999Z,PROSPECTUS,9,4,
8457,5601066600118,375.0,Nacional,Cereais Corn Flakes Zero,Embalagem de 375 g,1.94,5.17,0,kg,€/Kg,,,https://driveimg1.intermarche.com/pt/Content/images/boitmal/produit/zoom/A7683E8F168E338F28BB577100AEAF53.jpg,,,2024-10-30T23:59:59.999999999Z,PROSPECTUS,9,4,
997,5601038009031,80.0,Knorr,Caldo de marisco 8 cubos,Embalagem de 80g,1.49,18.63,0,kg,€/Kg,,,https://driveimg1.intermarche.com/pt/Content/images/boitmal/produit/zoom/7EB49A106F03BC7951E5777A06AA1A09.jpg,,,2024-10-30T23:59:59.999999999Z,PROSPECTUS,9,4,
13158,2893143000000,100.0,Peixaria,Lula Descongelada,1 un= 100 gr (aprox.),1.0,9.99,0,,€/Kg,,,https://driveimg1.intermarche.com/pt/Content/images/boitmal/produit/zoom/ED50EDDD473B6F16081950AF9B5B4382.jpg,,,2024-10-30T23:59:59.999999999Z,PROSPECTUS,9,4,
14458,7613034678607,90.0,Nestlé,Fruta para bebé banana maçã +4 meses,Embalagem de 90g,0.74,8.22,0,kg,€/Kg,,,https://driveimg1.intermarche.com/pt/Content/images/boitmal/produit/zoom/61C36FFFF4D3AE906443F9876484DF6E.jpg,,,2024-10-30T23:59:59.999999999Z,PROSPECTUS,9,4,
1472,5601286256782,500.0,Milaneza,Massa de ondas,Embalagem de 500g,1.04,2.08,0,kg,€/Kg,,,https://driveimg1.intermarche.com/pt/Content/images/boitmal/produit/zoom/EBEC60CF3C8D752CF3C2E06EF4538599.jpg,,,2024-10-30T23:59:59.999999999Z,PROSPECTUS,9,4,
16040,5608516251029,280.0,Quinta de Jugais,Doce de abóbora c/ noz,Embalagem de 280g,2.39,8.54,0,kg,€/Kg,,,https://driveimg1.intermarche.com/pt/Content/images/boitmal/produit/zoom/C72E1A6620F24FDD8D0C1D1C351B8129.jpg,,,2024-10-30T23:59:59.999999999Z,PROSPECTUS,9,4,
16780,8001480023307,700.0,Neoblanc,Gel WC Flores,Embalagem de 700 ml,1.39,1.99,700,L,€/L,,,https://driveimg1.intermarche.com/pt/Content/images/boitmal/produit/zoom/36FE1E6AC61F30A909B5EBA70E233B3E.jpg,,,2024-10-30T23:59:59.999999999Z,PROSPECTUS,9,4,
1693,5603344681017,40.0,General,Filete de anchovas estendidas,Embalagem de 40g,1.64,41.0,0,kg,€/Kg,,,https://driveimg1.intermarche.com/pt/Content/images/boitmal/produit/zoom/96A841288ED8A7D04158591EC80D9676.jpg,,,2024-10-30T23:59:59.999999999Z,PROSPECTUS,9,4,
2395,5608516251012,280.0,Quinta de Jugais,Doce de abóbora,Embalagem de 280g,2.39,8.54,0,kg,€/Kg,,,https://driveimg1.intermarche.com/pt/Content/images/boitmal/produit/zoom/42553823D44D04C0CD8B9270A0D469B7.jpg,,,2024-10-30T23:59:59.999999999Z,PROSPECTUS,9,4,
26274,5601027002609,175.0,Bollycao,5 manhãzitos,Embalagem com 175 g,2.24,12.8,0,kg,€/Kg,,,https://driveimg1.intermarche.com/pt/Content/images/boitmal/produit/zoom/72802AF60F8CD24B8A8E082AF13E9F74.jpg,,,2024-10-30T23:59:59.999999999Z,PROSPECTUS,9,4,
2722,8410031132519,120.0,Chupa Chups,Chupa original,Embalagem de 120g,1.74,14.5,0,kg,€/Kg,,,https://driveimg1.intermarche.com/pt/Content/images/boitmal/produit/zoom/D2F28C30A0D1CE43806B0B75F083CD2C.jpg,,,2024-10-30T23:59:59.999999999Z,PROSPECTUS,9,4,
2723,8410031944839,70.0,Chupa Chups,Chupa sortidos s/ açúcar,Embalagem de 70g,1.95,27.86,0,kg,€/Kg,,,https://driveimg1.intermarche.com/pt/Content/images/boitmal/produit/zoom/67980CE751DDC4BA0081AF7E6B5D1A54.jpg,,,2024-10-30T23:59:59.999999999Z,PROSPECTUS,9,4,
28664,8714789135274,,Colgate,Escova dentífrica zig zag suave,2 + 1 un. grátis,2.99,2.99,0,,€/Unidade,,,https://driveimg1.intermarche.com/pt/Content/images/boitmal/produit/zoom/183C712414EE3F9DB21695274506A5F4.jpg,,,2024-10-30T23:59:59.999999999Z,PROSPECTUS,9,4,
29366,8710447376133,435.0,Cif,"Spray fornos e grelhadores, 435 ml",,2.49,5.72,435,L,€/L,,,https://driveimg1.intermarche.com/pt/Content/images/boitmal/produit/zoom/0983FC0F3C1B5D9C271D56B3C7E3A30E.jpg,,,2024-10-30T23:59:59.999999999Z,PROSPECTUS,9,4,
34117,8718951178779,500.0,Colgate,Elixir tripla ação,500 ml,3.74,7.48,500,L,€/L,,,https://driveimg1.intermarche.com/pt/Content/images/boitmal/produit/zoom/3B340797DE2A21209CC6F82D71A9B02E.jpg,,,2024-10-30T23:59:59.999999999Z,PROSPECTUS,9,4,
372,8711200532391,260.0,Calvé,Molho Big Burguer,Embalagem de 260g,1.94,7.46,0,kg,€/Kg,,,https://driveimg1.intermarche.com/pt/Content/images/boitmal/produit/zoom/A750CF91D157F1A24339167BD14309C2.jpg,https://driveimg1.intermarche.com/pt/Content/images/boitmal/produit/zoom/122719564EBC4BB4D52F039A6C0EDAF1.jpg,,2024-10-30T23:59:59.999999999Z,PROSPECTUS,9,4,
37990,8410063036175,1000.0,Pescanova,Caprichos do mar sem glúten,Embalagem de 1 kg,6.39,6.39,0,kg,€/Kg,,Tipo de stockagem,https://driveimg1.intermarche.com/pt/Content/images/boitmal/produit/zoom/C821049F2FB4EBE63582B0B82BB259C5.jpg,,,2024-10-30T23:59:59.999999999Z,PROSPECTUS,9,4,
38312,8410104702663,250.0,Finish,Limpa máquinas de loiça limão,Embalagem com 250 ml,3.99,15.96,250,L,€/L,,,https://driveimg1.intermarche.com/pt/Content/images/boitmal/produit/zoom/9D00E5B8A4B2948FDB414A41D501B929.jpg,,,2024-10-30T23:59:59.999999999Z,PROSPECTUS,9,4,
40778,8001841536873,,Tampax,Tampões Compak Pearl Regular Com Aplicador,16 unidades,3.2,3.2,0,,€/Unidade,,,https://driveimg1.intermarche.com/pt/Content/images/boitmal/produit/zoom/66328B2CEC40D9C9ABAABEFD1AB081A9.jpg,,,2024-10-30T23:59:59.999999999Z,PROSPECTUS,9,4,
40780,8001841536934,,Tampax,Tampões Super Plus Compak Pearl,16 unidades,3.2,3.2,0,,€/Unidade,,,https://driveimg1.intermarche.com/pt/Content/images/boitmal/produit/zoom/1C33B2FCA08C6E6734B753235A347B71.jpg,,,2024-10-30T23:59:59.999999999Z,PROSPECTUS,9,4,
40831,8717163675038,150.0,Rexona,Desodorizante spray invisible,Embalagem de 150 ml,2.69,17.93,150,L,€/L,,,https://driveimg1.intermarche.com/pt/Content/images/boitmal/produit/zoom/57B3E206ACA61DEC6375264AE8EA5ABA.jpg,,,2024-10-30T23:59:59.999999999Z,PROSPECTUS,9,4,
44704,5053990155941,175.0,Pringles,Pringles hot & spicy,Embalagem de 175g,2.39,13.66,0,kg,€/Kg,,,https://driveimg1.intermarche.com/pt/Content/images/boitmal/produit/zoom/4E274A9B899E3F171EF5DBCC6BAFC4CB.jpg,https://driveimg1.intermarche.com/pt/Content/images/boitmal/produit/zoom/6928ADB37A9D879D8A1130CADC9B4CD3.jpg,https://driveimg1.intermarche.com/pt/Content/images/boitmal/produit/zoom/6928ADB37A9D879D8A1130CADC9B4CD3.jpg,2024-10-30T23:59:59.999999999Z,PROSPECTUS,9,4,
44736,5601119354296,220.0,Nobre,Fiambre da perna extra fatias finas,Embalagem de 220g,3.29,14.95,0,kg,€/Kg,,,https://driveimg1.intermarche.com/pt/Content/images/boitmal/produit/zoom/A78050C7BB155B5DB1353AC09A55C6E3.jpg,,,2024-10-30T23:59:59.999999999Z,PROSPECTUS,9,4,
46509,8001841811963,75.0,Oral B,Dentífrico Pro-Expert Proteção Profissional,Embalagem de 75 ml,2.99,39.87,75,L,€/L,,,https://driveimg1.intermarche.com/pt/Content/images/boitmal/produit/zoom/E636154D7C9B191D1E1EEEB8C6AE6960.jpg,,,2024-10-30T23:59:59.999999999Z,PROSPECTUS,9,4,
47106,7613287613806,1245.0,Nescafé,Café Espresso Buondi Intenso,16 cápsulas,8.99,7.22,0,kg,€/Kg,,,https://driveimg1.intermarche.com/pt/Content/images/boitmal/produit/zoom/E40A3E7241DABB11EAC194DA9AD5C029.jpg,,,2024-10-30T23:59:59.999999999Z,PROSPECTUS,9,4,
478,3010470159068,2000.0,Friskies,"Ração para gato adulto com vaca, frango",Embalagem de 2000 g,6.74,3.37,0,kg,€/Kg,,,https://driveimg1.intermarche.com/pt/Content/images/boitmal/produit/zoom/8CBBD29D38867FF759840945E76E088C.jpg,,,2024-10-30T23:59:59.999999999Z,PROSPECTUS,9,4,
52848,8410063094564,1000.0,Pescanova,"Nuggets Pescada sem Glúten, 1 kg",,7.49,7.49,0,kg,€/Kg,,Tipo de stockagem,https://driveimg1.intermarche.com/pt/Content/images/boitmal/produit/zoom/64EC208A882ADF4F2379F534EA121B74.jpg,https://driveimg1.intermarche.com/pt/Content/images/boitmal/produit/zoom/16DCF1CA65B81C53FF13A02B354ADA88.jpg,https://driveimg1.intermarche.com/pt/Content/images/boitmal/produit/zoom/16DCF1CA65B81C53FF13A02B354ADA88.jpg,2024-10-30T23:59:59.999999999Z,PROSPECTUS,9,4,
6377,8410108125857,,Evax,Penso Diário Salva Slip,50 Unidades,2.24,2.24,0,,€/Unidade,,,https://driveimg1.intermarche.com/pt/Content/images/boitmal/produit/zoom/F92DC2B01BD95F92650A87F4CB6FD10B.jpg,,,2024-10-30T23:59:59.999999999Z,PROSPECTUS,9,4,
6401,8410376000146,800.0,Gullón,Bolachas tostadas,Embalagem de 4x200 g,2.49,3.11,0,kg,€/Kg,,,https://driveimg1.intermarche.com/pt/Content/images/boitmal/produit/zoom/475D7F42793FFAC0C5DF2535E8AEECAB.jpg,,,2024-10-30T23:59:59.999999999Z,PROSPECTUS,9,4,
6689,8435257022567,720.0,Longa vida,"Iogurte magro morango,  6 x 120 g",,2.29,3.18,0,kg,€/Kg,,,https://driveimg1.intermarche.com/pt/Content/images/boitmal/produit/zoom/116F7996F4B8C9E36A9C4D0EB83317F7.jpg,,,2024-10-30T23:59:59.999999999Z,PROSPECTUS,9,4,
947,5601001355905,200.0,Nestlé,Mistura solúvel brasa,Embalagem de 200g,2.59,12.95,0,kg,€/Kg,,,https://driveimg1.intermarche.com/pt/Content/images/boitmal/produit/zoom/6981E67BBCF9FFC80CE2C5DE99454533.jpg,,,2024-10-30T23:59:59.999999999Z,PROSPECTUS,9,4,
9811,5608527000548,750.0,Dom Campos,Vinho rosé regional península de setúbal,Garrafa de 750 ml,1.79,2.39,750,L,€/L,,,https://driveimg1.intermarche.com/pt/Content/images/boitmal/produit/zoom/38B96896540B1C8723714736A9B37EF4.jpg,,,2024-10-30T23:59:59.999999999Z,PROSPECTUS,9,4,
