identifier,produitEan13,capacite,marque,libelle,conditionnement,prix,unitPrice,volume,typeProduit_uniteByCode,unit_value,pictogrammes_0,pictogrammes_libelleCategorie,images_0,images_1,images_2,images_3,avantages_dateFin,avantages_categorie,nro_paginas,page,images_4,images_5,images_6
13914,2891225000000,350.0,Frango,Perna com Costa,1 un. = 300 g (aprox.),0.8,2.29,0,,€/Kg,,,https://driveimg1.intermarche.com/pt/Content/images/boitmal/produit/zoom/D1297D1CD095629263E582A65B4C3857.jpg,,,,2025-03-26T23:59:59.999999999Z,PROSPECTUS,15,1,,,
1293,5601151398104,630.0,Compal,"Pack de 3 embalagens de polpa de tomate, embalagem de 630g",,1.49,2.37,0,kg,€/Kg,,,https://driveimg1.intermarche.com/pt/Content/images/boitmal/produit/zoom/BC7D38B0892D2B72B99AEECF05E81523.jpg,,,,2025-03-26T23:59:59.999999999Z,PROSPECTUS,15,1,,,
35889,5601151974070,1750.0,Seven Up,"Refrigerante de lima limão free, garrafa de 1.75 l",,1.89,1.08,1750,L,€/L,,,https://driveimg1.intermarche.com/pt/Content/images/boitmal/produit/zoom/9A2F3176B60F6901274BE6108F1FBC7A.jpg,,,,2025-03-26T23:59:59.999999999Z,PROSPECTUS,15,1,,,
3526,2894034000000,150.0,Nobre,Fiambre da Perna Extra,1 un = 150 gr (aprox.),2.25,14.99,0,,€/Kg,,,https://driveimg1.intermarche.com/pt/Content/images/boitmal/produit/zoom/C76D05EF052819EDC79567520AD2D260.jpg,,,,2025-03-26T23:59:59.999999999Z,PROSPECTUS,15,1,,,
6267,8016825926687,75.0,Aquafresh,Pasta dentífrica menta fresca,Embalagem de 75 ml,2.49,33.2,75,L,€/L,,,https://driveimg1.intermarche.com/pt/Content/images/boitmal/produit/zoom/5AF61545461116CEF40994D7E37A4C54.jpg,,,,2025-03-26T23:59:59.999999999Z,PROSPECTUS,15,1,,,
13048,2893561000000,250.0,Marisco,Ameijoa Branca Vietnamita Congelada,Vendido a partir de 250 gr  (aprox.),0.5,1.99,0,,€/Kg,,Avantages !,https://driveimg1.intermarche.com/pt/Content/images/boitmal/produit/zoom/EB1BC296FF41180E6F3E1626AD4F78AA.jpg,,,,2025-03-26T23:59:59.999999999Z,PROSPECTUS,15,1,,,
17207,8006540943687,1800.0,Fairy,Detergente manual de loiça limão,Embalagem de 2 x 900 ml,6.49,3.61,1800,L,€/L,,,https://driveimg1.intermarche.com/pt/Content/images/boitmal/produit/zoom/B2EE328B1B3FB1BA0162E77ED87C40E9.jpg,,,,2025-04-02T23:59:59.999999999+01:00,PROSPECTUS,15,1,,,
5465,5601377120084,750.0,Bom Juiz,Vinho doc alentejo reserva tinto,Garrafa de 0.75 l,6.99,9.32,750,L,€/L,,,https://driveimg1.intermarche.com/pt/Content/images/boitmal/produit/zoom/A7CC7BCAF640824DF1115BB7706446B2.jpg,,,,2025-03-26T23:59:59.999999999Z,PROSPECTUS,15,1,,,
2445,5998749109113,270.0,Pedigree,"Snack dentastix grande, embalagem de 270g",,3.45,12.78,0,kg,€/Kg,,,https://driveimg1.intermarche.com/pt/Content/images/boitmal/produit/zoom/35241472DE7F17B0C520CB43E029E0A7.jpg,,,,2025-03-26T23:59:59.999999999Z,PROSPECTUS,15,1,,,
14698,7613034570512,90.0,Nestlé,"Fruta para bebé 4 frutas +4 meses, embalagem de 90g",,0.69,7.67,0,kg,€/Kg,,,https://driveimg1.intermarche.com/pt/Content/images/boitmal/produit/zoom/3717C2AF583A80AD83A765BB8032F767.jpg,,,,2025-03-26T23:59:59.999999999Z,PROSPECTUS,15,1,,,
41041,8001480703001,700.0,Neoblanc,Tira nódoas em spray cores,Embalagem de 700 ml,2.09,2.99,700,L,€/L,,,https://driveimg1.intermarche.com/pt/Content/images/boitmal/produit/zoom/1B7BCC034AAC45310DFFCE9E289F80C7.jpg,,,,2025-04-02T23:59:59.999999999+01:00,PROSPECTUS,15,1,,,
1480,5601314000073,9000.0,Vitalis,"Água mineral sem gás, pack 6 x 1.5 l",,2.69,0.3,9000,L,€/L,,,https://driveimg1.intermarche.com/pt/Content/images/boitmal/produit/zoom/DA3E69EB6FBF3CE3F3256CE592DB9A52.jpg,,,,2025-03-26T23:59:59.999999999Z,PROSPECTUS,15,1,,,
18595,8410500016012,400.0,Danonino Danone,"Iogurte líquido danonino morango, embalagem de 4 x 100g",,1.99,4.98,0,kg,€/Kg,,,https://driveimg1.intermarche.com/pt/Content/images/boitmal/produit/zoom/00E1EF11C0C6DBF4F5207E20D5392DA2.jpg,,,,2025-03-26T23:59:59.999999999Z,PROSPECTUS,15,1,,,
25187,8001090371980,,Evax,Pensos higiénicos liberty noite abas,Embalagem com 9 un.,2.79,2.79,0,,€/Unidade,,,https://driveimg1.intermarche.com/pt/Content/images/boitmal/produit/zoom/A7B851A6C9585B69A4599E34A676A85B.jpg,,,,2025-03-26T23:59:59.999999999Z,PROSPECTUS,15,1,,,
37443,7613037040869,250.0,Nestum,"Nestum zero espelta/aveia, embalagem de 250g",,2.24,8.96,0,kg,€/Kg,,,https://driveimg1.intermarche.com/pt/Content/images/boitmal/produit/zoom/BF80E2BF1A95765256612BEC5A65D8DD.jpg,,,,2025-03-26T23:59:59.999999999Z,PROSPECTUS,15,1,,,
13561,2893555000000,400.0,Peixaria,Red Fish Congelado,,1.6,3.99,0,,€/Kg,,Avantages !,https://driveimg1.intermarche.com/pt/Content/images/boitmal/produit/zoom/6B51C5A0022242B4A2691EFB27EE24DC.jpg,,,,2025-03-26T23:59:59.999999999Z,PROSPECTUS,15,1,,,
23469,8410500020453,280.0,Danone,"Danonino para levar, polpa de morango, embalagem de 4 x 70 g",,2.14,7.64,0,kg,€/Kg,,,https://driveimg1.intermarche.com/pt/Content/images/boitmal/produit/zoom/3E7A122EA567C89446D113FF66BFA0AE.jpg,,,,2025-03-26T23:59:59.999999999Z,PROSPECTUS,15,1,,,
477,3010470159051,2000.0,Friskies,"Ração para gato adulto com coelho, frango e legumes",Embalagem de 2kg,6.74,3.37,0,kg,€/Kg,,,https://driveimg1.intermarche.com/pt/Content/images/boitmal/produit/zoom/7DEEDCA72B128992156D55C0C8DE0876.jpg,,,,2025-03-26T23:59:59.999999999Z,PROSPECTUS,15,1,,,
14865,2696212000000,,Pastelaria,Folhado Misto 90 g,,0.69,0.69,0,,€/Unidade,,,https://driveimg1.intermarche.com/pt/Content/images/boitmal/produit/zoom/164C27A781A7C68A965295D85BB7D95F.jpg,,,,2025-03-26T23:59:59.999999999Z,PROSPECTUS,15,1,,,
8907,5601356013062,750.0,Porta da Ravessa,"Vinho doc alentejo tinto, garrafa de 750 ml",,2.19,2.92,750,L,€/L,,,https://driveimg1.intermarche.com/pt/Content/images/boitmal/produit/zoom/30CD7B81F8725B208C8117FAC2D69297.jpg,,,,2025-03-26T23:59:59.999999999Z,PROSPECTUS,15,1,,,
13934,2891062000000,250.0,Porco,Rojões,1 un = 250 gr  (aprox.),1.05,4.19,0,,€/Kg,,,https://driveimg1.intermarche.com/pt/Content/images/boitmal/produit/zoom/925F2FDC1F925A7FD71EE6165315B22E.jpg,,,,2025-03-26T23:59:59.999999999Z,PROSPECTUS,15,1,,,
14882,2891118000000,1600.0,Frango,Frango Inteiro Grande,1 un = 1.6 kg (aprox.),3.66,2.29,0,,€/Kg,,,https://driveimg1.intermarche.com/pt/Content/images/boitmal/produit/zoom/3581EC31F0B1F288A68020FE172EC513.jpg,,,,2025-03-26T23:59:59.999999999Z,PROSPECTUS,15,1,,,
13821,2892597000000,200.0,Legumes,Tomate Cacho,1 un = 200 gr (aprox.),0.34,1.69,0,,€/Kg,,,https://driveimg1.intermarche.com/pt/Content/images/boitmal/produit/zoom/FD67F77AFAB450B6A4FA38E0279E6686.jpg,,,,2025-03-26T23:59:59.999999999Z,PROSPECTUS,15,1,,,
13893,2891043000000,1000.0,Porco,Entrecosto,Vendido ao peso a partir de 1 kg,4.99,4.99,0,,€/Kg,,,https://driveimg1.intermarche.com/pt/Content/images/boitmal/produit/zoom/AA05EE99D302D59771FCC108473E0700.jpg,,,,2025-03-26T23:59:59.999999999Z,PROSPECTUS,15,1,,,
13866,2891048000000,1000.0,Porco,Bifanas,Vendido ao peso a partir de 1 kg,4.19,4.19,0,,€/Kg,,,https://driveimg1.intermarche.com/pt/Content/images/boitmal/produit/zoom/72DE0DA6B485199AC995C629E3E4D279.jpg,,,,2025-03-26T23:59:59.999999999Z,PROSPECTUS,15,1,,,
13897,2891053000000,1000.0,Porco,Lombo sem Osso,Vendido ao peso a partir de 1 kg,3.99,3.99,0,,€/Kg,,,https://driveimg1.intermarche.com/pt/Content/images/boitmal/produit/zoom/415564DA70574ED3C1D7475F1F28BDB6.jpg,,,,2025-03-26T23:59:59.999999999Z,PROSPECTUS,15,1,,,
14684,0000080177173,350.0,Nutella,"Creme para barrar de avelãs e cacau, embalagem de 350g",,2.99,8.54,0,kg,€/Kg,,,https://driveimg1.intermarche.com/pt/Content/images/boitmal/produit/zoom/3F068C295F3B09B89A4B75830D497BA1.jpg,,,,2025-03-26T23:59:59.999999999Z,PROSPECTUS,15,1,,,
14847,2892476000000,100.0,Programa Origens,Alho Seco,Vendido a partir de 100 gr,0.57,5.69,0,,€/Kg,,,https://driveimg1.intermarche.com/pt/Content/images/boitmal/produit/zoom/CFA3B1E723D71FB9BFAE5D5B250C3BB3.jpg,,,,2025-03-26T23:59:59.999999999Z,PROSPECTUS,15,1,,,
16427,5604260277407,2000.0,PorSi,Lixívia Roupa delicada,Embalagem de 2 l,1.19,0.6,2000,L,€/L,,,https://driveimg1.intermarche.com/pt/Content/images/boitmal/produit/zoom/04D235A82CA5C93C045F731FF2ACAE42.jpg,,,,2025-04-02T23:59:59.999999999+01:00,PROSPECTUS,15,1,,,
18842,5601070000508,500.0,Cristal,"Vinagre vinho branco 500ml, garrafa de 500 ml",,1.09,2.18,500,L,€/L,,,https://driveimg1.intermarche.com/pt/Content/images/boitmal/produit/zoom/BF40408BEDD92487320D96D1D241D8F5.jpg,,,,2025-03-26T23:59:59.999999999Z,PROSPECTUS,15,1,,,
23278,5604260281282,250.0,PorSi,Salada toscana Programa Origens,embalagem de 250 g,1.49,5.96,0,kg,€/Kg,,,https://driveimg1.intermarche.com/pt/Content/images/boitmal/produit/zoom/829819BF310BA689C7002E0655E64BF5.jpg,,,,2025-03-26T23:59:59.999999999Z,PROSPECTUS,15,1,,,
29613,5604260283538,1000.0,PorSi Viva Bem,Bebida de Aveia,1 l,0.99,0.99,1000,L,€/L,,,https://driveimg1.intermarche.com/pt/Content/images/boitmal/produit/zoom/1EE40BC1DA49C5CE3D084214B1D3D3B9.jpg,,,,2025-03-26T23:59:59.999999999Z,PROSPECTUS,15,1,,,
40750,5604260304165,1000.0,PorSi,Detergente liquido loiça limão,Garrafa de 1 litro,0.89,0.89,1000,L,€/L,,,https://driveimg1.intermarche.com/pt/Content/images/boitmal/produit/zoom/2532D260202FF646D416E5D63E3F4DF5.jpg,,,,2025-04-02T23:59:59.999999999+01:00,PROSPECTUS,15,1,,,
1433,5601260036102,1000.0,Cigala,"Arroz carolino, embalagem de 1 kg",,1.39,1.39,0,kg,€/Kg,,,https://driveimg1.intermarche.com/pt/Content/images/boitmal/produit/zoom/D96A08349D04F12B168FA774344BCEF6.jpg,,,,2025-03-26T23:59:59.999999999Z,PROSPECTUS,15,1,,,
19111,5604649918204,500.0,Fruta,Uva Branca sem grainha,Embalagem de 500 g,2.49,4.98,0,kg,€/Kg,,,https://driveimg1.intermarche.com/pt/Content/images/boitmal/produit/zoom/67F8986763A7150348D1ACB12C17814C.jpg,,,,2025-03-26T23:59:59.999999999Z,PROSPECTUS,15,1,,,
34876,5604260285488,1500.0,PorSi,Maçã starking categoria II Programa Origens,Embalagem de 1.5 kg,1.89,1.26,0,kg,€/Kg,,,https://driveimg1.intermarche.com/pt/Content/images/boitmal/produit/zoom/AA6B73374DD1E7B1436CB2F99D3B721B.jpg,,,,2025-03-26T23:59:59.999999999Z,PROSPECTUS,15,1,,,
37981,5604260295760,,PorSi,"Sacos do lixo lavanda 50 litros, 15 unidades",,1.69,1.69,0,,€/Unidade,,,https://driveimg1.intermarche.com/pt/Content/images/boitmal/produit/zoom/87BB39A7028A7AC67136CE76F8517017.jpg,,,,2025-04-02T23:59:59.999999999+01:00,PROSPECTUS,15,1,,,
40654,5604260295708,,PorSi,"Sacos do lixo 50 litros com fecho fácil, 10 unidades",,0.99,0.99,0,,€/Unidade,,,https://driveimg1.intermarche.com/pt/Content/images/boitmal/produit/zoom/26D085B0AD6F18827C0DB222DE504A7D.jpg,,,,2025-04-02T23:59:59.999999999+01:00,PROSPECTUS,15,1,,,
45700,5604260314249,,PorSi,Detergente maquina loiça tudo em 1 limão,Embalagem de 40 cápsulas,4.59,4.59,0,,€/Unidade,,,https://driveimg1.intermarche.com/pt/Content/images/boitmal/produit/zoom/E2AF666FA080D39884D54C761B4D071C.jpg,,,,2025-04-02T23:59:59.999999999+01:00,PROSPECTUS,15,1,,,
53208,8719200268647,1000.0,Vaqueiro,"Creme vegetal culinária clássico, 1 kg",,2.99,2.99,0,kg,€/Kg,,,https://driveimg1.intermarche.com/pt/Content/images/boitmal/produit/zoom/0735A691FAA77E120C1E24086E19EA16.jpg,https://driveimg1.intermarche.com/pt/Content/images/boitmal/produit/zoom/DD9C237337ADB2608A1427FA94442244.jpg,https://driveimg1.intermarche.com/pt/Content/images/boitmal/produit/zoom/DD9C237337ADB2608A1427FA94442244.jpg,https://driveimg1.intermarche.com/pt/Content/images/boitmal/produit/zoom/DD9C237337ADB2608A1427FA94442244.jpg,2025-03-26T23:59:59.999999999Z,PROSPECTUS,15,1,,,
1108,5601066300087,500.0,Nacional,"Massa de cotovelinhos, embalagem de 500g",,0.89,1.78,0,kg,€/Kg,,,https://driveimg1.intermarche.com/pt/Content/images/boitmal/produit/zoom/85D4AC87404986F6E33A67AEEDC0D0E8.jpg,,,,2025-03-26T23:59:59.999999999Z,PROSPECTUS,15,1,,,
1195,5601119230224,650.0,Nobre,"Salsichas extra suculentas, frasco de 650 g",,2.09,3.22,0,kg,€/Kg,,,https://driveimg1.intermarche.com/pt/Content/images/boitmal/produit/zoom/F74C2FC7C8B9C0B3ED0E43FFE3B59991.jpg,,,,2025-03-26T23:59:59.999999999Z,PROSPECTUS,15,1,,,
13817,2892582000000,250.0,Legumes,Pimento Verde,1 un = 250 gr  (aprox.),0.65,2.59,0,,€/Kg,,,https://driveimg1.intermarche.com/pt/Content/images/boitmal/produit/zoom/65E0131049B6BD4E669549F70B795EC0.jpg,,,,2025-03-26T23:59:59.999999999Z,PROSPECTUS,15,1,,,
14950,2891247000000,100.0,Peru,Peru Costeletas,1 un = 100 gr (aprox.),0.37,3.69,0,,€/Kg,,,https://driveimg1.intermarche.com/pt/Content/images/boitmal/produit/zoom/5B1BD8BC73E46B1A5046441E54C2F5BD.jpg,,,,2025-03-26T23:59:59.999999999Z,PROSPECTUS,15,1,,,
15577,5604260279166,125.0,PorSi,Framboesa,Embalagem com 125g,1.99,15.92,0,kg,€/Kg,,,https://driveimg1.intermarche.com/pt/Content/images/boitmal/produit/zoom/B88FD29FAEF1BF8CB6DEB86AC94C2B60.jpg,,,,2025-03-26T23:59:59.999999999Z,PROSPECTUS,15,1,,,
16003,5000116109630,300.0,Capitão Iglo,"12 douradinhos forníssimo, embalagem de 300g",,3.98,13.27,0,kg,€/Kg,,Tipo de stockagem,https://driveimg1.intermarche.com/pt/Content/images/boitmal/produit/zoom/544992A31EAE2C5ED6C344C7B21BC2DA.jpg,,,,2025-03-26T23:59:59.999999999Z,PROSPECTUS,15,1,,,
23524,5000204922851,750.0,Pato,"Líquido sanitário extra power, marinho, 750 ml",,1.69,2.25,750,L,€/L,,,https://driveimg1.intermarche.com/pt/Content/images/boitmal/produit/zoom/60268FF4016AF8FBA52DB6A9A88D181B.jpg,,,,2025-04-02T23:59:59.999999999+01:00,PROSPECTUS,15,1,,,
23582,5604260281275,175.0,PorSi,Salada premium Origens,embalagem de 175 g,1.29,7.37,0,kg,€/Kg,,,https://driveimg1.intermarche.com/pt/Content/images/boitmal/produit/zoom/A8F765E7D8A6C281765A51B35764D182.jpg,,,,2025-03-26T23:59:59.999999999Z,PROSPECTUS,15,1,,,
25883,5449000008763,1500.0,Fanta,"Refrigerante com gás laranja, garrafa de 1,5 l",,0.99,0.66,1500,L,€/L,,,https://driveimg1.intermarche.com/pt/Content/images/boitmal/produit/zoom/FC51AAD13F2C3DD9969EDD9F1221FFFF.jpg,,,,2025-03-26T23:59:59.999999999Z,PROSPECTUS,15,1,,,
34329,5999884034469,250.0,Hell,Bebida energética hell,Garrafa de 250 ml,0.79,3.16,250,L,€/L,,,https://driveimg1.intermarche.com/pt/Content/images/boitmal/produit/zoom/1075218D3A34A21E3FA52C7E6942C8C8.jpg,,,,2025-03-26T23:59:59.999999999Z,PROSPECTUS,15,1,,,
36263,5601027973060,480.0,Bimbo,Pão de forma integral,Embalagem de 480 g,1.89,3.94,0,kg,€/Kg,,,https://driveimg1.intermarche.com/pt/Content/images/boitmal/produit/zoom/34F016B3F162809D8E0423F1C3245DFD.jpg,,,,2025-03-26T23:59:59.999999999Z,PROSPECTUS,15,1,,,
36657,5601217132673,500.0,Cillitbang,"Spray lixívia e higiene, de 500 ml",,2.49,4.98,500,L,€/L,,,https://driveimg1.intermarche.com/pt/Content/images/boitmal/produit/zoom/D9B27A41A222F2F218026715A414F2D0.jpg,,,,2025-04-02T23:59:59.999999999+01:00,PROSPECTUS,15,1,,,
37512,7613036923361,250.0,Nestum,Nestum zero arroz,Embalagem de 250 g,2.99,11.96,0,kg,€/Kg,,,https://driveimg1.intermarche.com/pt/Content/images/boitmal/produit/zoom/611B100659AC37EDE48D259974C3AB31.jpg,,,,2025-03-26T23:59:59.999999999Z,PROSPECTUS,15,1,,,
37948,5601217132697,500.0,Cillitbang,"Spray limpeza casa de banho, embalagem de 500 ml",,2.49,4.98,500,L,€/L,,,https://driveimg1.intermarche.com/pt/Content/images/boitmal/produit/zoom/62E5A8E0A6D5CF81B7A29AA6D1070117.jpg,,,,2025-04-02T23:59:59.999999999+01:00,PROSPECTUS,15,1,,,
40495,5604260296071,,PorSi,Sacos do lixo com atilho 20 litros,50 sacos,1.79,1.79,0,,€/Unidade,,,https://driveimg1.intermarche.com/pt/Content/images/boitmal/produit/zoom/09451DAED034B47C1C9D6F554E340140.jpg,,,,2025-04-02T23:59:59.999999999+01:00,PROSPECTUS,15,1,,,
45326,5604260314256,,PorSi,Detergentes máquina lavar loiça next generation,30 pastilhas,5.54,5.54,0,,€/Unidade,,,https://driveimg1.intermarche.com/pt/Content/images/boitmal/produit/zoom/3877597C67E67FAF94A364481248DE61.jpg,,,,2025-04-02T23:59:59.999999999+01:00,PROSPECTUS,15,1,,,
45773,5054563087829,75.0,Aquafresh,"Pasta dentífrica eucalipto, lima e menta",Embalagem de 75ml,2.49,33.2,75,L,€/L,,,https://driveimg1.intermarche.com/pt/Content/images/boitmal/produit/zoom/1F94A046F2A6C727F7B6BE2D468B428F.jpg,,,,2025-03-26T23:59:59.999999999Z,PROSPECTUS,15,1,,,
46298,5604260315062,500.0,PorSi,Legumes preparados para sopa de nabiça,500 g,1.79,3.58,0,kg,€/Kg,,,https://driveimg1.intermarche.com/pt/Content/images/boitmal/produit/zoom/C7E92A1C95B18E68353D28EC91F2F9BD.jpg,,,,2025-03-26T23:59:59.999999999Z,PROSPECTUS,15,1,,,
48138,5604260323302,2000.0,PorSi,"Amaciador concentrado spa, 80 doses",,1.85,0.93,2000,L,€/L,,,https://driveimg1.intermarche.com/pt/Content/images/boitmal/produit/zoom/B55A72265AD19CED3CBED903155DF619.jpg,,,,2025-04-02T23:59:59.999999999+01:00,PROSPECTUS,15,1,,,
48368,5604260321735,,PorSi,"Sacos lixo eco com atilho 30 litros, 20 unidades",,0.8,0.8,0,,€/Unidade,,,https://driveimg1.intermarche.com/pt/Content/images/boitmal/produit/zoom/265A59AC39DAD564BB7550DBB887E284.jpg,,,,2025-04-02T23:59:59.999999999+01:00,PROSPECTUS,15,1,,,
48369,5604260321773,,PorSi,"Sacos lixo eco com atilho 50 litros, 15 unidades",,0.99,0.99,0,,€/Unidade,,,https://driveimg1.intermarche.com/pt/Content/images/boitmal/produit/zoom/DC3FB64CCEE2C6111E1FFC5F91642D44.jpg,,,,2025-04-02T23:59:59.999999999+01:00,PROSPECTUS,15,1,,,
49622,5604260323197,800.0,PorSi,Sopa de Agrião,800 g,2.49,3.11,0,kg,€/Kg,,,https://driveimg1.intermarche.com/pt/Content/images/boitmal/produit/zoom/4085BBAFBD74C088C8D8DFDF12A0C201.jpg,,,,2025-03-26T23:59:59.999999999Z,PROSPECTUS,15,1,,,
5005,5601028000338,,Renova,"Guardanapos brancos, 33x33cm, 2 folhas, 90 unidades",Uma embalagem,1.24,1.24,0,,€/Unidade,,,https://driveimg1.intermarche.com/pt/Content/images/boitmal/produit/zoom/9F219BE4431DFB73ED0C83D11864E280.jpg,,,,2025-03-26T23:59:59.999999999Z,PROSPECTUS,15,1,,,
5093,5601050033755,620.0,Danone,"Iogurte activia líquido 0% morango/kiwi, embalagem de 4 x 155 g",,1.99,3.21,0,kg,€/Kg,,,https://driveimg1.intermarche.com/pt/Content/images/boitmal/produit/zoom/29B41AE598716D0550D815AA0FE86025.jpg,,,,2025-03-26T23:59:59.999999999Z,PROSPECTUS,15,1,,,
50954,8006540767689,,Fairy,Detergente Loiça Máquina Ultra,53 pastilhas,13.99,13.99,0,,€/Unidade,,,https://driveimg1.intermarche.com/pt/Content/images/boitmal/produit/zoom/B8715491007747823440062BA929A0DC.jpg,,,,2025-04-02T23:59:59.999999999+01:00,PROSPECTUS,15,1,,,
5096,5601050026429,300.0,Danonino Danone,"Queijinho danonino petitdino de morango/banana, embalagem de 6 x 50g",,1.99,6.63,0,kg,€/Kg,,,https://driveimg1.intermarche.com/pt/Content/images/boitmal/produit/zoom/FA8D1A9125B498992C62B9745CC5DD3D.jpg,,,,2025-03-26T23:59:59.999999999Z,PROSPECTUS,15,1,,,
52338,8720181392931,1368.0,Comfort,"Amaciador roupa concentrado creations jasmim e mirtilo, 76 doses",,3.99,2.92,1368,L,€/L,,,https://driveimg1.intermarche.com/pt/Content/images/boitmal/produit/zoom/6011DCF134621AA99ADEF13E90F43514.jpg,,,,2025-04-02T23:59:59.999999999+01:00,PROSPECTUS,15,1,,,
52941,8720181386510,2700.0,Skip,"Detergente líquido máquina de roupa sabão natural, 60 doses",,7.99,2.96,2700,L,€/L,,,https://driveimg1.intermarche.com/pt/Content/images/boitmal/produit/zoom/E86C320C5CE9CDD2DA45593DF7CE710E.jpg,https://driveimg1.intermarche.com/pt/Content/images/boitmal/produit/zoom/F78D7BA1CEEC1BA7836B80E309E4D243.jpg,https://driveimg1.intermarche.com/pt/Content/images/boitmal/produit/zoom/F78D7BA1CEEC1BA7836B80E309E4D243.jpg,,2025-04-02T23:59:59.999999999+01:00,PROSPECTUS,15,1,,,
53163,8445291099418,,Buondi,"Café original nespresso, 10 cápsulas",,3.99,3.99,10,,€/Unidade,,,https://driveimg1.intermarche.com/pt/Content/images/boitmal/produit/zoom/6E46F1C9FB77DF7B2C9479B336DCC810.jpg,,,,2025-03-26T23:59:59.999999999Z,PROSPECTUS,15,1,,,
53239,8720181384271,2340.0,Skip,"Detergente líquido máquina de roupa active clean, 52 doses",,10.99,4.7,2340,L,€/L,,,https://driveimg1.intermarche.com/pt/Content/images/boitmal/produit/zoom/2E63F55486FCE3AA1156DA1802792B83.jpg,https://driveimg1.intermarche.com/pt/Content/images/boitmal/produit/zoom/E0785C7CA2091A08EA4BD781B8287B51.jpg,https://driveimg1.intermarche.com/pt/Content/images/boitmal/produit/zoom/E0785C7CA2091A08EA4BD781B8287B51.jpg,,2025-04-02T23:59:59.999999999+01:00,PROSPECTUS,15,1,,,
53887,5604260328642,250.0,PorSi,"10 salsichas de porco em lata, embalagem de 250g",,1.19,4.76,0,kg,€/Kg,,,https://driveimg1.intermarche.com/pt/Content/images/boitmal/produit/zoom/958C25AF6C5BB6C112B5B51BF3629B73.jpg,,,,2025-03-26T23:59:59.999999999Z,PROSPECTUS,15,1,,,
54362,8410104914127,,Finish,"Detergente loiça máquina ultimate limão, 32 pastilhas",,8.99,8.99,32,,€/Unidade,,,https://driveimg1.intermarche.com/pt/Content/images/boitmal/produit/zoom/1D3A215F5E688CA6FF7E7D1EDBD7C601.jpg,,,,2025-04-02T23:59:59.999999999+01:00,PROSPECTUS,15,1,,,
5439,5601314228248,750.0,Vitalis,"Água mineral sem gás sport, garrafa de 750 ml",,0.59,0.79,750,L,€/L,,,https://driveimg1.intermarche.com/pt/Content/images/boitmal/produit/zoom/010F08729D04976DF26AE7ABDA2D160B.jpg,,,,2025-03-26T23:59:59.999999999Z,PROSPECTUS,15,1,,,
55027,8711327640306,204.0,Magnum,"Gelado Bombom Caramelo Salgado e Amêndoas, 12 x 17ml",,3.59,17.6,204,L,€/L,,Tipo de stockagem,https://driveimg1.intermarche.com/pt/Content/images/boitmal/produit/zoom/F77F67DDB6AF28DC10527F2C42EC7AC2.jpg,,,,2025-03-26T23:59:59.999999999Z,PROSPECTUS,15,1,,,
5925,5604260256891,2000.0,PorSi,"Lava Tudo Perfumado Floral, embalagem de 2 l",,0.99,0.5,2000,L,€/L,,,https://driveimg1.intermarche.com/pt/Content/images/boitmal/produit/zoom/F01E0A9A550FA76DA5066F589EA8BBFA.jpg,,,,2025-04-02T23:59:59.999999999+01:00,PROSPECTUS,15,1,,,
5926,5604260256907,2000.0,PorSi,"Lava Tudo Perfumado Lavanda, embalagem de 2 l",,0.99,0.5,2000,L,€/L,,,https://driveimg1.intermarche.com/pt/Content/images/boitmal/produit/zoom/01DD4B6F1EC514CE87AE4FA32F6F195B.jpg,,,,2025-04-02T23:59:59.999999999+01:00,PROSPECTUS,15,1,,,
5928,5604260256921,2000.0,PorSi,"Lava Tudo Perfumado Montanha, 2 l",,0.99,0.5,2000,L,€/L,,,https://driveimg1.intermarche.com/pt/Content/images/boitmal/produit/zoom/1025C53588751D93B22FC3DF4D839D3B.jpg,,,,2025-04-02T23:59:59.999999999+01:00,PROSPECTUS,15,1,,,
6205,8001480020450,2000.0,Neoblanc,Lixívia Denso-Activa Harmonias Florais p/ Casa e Roupa,Embalagem de 2 l,2.99,1.5,2000,L,€/L,,,https://driveimg1.intermarche.com/pt/Content/images/boitmal/produit/zoom/C3481E94CAB9959473CAD676E85F2973.jpg,,,,2025-04-02T23:59:59.999999999+01:00,PROSPECTUS,15,1,,,
6460,8410436216777,53.0,Sonasol,Bloco Sanitário Poder Activo Floral,Embalagem de 50 g,1.98,37.36,0,kg,€/Kg,,,https://driveimg1.intermarche.com/pt/Content/images/boitmal/produit/zoom/428A90D17C72E1CEA455915A18AE3510.jpg,,,,2025-04-02T23:59:59.999999999+01:00,PROSPECTUS,15,1,,,
7231,3059941005008,750.0,Harpic,"Gel wc tripla ação com lixívia, de 750 ml",,1.99,2.65,750,L,€/L,,,https://driveimg1.intermarche.com/pt/Content/images/boitmal/produit/zoom/709DE4E0C5656AA740292F75F71F1AE8.jpg,,,,2025-04-02T23:59:59.999999999+01:00,PROSPECTUS,15,1,,,
8400,5601050033779,620.0,Danone,"Iogurte activia líquido cereais, embalagem de 4 x 155 g",,1.99,3.21,0,kg,€/Kg,,,https://driveimg1.intermarche.com/pt/Content/images/boitmal/produit/zoom/3AC3707CF655B8CC61D2C80E4828D7C8.jpg,,,,2025-03-26T23:59:59.999999999Z,PROSPECTUS,15,1,,,
9621,5604260264766,150.0,PorSi,Batata frita em azeite,Embalagem de 150g,1.45,9.67,0,kg,€/Kg,,,https://driveimg1.intermarche.com/pt/Content/images/boitmal/produit/zoom/6D03FBEB7A98191F27E0B9F42498BD17.jpg,,,,2025-03-26T23:59:59.999999999Z,PROSPECTUS,15,1,,,
973,5601024105020,1000.0,Fula,Óleo alimentar,Embalagem 1L,1.99,1.99,1000,L,€/L,,,https://driveimg1.intermarche.com/pt/Content/images/boitmal/produit/zoom/322383F88535C8A24498724B92188318.jpg,,,,2025-03-26T23:59:59.999999999Z,PROSPECTUS,15,1,,,
10175,8410375110211,300.0,Bonduelle,Milho tenro e doce,Embalagem de 300 g,1.74,5.8,0,kg,€/Kg,,,https://driveimg1.intermarche.com/pt/Content/images/boitmal/produit/zoom/7DBD23167EE67669947EBE9FBBED55C3.jpg,,,,2025-03-26T23:59:59.999999999Z,PROSPECTUS,15,1,,,
10273,8410436240130,50.0,Sonasol,Bloco sanitário blue activ higiene,Embalagem de 50 g,1.98,39.6,0,kg,€/Kg,,,https://driveimg1.intermarche.com/pt/Content/images/boitmal/produit/zoom/030C25BBFC0551A8A26341A0DB18F1E8.jpg,,,,2025-04-02T23:59:59.999999999+01:00,PROSPECTUS,15,1,,,
10274,8410436242172,1100.0,Sonasol,"Lava Tudo Brilhante Floral, embalagem 1,1l",,2.79,2.54,1100,L,€/L,,,https://driveimg1.intermarche.com/pt/Content/images/boitmal/produit/zoom/01F5925CB3ADDDABA2B9F66C7D55728C.jpg,,,,2025-04-02T23:59:59.999999999+01:00,PROSPECTUS,15,1,,,
10669,8714789703046,360.0,Palmolive,"Sabonete sensitive, 4x90 g",,3.59,9.97,0,kg,€/Kg,,,https://driveimg1.intermarche.com/pt/Content/images/boitmal/produit/zoom/8140413D2E9C838D4EEF2E30218B12BC.jpg,,,,2025-03-26T23:59:59.999999999Z,PROSPECTUS,15,1,,,
11097,3574660521832,1000.0,Listerine,Elixir bocal dentes e gengivas,Embalagem de 1 l,9.99,9.99,1000,L,€/L,,,https://driveimg1.intermarche.com/pt/Content/images/boitmal/produit/zoom/50F1AA0056C766332CD941AFF07807A0.jpg,,,,2025-03-26T23:59:59.999999999Z,PROSPECTUS,15,1,,,
11471,5601029004076,120.0,Bom Petisco,Atum posta ao natural,Embalagem de 120 g,1.29,10.75,0,kg,€/Kg,,,https://driveimg1.intermarche.com/pt/Content/images/boitmal/produit/zoom/D148E1488041C84EB0524ADACAE78B3A.jpg,,,,2025-03-26T23:59:59.999999999Z,PROSPECTUS,15,1,,,
11925,5603089002221,200.0,Parmalat,"Nata uht para culinária, embalagem de 200 ml",,0.91,4.55,200,L,€/L,,,https://driveimg1.intermarche.com/pt/Content/images/boitmal/produit/zoom/6D33922CAD380AFD4F287905CBB6BE3F.jpg,,,,2025-03-26T23:59:59.999999999Z,PROSPECTUS,15,1,,,
1226,5601146001507,1500.0,Joi,"Refrigerante sem gás de manga/laranja, garrafa de 1,5 l",,1.29,0.86,1500,L,€/L,,,https://driveimg1.intermarche.com/pt/Content/images/boitmal/produit/zoom/DB9CD865FA14B43795929B354A61BA32.jpg,,,,2025-03-26T23:59:59.999999999Z,PROSPECTUS,15,1,,,
12287,8001480020740,1000.0,Neoblanc,Lixívia para roupa delicada,Embalagem de 1 l,2.49,2.49,1000,L,€/L,,,https://driveimg1.intermarche.com/pt/Content/images/boitmal/produit/zoom/B1AA92884F53E1F3150553EF5EFC8256.jpg,,,,2025-04-02T23:59:59.999999999+01:00,PROSPECTUS,15,1,,,
12356,8410108122535,,Dodot,Toalhitas Sensitive |Recarga,Pack: 4 x54 unidades,5.99,5.99,0,,€/Unidade,,,https://driveimg1.intermarche.com/pt/Content/images/boitmal/produit/zoom/2D442A68E931C2DF1957ADA0EF3AD2F3.jpg,https://driveimg1.intermarche.com/pt/Content/images/boitmal/produit/zoom/47D40D02C955E98DB96B03E04432FF85.jpg,https://driveimg1.intermarche.com/pt/Content/images/boitmal/produit/zoom/47D40D02C955E98DB96B03E04432FF85.jpg,,2025-03-26T23:59:59.999999999Z,PROSPECTUS,15,1,,,
12379,8410285015354,250.0,Président,"Chantilly , embalagem de 250 g",,2.69,10.76,0,kg,€/Kg,,,https://driveimg1.intermarche.com/pt/Content/images/boitmal/produit/zoom/E0C73A85F9CF705E2D07E158861B3F39.jpg,,,,2025-03-26T23:59:59.999999999Z,PROSPECTUS,15,1,,,
1270,5601151023150,500.0,Compal,"Polpa de tomate com cebola e alho, embalagem de 500g",,1.39,2.78,0,kg,€/Kg,,,https://driveimg1.intermarche.com/pt/Content/images/boitmal/produit/zoom/195ABA90C0C8B2FE1D9EE0202B59D28C.jpg,,,,2025-03-26T23:59:59.999999999Z,PROSPECTUS,15,1,,,
12943,2892087000000,1500.0,Fruta,Mamão,"1 un = 1,5 kg (aprox.)",5.24,3.49,0,,€/Kg,,,https://driveimg1.intermarche.com/pt/Content/images/boitmal/produit/zoom/E92859558CF3617793775ADAD1A11B14.jpg,,,,2025-03-26T23:59:59.999999999Z,PROSPECTUS,15,1,,,
12996,2892526000000,250.0,Legumes,Chuchu,1 un = 250 gr  (aprox.),0.57,2.29,0,,€/Kg,,,https://driveimg1.intermarche.com/pt/Content/images/boitmal/produit/zoom/9B3515E273EECDE0B69B6402C7F1BEB4.jpg,,,,2025-03-26T23:59:59.999999999Z,PROSPECTUS,15,1,,,
13094,2893070000000,150.0,Peixaria,Carapau Médio Fresco,1 un = 150 gr (aprox.),0.52,3.49,0,,€/Kg,,,https://driveimg1.intermarche.com/pt/Content/images/boitmal/produit/zoom/9E2B2401113767EAD496436587CA5A46.jpg,,,,2025-03-26T23:59:59.999999999Z,PROSPECTUS,15,1,,,
13373,2893800000000,750.0,Bacalhau,Bacalhau Corrente da Noruega,1 un= 750 g (aprox.),6.97,9.29,0,,€/Kg,,,https://driveimg1.intermarche.com/pt/Content/images/boitmal/produit/zoom/D74E09EC00B79A52E13EB6B9341BD6BA.jpg,,,,2025-03-26T23:59:59.999999999Z,PROSPECTUS,15,1,,,
13915,2891249000000,2000.0,Peru,Perna com Osso,Vendido ao peso,8.78,4.39,0,,€/Kg,,,https://driveimg1.intermarche.com/pt/Content/images/boitmal/produit/zoom/EA6C55F440DB29FDE55EB019973B1FE5.jpg,,,,2025-03-26T23:59:59.999999999Z,PROSPECTUS,15,1,,,
14038,2696013000000,80.0,Padaria,Bola mistura,1 unidade= 80 g,0.19,2.38,0,kg,€/Kg,,,https://driveimg1.intermarche.com/pt/Content/images/boitmal/produit/zoom/509539D5119FE663643D444B9A3F9D6A.jpg,,,,2025-03-26T23:59:59.999999999Z,PROSPECTUS,15,2,,,
14258,5601119225466,110.0,Nobre,"Peito peru fumado fatias finas, embalagem de 110g",,2.19,19.91,0,kg,€/Kg,,,https://driveimg1.intermarche.com/pt/Content/images/boitmal/produit/zoom/24DA88D6E72830F8A85ACE55946CFFD2.jpg,,,,2025-03-26T23:59:59.999999999Z,PROSPECTUS,15,2,,,
14377,8000500111581,300.0,Kinder,"Kinder chocolate t24, embalagem de 300g",,3.89,12.97,0,kg,€/Kg,,,https://driveimg1.intermarche.com/pt/Content/images/boitmal/produit/zoom/E8A2467B20C1E342D2131412ED738009.jpg,,,,2025-03-26T23:59:59.999999999Z,PROSPECTUS,15,2,,,
14858,2696002000000,250.0,PorSi,Baguete,250 g,0.44,1.76,0,kg,€/Kg,,,https://driveimg1.intermarche.com/pt/Content/images/boitmal/produit/zoom/E4FC9EECB7B8225F27BCA96C630D54A7.jpg,,,,2025-03-26T23:59:59.999999999Z,PROSPECTUS,15,2,,,
15503,8410500018931,400.0,Danonino Danone,"Iogurte líquido danonino tutti frutti, embalagem de 4 x 100 g",,1.99,4.98,0,kg,€/Kg,,,https://driveimg1.intermarche.com/pt/Content/images/boitmal/produit/zoom/49D4DFA8C6DABEB79926D4F0312C64D8.jpg,,,,2025-03-26T23:59:59.999999999Z,PROSPECTUS,15,2,,,
16040,5608516251029,280.0,Quinta de Jugais,"Doce de abóbora com noz, embalagem de 280g",,2.39,8.54,0,kg,€/Kg,,,https://driveimg1.intermarche.com/pt/Content/images/boitmal/produit/zoom/7C53016DDA38AEFEE1D9CA8B9C61CDD0.jpg,,,,2025-03-26T23:59:59.999999999Z,PROSPECTUS,15,2,,,
16230,8712561587594,4000.0,Comfort,"Amaciador de roupa, azul, de 4 l",,4.99,1.25,4000,L,€/L,,,https://driveimg1.intermarche.com/pt/Content/images/boitmal/produit/zoom/418708C6A4BBF36C3318720584BF4366.jpg,,,,2025-04-02T23:59:59.999999999+01:00,PROSPECTUS,15,2,,,
16493,8718951037939,500.0,Ajax,"Limpa vidros pistola, cristal, embalagem de 500 ml",,1.97,3.94,500,L,€/L,,,https://driveimg1.intermarche.com/pt/Content/images/boitmal/produit/zoom/B2152E81252C8B3ECCDB87063FC44E64.jpg,,,,2025-04-02T23:59:59.999999999+01:00,PROSPECTUS,15,2,,,
16505,8001010085454,280.0,Ponti,"Tomate seco, embalagem de 280g",,2.44,8.71,0,kg,€/Kg,,,https://driveimg1.intermarche.com/pt/Content/images/boitmal/produit/zoom/2298F19E576B3259C716C3773AA1D96D.jpg,,,,2025-03-26T23:59:59.999999999Z,PROSPECTUS,15,2,,,
16608,8712561521437,700.0,Cif,"Creme abrasivo limão, de 700 ml",,2.69,3.84,700,L,€/L,,,https://driveimg1.intermarche.com/pt/Content/images/boitmal/produit/zoom/734448B6276EB5C2CFFCEBF5E628AF6D.jpg,,,,2025-04-02T23:59:59.999999999+01:00,PROSPECTUS,15,2,,,
16609,8712561846530,700.0,Cif,"Creme abrasivo pink flowers, de 700 ml",,2.69,3.84,700,L,€/L,,,https://driveimg1.intermarche.com/pt/Content/images/boitmal/produit/zoom/C71BC29DB02419E55AB519313E13B11B.jpg,,,,2025-04-02T23:59:59.999999999+01:00,PROSPECTUS,15,2,,,
16610,8712561521703,700.0,Cif,"Creme abrasivo ativo com lixívia, de 700 ml",,2.69,3.84,700,L,€/L,,,https://driveimg1.intermarche.com/pt/Content/images/boitmal/produit/zoom/8A1C269FF05C78AE2B38E76648F4E8B5.jpg,,,,2025-04-02T23:59:59.999999999+01:00,PROSPECTUS,15,2,,,
16780,8001480023307,700.0,Neoblanc,Gel WC Flores,Embalagem de 700 ml,1.49,2.13,700,L,€/L,,,https://driveimg1.intermarche.com/pt/Content/images/boitmal/produit/zoom/5D87D2909856E8874A999239B80A7102.jpg,,,,2025-04-02T23:59:59.999999999+01:00,PROSPECTUS,15,2,,,
17114,5000116110148,320.0,Capitão Iglo,"4 hamburguers vaca sem glúten, embalagem de 320g",,4.49,14.03,0,kg,€/Kg,,Tipo de stockagem,https://driveimg1.intermarche.com/pt/Content/images/boitmal/produit/zoom/F31F98EC751272F860D1F790EE53DF35.jpg,,,,2025-03-26T23:59:59.999999999Z,PROSPECTUS,15,2,,,
17229,5602125000160,300.0,Legumes,"Cogumelo branco, embalagem de 300g",,1.39,4.63,0,kg,€/Kg,,,https://driveimg1.intermarche.com/pt/Content/images/boitmal/produit/zoom/66BAD1DC458E812967002A5594A14E2C.jpg,,,,2025-03-26T23:59:59.999999999Z,PROSPECTUS,15,2,,,
17272,2891375000000,800.0,Novilho,Carne p/ Estufar,Vendido ao peso a partir de 800 g,7.99,9.99,0,,€/Kg,,,https://driveimg1.intermarche.com/pt/Content/images/boitmal/produit/zoom/74A9E71258207F3FD300DB35B0F5BB18.jpg,,,,2025-03-26T23:59:59.999999999Z,PROSPECTUS,15,2,,,
17873,8718951037885,500.0,Ajax,"Limpa vidros recarga tripla ação, 500 ml",,1.79,3.58,500,L,€/L,,,https://driveimg1.intermarche.com/pt/Content/images/boitmal/produit/zoom/D0A7A0C399BF07DEEA9FD446034A3D4F.jpg,,,,2025-04-02T23:59:59.999999999+01:00,PROSPECTUS,15,2,,,
17887,8410104447526,210.0,Air Wick,"Ambientador vela duo exotic baunilha, embalagem de 2x105g",,4.89,23.29,0,kg,€/Kg,,,https://driveimg1.intermarche.com/pt/Content/images/boitmal/produit/zoom/7D7AB5FDCDCE7BE1F7187AA9236F42F9.jpg,,,,2025-04-02T23:59:59.999999999+01:00,PROSPECTUS,15,2,,,
17900,8001480023277,700.0,Neoblanc,"Lixívia Spray Mousse Flor, 700ml",,1.99,2.84,700,L,€/L,,,https://driveimg1.intermarche.com/pt/Content/images/boitmal/produit/zoom/4C9540C630C990410131B89E1C2C75B8.jpg,,,,2025-04-02T23:59:59.999999999+01:00,PROSPECTUS,15,2,,,
17972,8410104017231,,Air Wick,Recarga ambientador elétrico rosa bouquets,,3.59,3.59,1,,€/Unidade,,,https://driveimg1.intermarche.com/pt/Content/images/boitmal/produit/zoom/8E4B54E525D9F6D6A066C53A63FF9057.jpg,,,,2025-04-02T23:59:59.999999999+01:00,PROSPECTUS,15,2,,,
18084,5601008100539,300.0,Vieira,"Bolacha maria doces, embalagem de 300g",,2.09,6.97,0,kg,€/Kg,,,https://driveimg1.intermarche.com/pt/Content/images/boitmal/produit/zoom/D2F14C3854C93614A1A86C670F377C2D.jpg,,,,2025-03-26T23:59:59.999999999Z,PROSPECTUS,15,2,,,
18596,8410500016029,400.0,Danone,"Iogurte líquido danonino morango/banana, embalagem de 4 x 100 g",,1.99,4.98,0,kg,€/Kg,,,https://driveimg1.intermarche.com/pt/Content/images/boitmal/produit/zoom/79AABB1D751FE6F57112090F819DD6BE.jpg,,,,2025-03-26T23:59:59.999999999Z,PROSPECTUS,15,2,,,
18619,5014328054756,32.0,Tetley,Chá de frutos vermelhos,Embalagem de 30g,1.84,57.5,0,kg,€/Kg,,,https://driveimg1.intermarche.com/pt/Content/images/boitmal/produit/zoom/03305900AD56E77C8397A8E7D50DBFBD.jpg,,,,2025-03-26T23:59:59.999999999Z,PROSPECTUS,15,2,,,
18769,5601008101901,180.0,Vieira,"Bolachas cream cracker doses individuais, embalagem de 180g",,1.19,6.61,0,kg,€/Kg,,,https://driveimg1.intermarche.com/pt/Content/images/boitmal/produit/zoom/9A486CB80F8D69C059B7AAF4D82C4244.jpg,,,,2025-03-26T23:59:59.999999999Z,PROSPECTUS,15,2,,,
18770,5449000138026,1500.0,Fanta,"Refrigerante com gás de laranja zero, garrafa de 1,5 l",,0.99,0.66,1500,L,€/L,,,https://driveimg1.intermarche.com/pt/Content/images/boitmal/produit/zoom/DE34E5B994CDF7FCC42CE983A86D82DE.jpg,,,,2025-03-26T23:59:59.999999999Z,PROSPECTUS,15,2,,,
18771,5449000022646,1500.0,Fanta,"Refrigerante com gás de uva, garrafa de 1,5 l",,0.99,0.66,1500,L,€/L,,,https://driveimg1.intermarche.com/pt/Content/images/boitmal/produit/zoom/8F70505C1EA8CC7907321F98EFB258F8.jpg,,,,2025-03-26T23:59:59.999999999Z,PROSPECTUS,15,2,,,
18841,5601070000140,500.0,Cristal,"Vinagre de vinho tinto, garrafa de 500 ml",,1.13,2.26,500,L,€/L,,,https://driveimg1.intermarche.com/pt/Content/images/boitmal/produit/zoom/65AC8A7F4F6F2DE3D7B8C7A5CA2AA682.jpg,,,,2025-03-26T23:59:59.999999999Z,PROSPECTUS,15,2,,,
19166,5604260274185,1000.0,PorSi,Kiwi,embalagem de 1Kg,2.49,2.49,0,kg,€/Kg,,,https://driveimg1.intermarche.com/pt/Content/images/boitmal/produit/zoom/4B3FD551DB4B491A1542FF19FDA92048.jpg,,,,2025-03-26T23:59:59.999999999Z,PROSPECTUS,15,2,,,
20693,8410104157043,,Air Wick,"Ambientador stick delicias de verão, embalagem de 1 unidades",,5.99,5.99,1,,€/Unidade,,,https://driveimg1.intermarche.com/pt/Content/images/boitmal/produit/zoom/4D79835921EC2C0FC786E7E67A89E081.jpg,,,,2025-04-02T23:59:59.999999999+01:00,PROSPECTUS,15,2,,,
20918,5000116110964,840.0,Capitão Iglo,"30 douradinhos, embalagem de 840g",,8.99,10.7,0,kg,€/Kg,,Tipo de stockagem,https://driveimg1.intermarche.com/pt/Content/images/boitmal/produit/zoom/3C52B0905F2F1ACE3D67359B13FE0331.jpg,,,,2025-03-26T23:59:59.999999999Z,PROSPECTUS,15,2,,,
21496,5606586004026,200.0,Bimi,Bróculos,embalagem de 200 g,1.99,9.95,0,kg,€/Kg,,,https://driveimg1.intermarche.com/pt/Content/images/boitmal/produit/zoom/7229934DE83CEC5D72EA30C2EC67C163.jpg,,,,2025-03-26T23:59:59.999999999Z,PROSPECTUS,15,2,,,
21766,7613035487840,90.0,Nestlé,Fruta para bebé banana laranja bolacha +6 meses,Embalagem de 90g,0.69,7.67,0,kg,€/Kg,,,https://driveimg1.intermarche.com/pt/Content/images/boitmal/produit/zoom/A8104E7B3738DD14CEF192706B16EFC4.jpg,,,,2025-03-26T23:59:59.999999999Z,PROSPECTUS,15,2,,,
21767,7613035487871,90.0,Nestlé,"Fruta para bebé multifrutas +4 meses, embalagem de 90g",,0.69,7.67,0,kg,€/Kg,,,https://driveimg1.intermarche.com/pt/Content/images/boitmal/produit/zoom/1B1A7DCEC52C23E2760C4FE3A24A75EE.jpg,,,,2025-03-26T23:59:59.999999999Z,PROSPECTUS,15,2,,,
22335,5000116110940,420.0,Capitão Iglo,"15 douradinhos, embalagem de 420g",,4.99,11.88,0,kg,€/Kg,,Tipo de stockagem,https://driveimg1.intermarche.com/pt/Content/images/boitmal/produit/zoom/3973A8C90F686ECB72E76C3B0A0492D4.jpg,,,,2025-03-26T23:59:59.999999999Z,PROSPECTUS,15,2,,,
23590,5603722514142,1600.0,Agros,"Leite com chocolate, embalagem de 8x200 ml",,2.8,1.75,1600,L,€/L,,,https://driveimg1.intermarche.com/pt/Content/images/boitmal/produit/zoom/4B07C2A65AC5D9D66E12210391EDB136.jpg,,,,2025-03-26T23:59:59.999999999Z,PROSPECTUS,15,2,,,
2406,5608543000102,30.0,Tetley,Chá preto,Embalagem de 30g,1.29,43.0,0,kg,€/Kg,,,https://driveimg1.intermarche.com/pt/Content/images/boitmal/produit/zoom/D3C0F9FE6B1C09C70D614E0CDECAD3A6.jpg,,,,2025-03-26T23:59:59.999999999Z,PROSPECTUS,15,2,,,
24380,8434165444881,500.0,Cuétara,Choco flakes,Embalagem de 500g,3.34,6.68,0,kg,€/Kg,,,https://driveimg1.intermarche.com/pt/Content/images/boitmal/produit/zoom/429BFDCF518D79A0516B8E2AB629B9F7.jpg,,,,2025-03-26T23:59:59.999999999Z,PROSPECTUS,15,2,,,
24411,8410436297752,1300.0,Sonasol,"Lava tudo rosas e jasmim, 1,3l",,2.09,1.61,1300,L,€/L,,,https://driveimg1.intermarche.com/pt/Content/images/boitmal/produit/zoom/A8DAC5F038BB6C2FB23FB3C7F35CC590.jpg,,,,2025-04-02T23:59:59.999999999+01:00,PROSPECTUS,15,2,,,
24412,8410436297660,1300.0,Sonasol,"Lava tudo aloe vera e flores brancas, 1,3l",,2.09,1.61,1300,L,€/L,,,https://driveimg1.intermarche.com/pt/Content/images/boitmal/produit/zoom/1CF7718543DB6BCDD620E4F3293279BF.jpg,,,,2025-04-02T23:59:59.999999999+01:00,PROSPECTUS,15,2,,,
24458,5600258596451,750.0,Mistolin,"Tira gorduras dia a dia, de 750 ml",,2.79,3.72,750,L,€/L,,,https://driveimg1.intermarche.com/pt/Content/images/boitmal/produit/zoom/BFC9AA5046634B670383ABF29DB35829.jpg,,,,2025-04-02T23:59:59.999999999+01:00,PROSPECTUS,15,2,,,
24509,4005900342980,400.0,Nivea,"Água micelar 3 em 1 peles sensíveis, embalagem com 400 ml",,4.44,11.1,400,L,€/L,,,https://driveimg1.intermarche.com/pt/Content/images/boitmal/produit/zoom/7EBD2E04C862A666D54DA3901073CC68.jpg,,,,2025-03-26T23:59:59.999999999Z,PROSPECTUS,15,2,,,
24747,8410104124632,1000.0,Finish,"Detergente líquido máquina lavar loiça gel tudo em 1 regular, 1 l",,9.49,9.49,1000,L,€/L,,,https://driveimg1.intermarche.com/pt/Content/images/boitmal/produit/zoom/BB255141086A3E25EB4E3D3BC40D205C.jpg,,,,2025-04-02T23:59:59.999999999+01:00,PROSPECTUS,15,2,,,
25214,7613035930551,90.0,Nestlé,"Fruta para bebé maçã banana morango +8 meses, embalagem de 90g",,0.69,7.67,0,kg,€/Kg,,,https://driveimg1.intermarche.com/pt/Content/images/boitmal/produit/zoom/A2E1B043C34553B91FFED35123D220EC.jpg,,,,2025-03-26T23:59:59.999999999Z,PROSPECTUS,15,2,,,
26061,5601082041735,220.0,Delta,Café moagem universal angola,Embalagem de 220g,3.09,14.05,0,kg,€/Kg,,,https://driveimg1.intermarche.com/pt/Content/images/boitmal/produit/zoom/5D337D3866314BE280A581C05FCA725F.jpg,,,,2025-03-26T23:59:59.999999999Z,PROSPECTUS,15,2,,,
29612,5604260283545,1000.0,PorSi Viva Bem,Bebida de Arroz,1 l,1.19,1.19,1000,L,€/L,,,https://driveimg1.intermarche.com/pt/Content/images/boitmal/produit/zoom/1CC67FBC1159B7AB53C4B66B360A0BCF.jpg,,,,2025-03-26T23:59:59.999999999Z,PROSPECTUS,15,2,,,
29738,8410436324533,1300.0,Sonasol,"Lava Tudo Flores Montanha, 1.3 l",,2.09,1.61,1300,L,€/L,,,https://driveimg1.intermarche.com/pt/Content/images/boitmal/produit/zoom/13FBFB2C777E7C44B0340328520A2D41.jpg,,,,2025-04-02T23:59:59.999999999+01:00,PROSPECTUS,15,2,,,
30168,2696660000000,80.0,Padaria,Cacetinho de Trigo,80 g,0.19,2.38,0,kg,€/Kg,,,https://driveimg1.intermarche.com/pt/Content/images/boitmal/produit/zoom/061A32F66C5467484869F7F4ECEA0767.jpg,,,,2025-03-26T23:59:59.999999999Z,PROSPECTUS,15,2,,,
31436,5607233508829,750.0,Panrico,Pão de forma especial torradas,Embalagem de 750g,1.95,2.6,0,kg,€/Kg,,,https://driveimg1.intermarche.com/pt/Content/images/boitmal/produit/zoom/E55F9FC30ED3A9561F136B69689D41FE.jpg,,,,2025-03-26T23:59:59.999999999Z,PROSPECTUS,15,2,,,
32391,5601217131317,,Woolite,Detergente Máquina Roupa Liquido Lãs e Sedas,Embalagem de 25 Doses,3.99,3.99,0,,€/Unidade,,,https://driveimg1.intermarche.com/pt/Content/images/boitmal/produit/zoom/F7C449202B03DC5420F5F78C4773F856.jpg,,,,2025-04-02T23:59:59.999999999+01:00,PROSPECTUS,15,2,,,
33884,2893837000000,1500.0,Peixaria,Peixe espada preto inteiro,Vendido ao peso,10.49,6.99,0,,€/Kg,,,https://driveimg1.intermarche.com/pt/Content/images/boitmal/produit/zoom/0C1CA3DE6B16A13335042AAFE1F612D6.jpg,,,,2025-03-26T23:59:59.999999999Z,PROSPECTUS,15,2,,,
33966,5609765000154,500.0,Brioxa,12 madalenas mármore,Embalagem de 500g,1.79,3.58,0,kg,€/Kg,,,https://driveimg1.intermarche.com/pt/Content/images/boitmal/produit/zoom/F5492401243F36C392837F855B3E0A11.jpg,,,,2025-03-26T23:59:59.999999999Z,PROSPECTUS,15,2,,,
35097,8711327315600,440.0,Magnum,"Gelado de chocolate branco e cookies, embalagem de 440 ml",,3.99,9.07,440,L,€/L,,Tipo de stockagem,https://driveimg1.intermarche.com/pt/Content/images/boitmal/produit/zoom/744EDC15FD38572D44883AF2941B2FB8.jpg,https://driveimg1.intermarche.com/pt/Content/images/boitmal/produit/zoom/053F7BCDF3B5574D77DAE8E6E99DA348.jpg,https://driveimg1.intermarche.com/pt/Content/images/boitmal/produit/zoom/053F7BCDF3B5574D77DAE8E6E99DA348.jpg,https://driveimg1.intermarche.com/pt/Content/images/boitmal/produit/zoom/053F7BCDF3B5574D77DAE8E6E99DA348.jpg,2025-03-26T23:59:59.999999999Z,PROSPECTUS,15,2,,,
35297,5601314223205,500.0,Vitalis,"Água sem gás, garrafa de 0.5 l",,0.36,0.72,500,L,€/L,,,https://driveimg1.intermarche.com/pt/Content/images/boitmal/produit/zoom/7FE52B99CA553391F86364EECEA547A5.jpg,,,,2025-03-26T23:59:59.999999999Z,PROSPECTUS,15,2,,,
35499,5601151973769,3500.0,Sumol,"Refrigerante com gás de laranja, 2 x 1.75 l",,2.98,0.85,3500,L,€/L,,,https://driveimg1.intermarche.com/pt/Content/images/boitmal/produit/zoom/15C97042A71F49C362C4C213EA28900F.jpg,,,,2025-03-26T23:59:59.999999999Z,PROSPECTUS,15,2,,,
35549,5053990124961,70.0,Pringles,"Snack batata original, embalagem de 70g",,1.49,21.29,0,kg,€/Kg,,,https://driveimg1.intermarche.com/pt/Content/images/boitmal/produit/zoom/2AEE1AFBA820638E1917945C99E8B143.jpg,,,,2025-03-26T23:59:59.999999999Z,PROSPECTUS,15,2,,,
35550,5053990125050,70.0,Pringles,"Snack batata com natas e cebola, embalagem de 70 g",,1.49,21.29,0,kg,€/Kg,,,https://driveimg1.intermarche.com/pt/Content/images/boitmal/produit/zoom/5B137E2B847C452AD571457308B76DC1.jpg,,,,2025-03-26T23:59:59.999999999Z,PROSPECTUS,15,2,,,
35749,5603722509667,800.0,Mimosa,"Leite bem essencial chocolate , embalagem de 4 x 200 ml",,1.69,2.11,800,L,€/L,,,https://driveimg1.intermarche.com/pt/Content/images/boitmal/produit/zoom/66BA85F80F98E7331B63BC3D4684C6AC.jpg,,,,2025-03-26T23:59:59.999999999Z,PROSPECTUS,15,2,,,
35753,8001841240640,270.0,Pantene,Creme para pentear caracóis,270 ml,5.99,22.19,270,L,€/L,,,https://driveimg1.intermarche.com/pt/Content/images/boitmal/produit/zoom/574B3E314AF635DCDB9A6448E3C017C1.jpg,,,,2025-03-26T23:59:59.999999999Z,PROSPECTUS,15,2,,,
35913,5603722498022,800.0,Mimosa,"Leite bem essencial morango , embalagem de 4 x 200 ml",,1.69,2.11,800,L,€/L,,,https://driveimg1.intermarche.com/pt/Content/images/boitmal/produit/zoom/4B6AB6C5E199D6DAC849805FE4702BB4.jpg,,,,2025-03-26T23:59:59.999999999Z,PROSPECTUS,15,2,,,
35983,5601027972735,700.0,Bimbo,Pão de forma torradas familiares,Embalagem de 700 g,1.99,2.84,0,kg,€/Kg,,,https://driveimg1.intermarche.com/pt/Content/images/boitmal/produit/zoom/6F4E1280EFC32C3DD99C945770A284F8.jpg,,,,2025-03-26T23:59:59.999999999Z,PROSPECTUS,15,2,,,
36243,5000204117882,,Glade,Ambientador elétrico sensual sandalwood & jasmine + recarga,1 unidade,4.49,4.49,0,,€/Unidade,,,https://driveimg1.intermarche.com/pt/Content/images/boitmal/produit/zoom/61334414CCFD33547F9A33D53F5A787F.jpg,,,,2025-04-02T23:59:59.999999999+01:00,PROSPECTUS,15,2,,,
36655,8410436343404,500.0,Sonasol,Spray casa de banho brilhante,Embalagem de 500 ml,1.99,3.98,500,L,€/L,,,https://driveimg1.intermarche.com/pt/Content/images/boitmal/produit/zoom/74C5950FE2E809CF8D1EA09C76858123.jpg,,,,2025-04-02T23:59:59.999999999+01:00,PROSPECTUS,15,2,,,
36712,5604260294879,200.0,PorSi,"Queijo gouda fatias, 200 g",,1.69,8.45,0,kg,€/Kg,,,https://driveimg1.intermarche.com/pt/Content/images/boitmal/produit/zoom/DA95A9507FFD36014042570F7367B99A.jpg,,,,2025-03-26T23:59:59.999999999Z,PROSPECTUS,15,2,,,
36752,3574661487694,,Carefree,Pensos diários maxi,Embalagem com 64 unidades,4.49,4.49,0,,€/Unidade,,,https://driveimg1.intermarche.com/pt/Content/images/boitmal/produit/zoom/B85837116B789330B5F8E53F110D78D5.jpg,,,,2025-03-26T23:59:59.999999999Z,PROSPECTUS,15,2,,,
37510,7613036841498,90.0,Nestlé,"Pacote maçã e pêssego, embalagem de 90g",,0.69,7.67,0,kg,€/Kg,,,https://driveimg1.intermarche.com/pt/Content/images/boitmal/produit/zoom/E9135C730A89C3C259880AD7C684D6EF.jpg,,,,2025-03-26T23:59:59.999999999Z,PROSPECTUS,15,2,,,
37574,8717163836835,2000.0,Lipton,"Ice tea de pêssego sem açúcar, garrafa de 2l",,1.99,1.0,2000,L,€/L,,,https://driveimg1.intermarche.com/pt/Content/images/boitmal/produit/zoom/B0D164F35BECC5A6CA9E515D71ED323C.jpg,,,,2025-03-26T23:59:59.999999999Z,PROSPECTUS,15,2,,,
37768,5604260296514,400.0,PorSi,Lasanha à Bolonhesa,Embalagem de 400 g,2.49,6.23,0,kg,€/Kg,,,https://driveimg1.intermarche.com/pt/Content/images/boitmal/produit/zoom/EAED8EAC3E3C589BFC55B562CBB15A69.jpg,,,,2025-03-26T23:59:59.999999999Z,PROSPECTUS,15,2,,,
37923,5604260300990,1000.0,PorSi Viva Bem,Bebida de Amêndoa,1 litro,1.09,1.09,1000,L,€/L,,,https://driveimg1.intermarche.com/pt/Content/images/boitmal/produit/zoom/74B05726BD16B03D5A528D4778757940.jpg,,,,2025-03-26T23:59:59.999999999Z,PROSPECTUS,15,2,,,
38291,8410436343527,1100.0,Sonasol,"Lava Tudo Desinfetante, embalagem 1,1l",,2.79,2.54,1100,L,€/L,,,https://driveimg1.intermarche.com/pt/Content/images/boitmal/produit/zoom/3BCE9789D68C09F6CE19611FDEABB947.jpg,,,,2025-04-02T23:59:59.999999999+01:00,PROSPECTUS,15,2,,,
38312,8410104702663,,Finish,"Limpa máquinas de loiça limão, embalagem com 250 ml",,3.89,3.89,1,,€/Unidade,,,https://driveimg1.intermarche.com/pt/Content/images/boitmal/produit/zoom/543AF0EA0E513D87A0B6AA970DE2490B.jpg,,,,2025-04-02T23:59:59.999999999+01:00,PROSPECTUS,15,2,,,
393,8712566173945,72.0,Knorr,"Creme marisco, embalagem de 70g",,1.6,22.22,0,kg,€/Kg,,,https://driveimg1.intermarche.com/pt/Content/images/boitmal/produit/zoom/42380F997942E9C34D4500FD929708AF.jpg,,,,2025-03-26T23:59:59.999999999Z,PROSPECTUS,15,2,,,
40491,5604260295753,,PorSi,"Sacos do lixo lavanda 30 litros, 20 sacos",,1.05,1.05,0,,€/Unidade,,,https://driveimg1.intermarche.com/pt/Content/images/boitmal/produit/zoom/DFBB530640691593E7F39F828433DED1.jpg,,,,2025-04-02T23:59:59.999999999+01:00,PROSPECTUS,15,2,,,
40493,5604260296125,,PorSi,"Sacos do lixo wc 5L, 30 sacos",,0.85,0.85,0,,€/Unidade,,,https://driveimg1.intermarche.com/pt/Content/images/boitmal/produit/zoom/71190204B6BA7B59B49CD014C9D15AF9.jpg,,,,2025-04-02T23:59:59.999999999+01:00,PROSPECTUS,15,2,,,
40498,5604260296101,,PorSi,"Sacos do lixo com atilho 100 litros, 15 sacos",,1.79,1.79,0,,€/Unidade,,,https://driveimg1.intermarche.com/pt/Content/images/boitmal/produit/zoom/52236672C0ACB8BB799D3EBEA8C2ECEB.jpg,,,,2025-04-02T23:59:59.999999999+01:00,PROSPECTUS,15,2,,,
40591,5601151974049,1750.0,Pepsi,"Refrigerante com gás, garrafa de 1.75 l",,1.35,0.77,1750,L,€/L,,,https://driveimg1.intermarche.com/pt/Content/images/boitmal/produit/zoom/28D8C8402FB8F278C2F0FAAEE3127CC9.jpg,,,,2025-03-26T23:59:59.999999999Z,PROSPECTUS,15,2,,,
40593,5603722519406,480.0,Mimosa,"Iogurte fruta batida morango, 4 x 120 g",,1.69,3.52,0,kg,€/Kg,,,https://driveimg1.intermarche.com/pt/Content/images/boitmal/produit/zoom/41C5135F0F8227064BFED500C982147E.jpg,,,,2025-03-26T23:59:59.999999999Z,PROSPECTUS,15,2,,,
40739,5604260302666,2000.0,PorSi,"Lava Tudo Perfumado flor de laranjeira, embalagem de 2 l",,0.99,0.5,2000,L,€/L,,,https://driveimg1.intermarche.com/pt/Content/images/boitmal/produit/zoom/EC235B47803E16EEB9720D84212A145E.jpg,,,,2025-04-02T23:59:59.999999999+01:00,PROSPECTUS,15,2,,,
40749,5604260304158,1000.0,PorSi,Detergente liquido loiça clássico,Garrafa de 1 litro,0.89,0.89,1000,L,€/L,,,https://driveimg1.intermarche.com/pt/Content/images/boitmal/produit/zoom/AF2F1189F25F58E20EE8C7BA2141119A.jpg,,,,2025-04-02T23:59:59.999999999+01:00,PROSPECTUS,15,2,,,
41078,8718951333420,1250.0,Ajax,"Detergente líquido lava-tudo festa das flores primavera, 1.25 litros",,2.24,1.79,1250,L,€/L,,,https://driveimg1.intermarche.com/pt/Content/images/boitmal/produit/zoom/67E1C6EE2E3883C90BF505A7EA63B51E.jpg,,,,2025-04-02T23:59:59.999999999+01:00,PROSPECTUS,15,2,,,
41080,8718951338333,1250.0,Ajax,"Detergente líquido lava tudo festa das flores montanha, embalagem de 1.25l",,2.24,1.79,1250,L,€/L,,,https://driveimg1.intermarche.com/pt/Content/images/boitmal/produit/zoom/235AC3C4CF2F6CC997FC733634670C1E.jpg,,,,2025-04-02T23:59:59.999999999+01:00,PROSPECTUS,15,2,,,
41297,5601050036534,440.0,Danone,"Iogurte oikos pêssego, embalagem de 4 x 110g",,1.99,4.52,0,kg,€/Kg,,,https://driveimg1.intermarche.com/pt/Content/images/boitmal/produit/zoom/C2BCC90FB2B192B3C8BC1E9CCF0DA4AF.jpg,,,,2025-03-26T23:59:59.999999999Z,PROSPECTUS,15,2,,,
41300,5601050036596,440.0,Danone,"Iogurte oikos manga papaya, embalagem de 4 x 110g",,1.99,4.52,0,kg,€/Kg,,,https://driveimg1.intermarche.com/pt/Content/images/boitmal/produit/zoom/407B76EA9B8AB5CE288E3F687A8DBF84.jpg,,,,2025-03-26T23:59:59.999999999Z,PROSPECTUS,15,2,,,
41302,5601050036558,440.0,Danone,"Iogurte oikos natural açucarado, embalagem de 4 x 110g",,2.49,5.66,0,kg,€/Kg,,,https://driveimg1.intermarche.com/pt/Content/images/boitmal/produit/zoom/EF9CBAC3BDE3B09B251B8011D3C6F904.jpg,,,,2025-03-26T23:59:59.999999999Z,PROSPECTUS,15,2,,,
41601,5604260301515,,PorSi,Rolo de multiusos decor 3 folhas,1 unidade,4.69,4.69,0,,€/Unidade,,,https://driveimg1.intermarche.com/pt/Content/images/boitmal/produit/zoom/3267BCD45AAE35B19E63A46DF91D8031.jpg,,,,2025-04-02T23:59:59.999999999+01:00,PROSPECTUS,15,2,,,
41979,5601050036244,160.0,Danone,"Yopro manteiga amendoim banana, embalagem de 160g",,1.09,6.81,0,kg,€/Kg,,,https://driveimg1.intermarche.com/pt/Content/images/boitmal/produit/zoom/FA86300496543407BC1BC50B2C72D742.jpg,,,,2025-03-26T23:59:59.999999999Z,PROSPECTUS,15,2,,,
41981,5604260303618,5000.0,PorSi,Areia para gato aglomerante,Embalagem de 5 litros,2.69,0.54,5000,L,€/L,,,https://driveimg1.intermarche.com/pt/Content/images/boitmal/produit/zoom/D280E7879828ADC3454C85EE455FB236.jpg,,,,2025-03-26T23:59:59.999999999Z,PROSPECTUS,15,2,,,
43081,5604260308989,750.0,PorSi,"Creme de limpeza com lixívia, 750 ml",,1.19,1.59,750,L,€/L,,,https://driveimg1.intermarche.com/pt/Content/images/boitmal/produit/zoom/1139EAA168CCBEE4FD046BC327A8D809.jpg,https://driveimg1.intermarche.com/pt/Content/images/boitmal/produit/zoom/46E14346C7A61E4D63FF4CE13D6AE781.jpg,https://driveimg1.intermarche.com/pt/Content/images/boitmal/produit/zoom/46E14346C7A61E4D63FF4CE13D6AE781.jpg,https://driveimg1.intermarche.com/pt/Content/images/boitmal/produit/zoom/46E14346C7A61E4D63FF4CE13D6AE781.jpg,2025-04-02T23:59:59.999999999+01:00,PROSPECTUS,15,2,https://driveimg1.intermarche.com/pt/Content/images/boitmal/produit/zoom/46E14346C7A61E4D63FF4CE13D6AE781.jpg,https://driveimg1.intermarche.com/pt/Content/images/boitmal/produit/zoom/46E14346C7A61E4D63FF4CE13D6AE781.jpg,https://driveimg1.intermarche.com/pt/Content/images/boitmal/produit/zoom/46E14346C7A61E4D63FF4CE13D6AE781.jpg
43541,5604260309955,2000.0,PorSi,Amaciador concentrado para roupa floral,80 doses,1.85,0.93,2000,L,€/L,,,https://driveimg1.intermarche.com/pt/Content/images/boitmal/produit/zoom/AC8E28B5914FC2CC7805AFF54F6F924A.jpg,,,,2025-04-02T23:59:59.999999999+01:00,PROSPECTUS,15,2,,,
43543,5604260309931,2000.0,PorSi,Amaciador concentrado para roupa alfazema,80 doses,1.85,0.93,2000,L,€/L,,,https://driveimg1.intermarche.com/pt/Content/images/boitmal/produit/zoom/07069CB8BFCFAE27D60047F2A269715A.jpg,,,,2025-04-02T23:59:59.999999999+01:00,PROSPECTUS,15,2,,,
43546,5604260312207,1000.0,PorSi,Tira nódoas roupa em pó oxy white,Embalagem de 1 kg,3.09,3.09,0,kg,€/Kg,,,https://driveimg1.intermarche.com/pt/Content/images/boitmal/produit/zoom/63E1D594AAE9A64B72276792E811057C.jpg,,,,2025-04-02T23:59:59.999999999+01:00,PROSPECTUS,15,2,,,
43713,5604649921716,350.0,Fruta,"Manga kent ""avião""",Embalagem de 350 g,3.99,11.4,0,kg,€/Kg,,,https://driveimg1.intermarche.com/pt/Content/images/boitmal/produit/zoom/A123F4FF7CC271D83C6E23B500A22E69.jpg,,,,2025-03-26T23:59:59.999999999Z,PROSPECTUS,15,2,,,
43819,5604260312221,200.0,PorSi,Tira nódoas oxy limpa a seco sem deixar manchas,Embalagem de 200 ml,1.99,9.95,200,L,€/L,,,https://driveimg1.intermarche.com/pt/Content/images/boitmal/produit/zoom/79420ADB2999BF854EDBB0690100D459.jpg,,,,2025-04-02T23:59:59.999999999+01:00,PROSPECTUS,15,2,,,
44642,8410199021168,140.0,Doritos,"Snack de milho com sabor chilli, 140g",,1.39,9.93,0,kg,€/Kg,,,https://driveimg1.intermarche.com/pt/Content/images/boitmal/produit/zoom/4BF0B752BBDEC2A3E78C82178EA88929.jpg,,,,2025-03-26T23:59:59.999999999Z,PROSPECTUS,15,2,,,
44702,5053990155354,175.0,Pringles,"Snacks batata sour cream & onion, embalagem de 175g",,2.39,13.66,0,kg,€/Kg,,,https://driveimg1.intermarche.com/pt/Content/images/boitmal/produit/zoom/0C0E56E5BC42C468A1D6A594D5BD0C63.jpg,https://driveimg1.intermarche.com/pt/Content/images/boitmal/produit/zoom/3743B152C095FACA5BB155343DC8A7EE.jpg,https://driveimg1.intermarche.com/pt/Content/images/boitmal/produit/zoom/3743B152C095FACA5BB155343DC8A7EE.jpg,https://driveimg1.intermarche.com/pt/Content/images/boitmal/produit/zoom/3743B152C095FACA5BB155343DC8A7EE.jpg,2025-03-26T23:59:59.999999999Z,PROSPECTUS,15,2,https://driveimg1.intermarche.com/pt/Content/images/boitmal/produit/zoom/3743B152C095FACA5BB155343DC8A7EE.jpg,,
44761,5601146050505,500.0,Bandida do Pomar,"Sidra frutos vermelhos, lata 50cl",,1.19,2.38,500,L,€/L,,,https://driveimg1.intermarche.com/pt/Content/images/boitmal/produit/zoom/3DF7967B62A6AA597E8EA0E6EC701FC9.jpg,,,,2025-03-26T23:59:59.999999999Z,PROSPECTUS,15,2,,,
45431,5601050036893,300.0,Danone,"Yopro líquido manga, embalagem de 300g",,1.99,6.63,0,kg,€/Kg,,,https://driveimg1.intermarche.com/pt/Content/images/boitmal/produit/zoom/1E004FD89D8A20EC3FC964ADAE11A7AF.jpg,,,,2025-03-26T23:59:59.999999999Z,PROSPECTUS,15,2,,,
45916,8718951423954,1250.0,Ajax,Detergente líquido Lava Tudo Perfumado Festa de Flores Coco,Embalagem de 1.25 litros,2.24,1.79,1250,L,€/L,,,https://driveimg1.intermarche.com/pt/Content/images/boitmal/produit/zoom/5DF4B02CA87F4F5BA52D1A8043E51591.jpg,,,,2025-04-02T23:59:59.999999999+01:00,PROSPECTUS,15,2,,,
46641,8410436364058,,Bref,Bloco Sanitário Blue Active Floral,Embalagem de 3 un.,4.39,4.39,0,,€/Unidade,,,https://driveimg1.intermarche.com/pt/Content/images/boitmal/produit/zoom/A3DC5C4838E8BD49AEB43EB2DC739F2D.jpg,,,,2025-04-02T23:59:59.999999999+01:00,PROSPECTUS,15,2,,,
46652,3083681137996,600.0,Bonduelle,"Lentilhas, embalagem de 600g",,2.59,4.32,0,kg,€/Kg,,,https://driveimg1.intermarche.com/pt/Content/images/boitmal/produit/zoom/342160236AFF7A5B92155F0E89C8A9A0.jpg,,,,2025-03-26T23:59:59.999999999Z,PROSPECTUS,15,2,,,
46824,5603722518270,720.0,Mimosa,"Iogurte magro aroma multi sabores de morango/coco, 6x120g",,1.99,2.76,0,kg,€/Kg,,,https://driveimg1.intermarche.com/pt/Content/images/boitmal/produit/zoom/C1F13564A32ADE4727C9B834FE2B8090.jpg,,,,2025-03-26T23:59:59.999999999Z,PROSPECTUS,15,2,,,
46825,5603722518287,720.0,Mimosa,"Iogurte magro aroma multi sabores de morango e kiwi/manga, 6 x 120g",,1.99,2.76,0,kg,€/Kg,,,https://driveimg1.intermarche.com/pt/Content/images/boitmal/produit/zoom/EBBE1EB3FBC3C9322F0040C9AA4B6B04.jpg,,,,2025-03-26T23:59:59.999999999Z,PROSPECTUS,15,3,,,
46854,5604260320660,1000.0,PorSi,"Arroz Thai Jasmim, 1 kg",,1.99,1.99,0,kg,€/Kg,,,https://driveimg1.intermarche.com/pt/Content/images/boitmal/produit/zoom/348CC6C115B4BC640D22FCA9445AC7AC.jpg,,,,2025-03-26T23:59:59.999999999Z,PROSPECTUS,15,3,,,
47110,7613287218766,110.0,Nestlé,Bolsitas de puré de multifrutas,Embalagem de 110g,0.73,6.64,0,kg,€/Kg,,,https://driveimg1.intermarche.com/pt/Content/images/boitmal/produit/zoom/3A0DC006BA90FE4ED51AF00C38870697.jpg,,,,2025-03-26T23:59:59.999999999Z,PROSPECTUS,15,3,,,
4716,5000204593242,72.0,Pato,Discos Sanitários Activos Recarga Lima,Embalagem de 2x36 ml,3.49,48.47,72,L,€/L,,,https://driveimg1.intermarche.com/pt/Content/images/boitmal/produit/zoom/6E8BEEF9B9E1E763C6D9B6E49B0D85F6.jpg,,,,2025-04-02T23:59:59.999999999+01:00,PROSPECTUS,15,3,,,
4756,5000204731866,269.0,Glade,"Recarga ambientador automático, lavanda, 269 ml",,3.49,12.97,269,L,€/L,,,https://driveimg1.intermarche.com/pt/Content/images/boitmal/produit/zoom/6F255C06BE26BDBD3EF56DDC7CB885D5.jpg,,,,2025-04-02T23:59:59.999999999+01:00,PROSPECTUS,15,3,,,
48137,5604260323319,2000.0,PorSi,Amaciador concentrado talco,80 doses,1.85,0.93,2000,L,€/L,,,https://driveimg1.intermarche.com/pt/Content/images/boitmal/produit/zoom/19A86120D5B46985AF96636938E62EA9.jpg,,,,2025-04-02T23:59:59.999999999+01:00,PROSPECTUS,15,3,,,
48210,5604260323111,4300.0,PorSi,Detergente líquido máquina de roupa sabão natural,86 Doses,6.19,1.44,4300,L,€/L,,,https://driveimg1.intermarche.com/pt/Content/images/boitmal/produit/zoom/76EACB4A59BF656D1FBA0DCA4A1D2D29.jpg,,,,2025-04-02T23:59:59.999999999+01:00,PROSPECTUS,15,3,,,
48345,5604260318414,150.0,PorSi Viva Bem,Queijo gouda fatias 0% lactose,Embalagem de 150g,1.79,11.93,0,kg,€/Kg,,,https://driveimg1.intermarche.com/pt/Content/images/boitmal/produit/zoom/22C952CD8FFE4AA93EF3C9EB4961E5EF.jpg,,,,2025-03-26T23:59:59.999999999Z,PROSPECTUS,15,3,,,
4866,5410036145227,600.0,Vanish,"Limpa alcatifa mousse activa, 600 ml",,5.19,8.65,600,L,€/L,,,https://driveimg1.intermarche.com/pt/Content/images/boitmal/produit/zoom/6C27E2DD194F3A92D0082DB1D4838686.jpg,,,,2025-04-02T23:59:59.999999999+01:00,PROSPECTUS,15,3,,,
4867,5410041472509,100.0,Tuc,Bolachas cream & onion,Embalagem de 100g,1.39,13.9,0,kg,€/Kg,,,https://driveimg1.intermarche.com/pt/Content/images/boitmal/produit/zoom/C2295774E4587CC2EFD25EAE1F8DEF19.jpg,,,,2025-03-26T23:59:59.999999999Z,PROSPECTUS,15,3,,,
48922,8006540417072,300.0,Pantene,Máscara Caracóis Perfeitos,300 ml,4.94,16.47,300,L,€/L,,,https://driveimg1.intermarche.com/pt/Content/images/boitmal/produit/zoom/025366923064A3F3F548E755A8D57055.jpg,,,,2025-03-26T23:59:59.999999999Z,PROSPECTUS,15,3,,,
49097,5604260322817,,PorSi,Detergente Liquido Maquina Roupa Lavanda,40 doses,4.79,4.79,0,,€/Unidade,,,https://driveimg1.intermarche.com/pt/Content/images/boitmal/produit/zoom/A80DDC6C9ABC2D3952F31585A06F39B2.jpg,,,,2025-04-02T23:59:59.999999999+01:00,PROSPECTUS,15,3,,,
49463,8445290250322,600.0,Nestum,Flocos Cereais Mel,Embalagem de 600g,3.79,6.32,0,kg,€/Kg,,,https://driveimg1.intermarche.com/pt/Content/images/boitmal/produit/zoom/4A0A62606AC144021ED115E1FAB3D0CE.jpg,,,,2025-03-26T23:59:59.999999999Z,PROSPECTUS,15,3,,,
49623,5604260320561,800.0,PorSi,Sopa de Legumes,800 g,2.49,3.11,0,kg,€/Kg,,,https://driveimg1.intermarche.com/pt/Content/images/boitmal/produit/zoom/FF3B6724D3B5C254550A716F73EB1264.jpg,,,,2025-03-26T23:59:59.999999999Z,PROSPECTUS,15,3,,,
4997,5601021007556,250.0,Pronto,"Óleo cedro spray, 250 ml",,3.59,14.36,250,L,€/L,,,https://driveimg1.intermarche.com/pt/Content/images/boitmal/produit/zoom/D8F187866FAB2461BA06AC66DF9E1741.jpg,,,,2025-04-02T23:59:59.999999999+01:00,PROSPECTUS,15,3,,,
50033,5601050037593,300.0,Yopro,"Iogurte liquido pêssego maragujá, 300g",,1.99,6.63,0,kg,€/Kg,,,https://driveimg1.intermarche.com/pt/Content/images/boitmal/produit/zoom/FBD4E9C7CBF6F8731249673D25B3B2EC.jpg,,,,2025-03-26T23:59:59.999999999Z,PROSPECTUS,15,3,,,
5031,5601028008778,,Renova,"Papel higiénico deco /4 folhas, embalagem 12 rolos",,5.39,5.39,12,,€/Unidade,,,https://driveimg1.intermarche.com/pt/Content/images/boitmal/produit/zoom/40255AA0E0A26CE7985BEAB27DB725FB.jpg,,,,2025-03-26T23:59:59.999999999Z,PROSPECTUS,15,3,,,
51113,8720181262784,500.0,Cif,"Limpa casa banho spray higiene c/ lixívia, 500 ml",,1.99,3.98,500,L,€/L,,,https://driveimg1.intermarche.com/pt/Content/images/boitmal/produit/zoom/8CA4C0BAC8A169ADEC56BAD426803345.jpg,,,,2025-04-02T23:59:59.999999999+01:00,PROSPECTUS,15,3,,,
51751,8720181338502,435.0,Cif,"Spray remove bolores, 435 ml",,2.49,5.72,435,L,€/L,,,https://driveimg1.intermarche.com/pt/Content/images/boitmal/produit/zoom/380C503403FDBF9BBCD37132FDE8F56E.jpg,,,,2025-04-02T23:59:59.999999999+01:00,PROSPECTUS,15,3,,,
51895,8719200253407,225.0,Planta,"Creme vegetal para barrar original, 225g",,1.79,7.96,0,kg,€/Kg,,,https://driveimg1.intermarche.com/pt/Content/images/boitmal/produit/zoom/7E61C083BAEE72DB01F9769D3518098F.jpg,,,,2025-03-26T23:59:59.999999999Z,PROSPECTUS,15,3,,,
52375,8720181387425,,Skip,Detergente Máquina Roupa Pó Sabão Natural,100 Doses,13.99,13.99,0,,€/Unidade,,,https://driveimg1.intermarche.com/pt/Content/images/boitmal/produit/zoom/8B93F96041E98D0FC28E6DD42F9EAB4B.jpg,,,,2025-04-02T23:59:59.999999999+01:00,PROSPECTUS,15,3,,,
52601,5601217137944,1710.0,Quanto,"Amaciador roupa concentrado rubi e jasmim, 95 doses",,3.99,2.33,1710,L,€/L,,,https://driveimg1.intermarche.com/pt/Content/images/boitmal/produit/zoom/F98E5B67EBAD53610C2B7527547160F8.jpg,,,,2025-04-02T23:59:59.999999999+01:00,PROSPECTUS,15,3,,,
52602,5601217137937,1710.0,Quanto,"Amaciador roupa concentrado lirios e frutos vermelhos, 95 doses",,3.99,2.33,1710,L,€/L,,,https://driveimg1.intermarche.com/pt/Content/images/boitmal/produit/zoom/D5EC13B4D27621ECAF91289F5FDA9612.jpg,,,,2025-04-02T23:59:59.999999999+01:00,PROSPECTUS,15,3,,,
52838,8720182598899,1000.0,Cif,"Detergente loiça manual frutos vermelhos +poder, 1l",,1.99,1.99,1000,L,€/L,,,https://driveimg1.intermarche.com/pt/Content/images/boitmal/produit/zoom/784A59ED0AC78C19C7FF36B0B0E91397.jpg,,,,2025-04-02T23:59:59.999999999+01:00,PROSPECTUS,15,3,,,
53044,8720181368769,4320.0,Omo,"Detergente roupa máquina líquido, 96 doses",,8.99,2.08,4320,L,€/L,,,https://driveimg1.intermarche.com/pt/Content/images/boitmal/produit/zoom/30BA46CDC8291B3E0F7206BAD1197FAE.jpg,,,,2025-04-02T23:59:59.999999999+01:00,PROSPECTUS,15,3,,,
53469,5601028019941,,Renova,Rolo Cozinha Máxima Absorção Extra XXL,Embalagem de 2 unidades,1.98,1.98,2,,€/Unidade,,,https://driveimg1.intermarche.com/pt/Content/images/boitmal/produit/zoom/F4A90C9D477EA88B96B77E4FB64FF1F5.jpg,,,,2025-04-02T23:59:59.999999999+01:00,PROSPECTUS,15,3,,,
53551,8001480721326,,Neoblanc,"Lixívia Gentil, 18 Pastilhas",,3.24,3.24,18,,€/Unidade,,,https://driveimg1.intermarche.com/pt/Content/images/boitmal/produit/zoom/A250B24F09D54E26FB8EFE2CB51932C0.jpg,,,,2025-04-02T23:59:59.999999999+01:00,PROSPECTUS,15,3,,,
53778,8718951561267,300.0,Palmolive,Sabonete Líquido Nutritivo Leite e Mel,Embalagem de 300ml,2.24,7.47,300,L,€/L,,,https://driveimg1.intermarche.com/pt/Content/images/boitmal/produit/zoom/CD3F5ABC4A05D0C8797B1741EA5A6B9C.jpg,https://driveimg1.intermarche.com/pt/Content/images/boitmal/produit/zoom/D5BD5DB756C130B0579DC3745334D5EC.jpg,https://driveimg1.intermarche.com/pt/Content/images/boitmal/produit/zoom/D5BD5DB756C130B0579DC3745334D5EC.jpg,,2025-03-26T23:59:59.999999999Z,PROSPECTUS,15,3,,,
54237,8720182870940,750.0,Cif,"Spray cozinha power & shine, 750ml",,2.69,3.59,750,L,€/L,,,https://driveimg1.intermarche.com/pt/Content/images/boitmal/produit/zoom/7C5092B5C783F181B704CE4066ABA0E8.jpg,,,,2025-04-02T23:59:59.999999999+01:00,PROSPECTUS,15,3,,,
54238,8720182878632,500.0,Cif,"Spray ultra desengordurante, 500ml",,1.99,3.98,500,L,€/L,,,https://driveimg1.intermarche.com/pt/Content/images/boitmal/produit/zoom/F7B6360115905FDA67B8B79B6475E1A8.jpg,,,,2025-04-02T23:59:59.999999999+01:00,PROSPECTUS,15,3,,,
54243,8718951649071,75.0,Colgate,"Colgate Dentífrico Total Plaque Branqueador, 75 ml",,3.49,46.53,75,L,€/L,,,https://driveimg1.intermarche.com/pt/Content/images/boitmal/produit/zoom/CD75CBAA5BEAF73E2F8E92DD5EA88FD0.jpg,,,,2025-03-26T23:59:59.999999999Z,PROSPECTUS,15,3,,,
54348,5601217138064,1332.0,Quanto,"Amaciador roupa concentrado ouro e orquídea branca, 74d",,2.99,2.24,1332,L,€/L,,,https://driveimg1.intermarche.com/pt/Content/images/boitmal/produit/zoom/0C119962D33161B345F6A902867F6FC1.jpg,,,,2025-04-02T23:59:59.999999999+01:00,PROSPECTUS,15,3,,,
54511,5000204356564,,Glade,"Vela Bubbly Berry Splash, 112g",,2.49,2.49,112,,€/Unidade,,,https://driveimg1.intermarche.com/pt/Content/images/boitmal/produit/zoom/5E7C03F14221F5459DBE97B1ABCC89B7.jpg,,,,2025-04-02T23:59:59.999999999+01:00,PROSPECTUS,15,3,,,
54538,8006540763582,,Fairy,"Detergente Máquina Loiça Pastilhas Original Tudo em 1 Limão, 71D",,13.99,13.99,0,,€/Unidade,,,https://driveimg1.intermarche.com/pt/Content/images/boitmal/produit/zoom/937EB01E1BF93392425BD6CC2ABF2650.jpg,,,,2025-04-02T23:59:59.999999999+01:00,PROSPECTUS,15,3,,,
54603,8720181292873,760.0,Comfort,"Intensificador perfume tropical, 760ml",,3.49,4.59,760,L,€/L,,,https://driveimg1.intermarche.com/pt/Content/images/boitmal/produit/zoom/72CE6505D84B04718FCBDF6333474C14.jpg,,,,2025-04-02T23:59:59.999999999+01:00,PROSPECTUS,15,3,,,
54632,5603722523045,1000.0,Gresso,"Leite UHT Meio Gordo, 1L",,0.83,0.83,1000,L,€/L,,,https://driveimg1.intermarche.com/pt/Content/images/boitmal/produit/zoom/ECF816693AC2579C9FB595FD8ABD96D7.jpg,,,,2025-03-26T23:59:59.999999999Z,PROSPECTUS,15,3,,,
54633,5603722523052,1000.0,Gresso,"Leite Uht Magro, 1L",,0.83,0.83,1000,L,€/L,,,https://driveimg1.intermarche.com/pt/Content/images/boitmal/produit/zoom/62FAA0AA671FC5B53B3DDBACCC92B900.jpg,,,,2025-03-26T23:59:59.999999999Z,PROSPECTUS,15,3,,,
54750,5601146040605,500.0,Bandida,"Sidra de pêssego, 0.50l",,1.19,2.38,500,L,€/L,,,https://driveimg1.intermarche.com/pt/Content/images/boitmal/produit/zoom/522273CD4D16DD2E994DD577CC48BB67.jpg,,,,2025-03-26T23:59:59.999999999Z,PROSPECTUS,15,3,,,
54759,5601027118553,500.0,Bimbo,"Pão com codea artesano, 500g",,1.89,3.78,0,kg,€/Kg,,,https://driveimg1.intermarche.com/pt/Content/images/boitmal/produit/zoom/F431D21B075425666A22C8251B20CC07.jpg,,,,2025-03-26T23:59:59.999999999Z,PROSPECTUS,15,3,,,
54789,8711327608665,400.0,Magnum,"4 gelados chocolate e amêndoa, 400 ml",,3.49,8.73,400,L,€/L,,Tipo de stockagem,https://driveimg1.intermarche.com/pt/Content/images/boitmal/produit/zoom/8722D1A85B18DF132EACF542CF5DDE68.jpg,,,,2025-03-26T23:59:59.999999999Z,PROSPECTUS,15,3,,,
55017,8445291099463,,Buondi,"Cápsulas de Descafeinado Int 8, 10un.",,3.99,3.99,10,,€/Unidade,,,https://driveimg1.intermarche.com/pt/Content/images/boitmal/produit/zoom/D62C66E6B0B5638CC9A3166C28F9B020.jpg,,,,2025-03-26T23:59:59.999999999Z,PROSPECTUS,15,3,,,
55023,8711327650497,256.0,Magnum,"Gelado Caramel & Nuts, 4 x 64ml",,3.59,14.02,256,L,€/L,,Tipo de stockagem,https://driveimg1.intermarche.com/pt/Content/images/boitmal/produit/zoom/5A30860B3FA389C317BE194BD6742DA4.jpg,,,,2025-03-26T23:59:59.999999999Z,PROSPECTUS,15,3,,,
55028,8711327640450,204.0,Magnum,"Gelado Bombom Chocolate Branco e Cookies, 12 x 17ml",,3.59,17.6,204,L,€/L,,Tipo de stockagem,https://driveimg1.intermarche.com/pt/Content/images/boitmal/produit/zoom/984A4EA72874051F4DF6EE3A7421716E.jpg,,,,2025-03-26T23:59:59.999999999Z,PROSPECTUS,15,3,,,
55115,8410500030742,600.0,Danone,"Iogurte Líquido Defesa Natural Kids, 6 x 100g",,2.89,4.82,0,kg,€/Kg,,,https://driveimg1.intermarche.com/pt/Content/images/boitmal/produit/zoom/B4C2D9020C9DA1660CBA3D6FFBCE88DA.jpg,,,,2025-03-26T23:59:59.999999999Z,PROSPECTUS,15,3,,,
55295,8445291325067,250.0,Nestum,"Nestum Morango Proteína, 250g",,2.58,10.32,0,kg,€/Kg,,,https://driveimg1.intermarche.com/pt/Content/images/boitmal/produit/zoom/A2E2A31D60F998AA375BAFA70F3809EE.jpg,,,,2025-03-26T23:59:59.999999999Z,PROSPECTUS,15,3,,,
5807,5604260055852,2000.0,PorSi,Lixívia com detergente,Embalagem de 2 l,1.25,0.63,2000,L,€/L,,,https://driveimg1.intermarche.com/pt/Content/images/boitmal/produit/zoom/5F470598FD01ED421660D86CAC111329.jpg,,,,2025-04-02T23:59:59.999999999+01:00,PROSPECTUS,15,3,,,
6208,8001480020580,2000.0,Neoblanc,Lixívia Denso-Activa Tradicional p/ Casa e Roupa,Embalagem de 2 l,2.99,1.5,2000,L,€/L,,,https://driveimg1.intermarche.com/pt/Content/images/boitmal/produit/zoom/7CE5B1AAB75A1C5E9FE59503408E0B94.jpg,,,,2025-04-02T23:59:59.999999999+01:00,PROSPECTUS,15,3,,,
6281,8410001109978,,Scotch Brite,"Esfregão com esponja salva unhas ergonómico, 2 unidades",,1.85,1.85,2,,€/Unidade,,,https://driveimg1.intermarche.com/pt/Content/images/boitmal/produit/zoom/4CA8003DAEE6979618A8434446696DC5.jpg,,,,2025-04-02T23:59:59.999999999+01:00,PROSPECTUS,15,3,,,
6579,8412400109313,750.0,Pronto,"Limpador, 750 ml",,3.49,4.65,750,L,€/L,,,https://driveimg1.intermarche.com/pt/Content/images/boitmal/produit/zoom/69582F10C4D4AF319E2C2525904719C9.jpg,,,,2025-04-02T23:59:59.999999999+01:00,PROSPECTUS,15,3,,,
6586,8412400335316,150.0,Glade,"Abs odores lavanda, pack 2x150g",Embalagem de 2x150 g,3.29,21.93,0,kg,€/Kg,,,https://driveimg1.intermarche.com/pt/Content/images/boitmal/produit/zoom/C9BF71A97CEB06168D66B6F35A1F168F.jpg,,,,2025-04-02T23:59:59.999999999+01:00,PROSPECTUS,15,3,,,
7226,3045320510577,750.0,Andros,"Puré sobremesa de maçã natural, 750 g",,2.84,3.79,0,kg,€/Kg,,,https://driveimg1.intermarche.com/pt/Content/images/boitmal/produit/zoom/2200B65227CA49E84076BCEA6BED8B29.jpg,,,,2025-03-26T23:59:59.999999999Z,PROSPECTUS,15,3,,,
8068,5011417544679,400.0,Finish,Abrilhantador p/ máquina de lavar loiça,Garrafa de 400 ml,3.99,9.98,400,L,€/L,,,https://driveimg1.intermarche.com/pt/Content/images/boitmal/produit/zoom/5D045CC65EE222532216DB5B0BF2A582.jpg,,,,2025-04-02T23:59:59.999999999+01:00,PROSPECTUS,15,3,,,
8391,5601049159992,1000.0,Mimosa,"Leite especial cálcio + vitamina d magro, de 1l",,0.98,0.98,1000,L,€/L,,,https://driveimg1.intermarche.com/pt/Content/images/boitmal/produit/zoom/22E6964D6A2F2B922BCB40BB341AE902.jpg,,,,2025-03-26T23:59:59.999999999Z,PROSPECTUS,15,3,,,
8413,8410500008932,600.0,Danone,"Actimel iogurte líquido de morango, de 6 x 100g",,2.89,4.82,0,kg,€/Kg,,,https://driveimg1.intermarche.com/pt/Content/images/boitmal/produit/zoom/F5F985DE2C1FEBCCE4ED6002098F416C.jpg,,,,2025-03-26T23:59:59.999999999Z,PROSPECTUS,15,3,,,
8414,0000084105554,600.0,Danone,"Iogurte líquido natural, pack 6 x 100 g",,2.89,4.82,0,kg,€/Kg,,,https://driveimg1.intermarche.com/pt/Content/images/boitmal/produit/zoom/0D1F331132D6ABD29FDCEFD550221808.jpg,,,,2025-03-26T23:59:59.999999999Z,PROSPECTUS,15,3,,,
8434,5601050033731,620.0,Danone,"Iogurte activia líquido 0% lima/limão, embalagem de 4 x 155g",,1.99,3.21,0,kg,€/Kg,,,https://driveimg1.intermarche.com/pt/Content/images/boitmal/produit/zoom/B41EA750EA9360556362913E488E9E4D.jpg,,,,2025-03-26T23:59:59.999999999Z,PROSPECTUS,15,3,,,
853,5010394001526,180.0,Pedigree,"Snack para cão dentastix fresh medio, embalagem de 180 g",,2.55,14.17,0,kg,€/Kg,,,https://driveimg1.intermarche.com/pt/Content/images/boitmal/produit/zoom/2BC1FE695CF9F1162E9C68F520AD79E6.jpg,,,,2025-03-26T23:59:59.999999999Z,PROSPECTUS,15,3,,,
8752,5601217102065,1000.0,Finish,"Sal para máquina de lavar loiça, embalagem de 1 kg",,1.89,1.89,0,kg,€/Kg,,,https://driveimg1.intermarche.com/pt/Content/images/boitmal/produit/zoom/D8090F73E97416F92FF4C25B1B1ED407.jpg,,,,2025-04-02T23:59:59.999999999+01:00,PROSPECTUS,15,3,,,
8912,5601356013161,750.0,Porta da Ravessa,"Vinho doc alentejo branco, garrafa de 750 ml",,2.99,3.99,750,L,€/L,,,https://driveimg1.intermarche.com/pt/Content/images/boitmal/produit/zoom/B2B567FB002E24CD5B274D93F2B326E7.jpg,,,,2025-03-26T23:59:59.999999999Z,PROSPECTUS,15,3,,,
9292,5603722493812,250.0,Matinal,"Manteiga magra, embalagem de 250g",,2.39,9.56,0,kg,€/Kg,,,https://driveimg1.intermarche.com/pt/Content/images/boitmal/produit/zoom/AA91DFCE88DA98DA1BB05E606B3C1FF9.jpg,,,,2025-03-26T23:59:59.999999999Z,PROSPECTUS,15,3,,,
931,5601001228100,300.0,Nestum,Nestum flocos de cereais com mel,Embalagem de 300g,2.24,7.47,0,kg,€/Kg,,,https://driveimg1.intermarche.com/pt/Content/images/boitmal/produit/zoom/82B368094FF4C269D04DE75FB30D7775.jpg,,,,2025-03-26T23:59:59.999999999Z,PROSPECTUS,15,3,,,
9397,5604260326754,750.0,Selecção de Enófilos,Vinho frisante rosé,Garrafa de 750 ml,1.59,2.12,750,L,€/L,,,https://driveimg1.intermarche.com/pt/Content/images/boitmal/produit/zoom/4F12D408CC29FAD55874E3B87049ACF8.jpg,,,,2025-03-26T23:59:59.999999999Z,PROSPECTUS,15,3,,,
8998,5601511000616,400.0,Limiano,"Queijo em fatias, 400g",,3.74,9.35,0,kg,€/Kg,,,https://driveimg1.intermarche.com/pt/Content/images/boitmal/produit/zoom/B876EB9E5C4AFD1BCE528AB6B8F31622.jpg,,,,2025-03-26T23:59:59.999999999Z,PROSPECTUS,15,3,,,
13981,2696138000000,60.0,Pastelaria,Pastel de Nata,60 g,0.39,6.5,0,kg,€/Kg,,,https://driveimg1.intermarche.com/pt/Content/images/boitmal/produit/zoom/EA9B10BF07D95E268418206A452F7022.jpg,,,,2025-03-26T23:59:59.999999999Z,PROSPECTUS,15,3,,,
1120,5601066301718,500.0,Nacional,"Massa de espirais, embalagem de 500g",,0.89,1.78,0,kg,€/Kg,,,https://driveimg1.intermarche.com/pt/Content/images/boitmal/produit/zoom/B50E4B0B2C4856A819A2FF672D887104.jpg,,,,2025-03-26T23:59:59.999999999Z,PROSPECTUS,15,3,,,
42625,5604260309832,1000.0,PorSi,Farinha de trigo sem fermento t55,Embalagem de 1 kg,0.69,0.69,0,kg,€/Kg,,,https://driveimg1.intermarche.com/pt/Content/images/boitmal/produit/zoom/74FC7F0933607300D0949AC38277ECBA.jpg,,,,2025-03-26T23:59:59.999999999Z,PROSPECTUS,15,3,,,
13242,2893227000000,200.0,Peixaria,Robalo de Viveiro,de 200 a 600 g (aprox.),1.4,6.99,0,,€/Kg,,,https://driveimg1.intermarche.com/pt/Content/images/boitmal/produit/zoom/A78EB4330416D93C926049780B1174CB.jpg,,,,2025-03-26T23:59:59.999999999Z,PROSPECTUS,15,3,,,
1114,5601066300780,500.0,Nacional,"Massa de maçarrão riscado, embalagem de 500g",,0.89,1.78,0,kg,€/Kg,,,https://driveimg1.intermarche.com/pt/Content/images/boitmal/produit/zoom/6E823110DFCFAB922E5CE2EEC9376131.jpg,,,,2025-03-26T23:59:59.999999999Z,PROSPECTUS,15,3,,,
11641,5601180001020,1000.0,Vigor,Leite pasteurizado meio gordo,Garrafa de 1 l,0.98,0.98,1000,L,€/L,,,https://driveimg1.intermarche.com/pt/Content/images/boitmal/produit/zoom/C25BCB5001E1A92DAA543A65EC5B2802.jpg,,,,2025-03-26T23:59:59.999999999Z,PROSPECTUS,15,3,,,
18628,5601028002707,,Renova,Rolo de Cozinha Multi,4 Rolos,2.49,2.49,0,,€/Unidade,,,https://driveimg1.intermarche.com/pt/Content/images/boitmal/produit/zoom/A6A18C9DEB55952EA54214B88A2CC38D.jpg,,,,2025-04-02T23:59:59.999999999+01:00,PROSPECTUS,15,3,,,
22994,5609765000048,600.0,Brioxa,Madalenas de Laranja,12 Unidades - Embalagem de 500 g,1.79,2.98,0,kg,€/Kg,,,https://driveimg1.intermarche.com/pt/Content/images/boitmal/produit/zoom/B86F1C9777D22DCE1E454CE43EAF77F8.jpg,,,,2025-03-26T23:59:59.999999999Z,PROSPECTUS,15,3,,,
23276,5604260281299,175.0,PorSi,Salada Gourmet Programa Origens,Embalagem de 175g,1.29,7.37,0,kg,€/Kg,,,https://driveimg1.intermarche.com/pt/Content/images/boitmal/produit/zoom/4B8FE4793F676EB4D411F04A36543FE6.jpg,,,,2025-03-26T23:59:59.999999999Z,PROSPECTUS,15,3,,,
11640,5601180000993,1000.0,Vigor,"Leite pasteurizado gordo, de 1l",,1.08,1.08,1000,L,€/L,,,https://driveimg1.intermarche.com/pt/Content/images/boitmal/produit/zoom/12B86C68D7331166E668398B8E667665.jpg,,,,2025-03-26T23:59:59.999999999Z,PROSPECTUS,15,3,,,
12898,2893293000000,400.0,Programa Origens,Dourada,1 un= 400 grs (aprox.),3.6,8.99,0,,€/Kg,,,https://driveimg1.intermarche.com/pt/Content/images/boitmal/produit/zoom/1228D1EB55215F23AB492009B28E8268.jpg,,,,2025-03-26T23:59:59.999999999Z,PROSPECTUS,15,3,,,
7105,2894508000000,100.0,Primor,Bacon Extra,"Vendido ao peso, fatiado a partir de 100 gr",1.2,11.99,0,,€/Kg,,,https://driveimg1.intermarche.com/pt/Content/images/boitmal/produit/zoom/BE4896B3454C5EEBE0D9BE9663BD4C36.jpg,,,,2025-03-26T23:59:59.999999999Z,PROSPECTUS,15,3,,,
19414,5601028024716,,Renova,"Papel Higiénico Puríssimo 3 Folhas, embalagem c/ 12 rolos",,4.99,4.99,0,,€/Unidade,,,https://driveimg1.intermarche.com/pt/Content/images/boitmal/produit/zoom/6371FB49C9F37CFE36AA4E28DFBAAFF4.jpg,,,,2025-03-26T23:59:59.999999999Z,PROSPECTUS,15,3,,,
40592,5603722519420,480.0,Mimosa,"Iogurte fruta batida banana, laranja e bolacha, 4 x 120 g",,1.69,3.52,0,kg,€/Kg,,,https://driveimg1.intermarche.com/pt/Content/images/boitmal/produit/zoom/3DD4F4ED13036BE4F0A8D47DB404A192.jpg,,,,2025-03-26T23:59:59.999999999Z,PROSPECTUS,15,3,,,
13844,2891011000000,800.0,Novilho,Carne p/ Assar,Vendido ao peso a partir de 800 g,8.79,10.99,0,,€/Kg,,,https://driveimg1.intermarche.com/pt/Content/images/boitmal/produit/zoom/142925C351A68598D5F08763C55C20FE.jpg,,,,2025-03-26T23:59:59.999999999Z,PROSPECTUS,15,3,,,
20434,5601244500063,1000.0,Terra Nostra,"Leite de pastagem meio gordo, embalagem de 1litro",,0.91,0.91,1000,L,€/L,,,https://driveimg1.intermarche.com/pt/Content/images/boitmal/produit/zoom/2F15C65373BE6E3E66B7AB63273FD2E6.jpg,https://driveimg1.intermarche.com/pt/Content/images/boitmal/produit/zoom/E82125FE177156A16B33D08208F11D7F.jpg,,,2025-03-26T23:59:59.999999999Z,PROSPECTUS,15,3,,,
49359,5601146700066,6000.0,Sagres,"Cerveja com álcool, pack 24 x 0.25 l",,11.69,1.95,6000,L,€/L,,,https://driveimg1.intermarche.com/pt/Content/images/boitmal/produit/zoom/67C6D1253BB0D82F02E1633DF741EA25.jpg,https://driveimg1.intermarche.com/pt/Content/images/boitmal/produit/zoom/B2E3D57423A20C8E7B4C1173F1457C2E.jpg,,,2025-03-26T23:59:59.999999999Z,PROSPECTUS,15,3,,,
1849,5604260036660,500.0,PorSi,Corn flakes saco,Embalagem de 500g,1.75,3.5,0,kg,€/Kg,,,https://driveimg1.intermarche.com/pt/Content/images/boitmal/produit/zoom/ECC3F2C638AF83363C7CF198CF9FC836.jpg,,,,2025-03-26T23:59:59.999999999Z,PROSPECTUS,15,3,,,
2306,5604260271672,800.0,PorSi,Bacalhau posta média,Embalagem de 800g,6.49,8.11,0,kg,€/Kg,,Tipo de stockagem,https://driveimg1.intermarche.com/pt/Content/images/boitmal/produit/zoom/7BFB91B2030DFA8C523A88F3C016C8D9.jpg,,,,2025-03-26T23:59:59.999999999Z,PROSPECTUS,15,3,,,
40848,5604260296118,,PorSi,Sacos para lixo ultra resistentes 50 litros,15 unidades,1.95,1.95,0,,€/Unidade,,,https://driveimg1.intermarche.com/pt/Content/images/boitmal/produit/zoom/53339BC26922912810A74230DB210BFC.jpg,,,,2025-04-02T23:59:59.999999999+01:00,PROSPECTUS,15,3,,,
11755,5601511000623,400.0,Limiano,"Queijo fatias -50% de gordura, 400g",,3.79,9.48,0,kg,€/Kg,,,https://driveimg1.intermarche.com/pt/Content/images/boitmal/produit/zoom/1F49DD4803359F1338D0D32889490E90.jpg,,,,2025-03-26T23:59:59.999999999Z,PROSPECTUS,15,3,,,
49215,5604260322800,,PorSi,Detergente líquido máquina roupa sabão natural,40 doses,3.3,3.3,0,,€/Unidade,,,https://driveimg1.intermarche.com/pt/Content/images/boitmal/produit/zoom/1050941D8226F2FD6BB56637BBE1285A.jpg,,,,2025-04-02T23:59:59.999999999+01:00,PROSPECTUS,15,3,,,
1305,5601151862155,500.0,Compal,Polpa de tomate 500g,,1.19,2.38,0,kg,€/Kg,,,https://driveimg1.intermarche.com/pt/Content/images/boitmal/produit/zoom/D9FD9B4F4905971874C5E4127C57C62E.jpg,,,,2025-03-26T23:59:59.999999999Z,PROSPECTUS,15,3,,,
14708,5601244202332,250.0,Terra Nostra,"Manteiga com sal, embalagem de 250g",,2.19,8.76,0,kg,€/Kg,,,https://driveimg1.intermarche.com/pt/Content/images/boitmal/produit/zoom/65FCB78A5FF812302D26BA88AD727400.jpg,https://driveimg1.intermarche.com/pt/Content/images/boitmal/produit/zoom/9D76B5CC4F670644A71C1CF49788751C.jpg,,,2025-03-26T23:59:59.999999999Z,PROSPECTUS,15,3,,,
32158,4015400917328,480.0,Fairy,"Detergente Liquido da Loiça Limão, 480 ml",,2.54,5.29,480,L,€/L,,,https://driveimg1.intermarche.com/pt/Content/images/boitmal/produit/zoom/4E2BD689329F214554584573973F36ED.jpg,,,,2025-04-02T23:59:59.999999999+01:00,PROSPECTUS,15,3,,,
48209,5604260322787,1980.0,PorSi,"Detergente líquido máquina de roupa delicada, 66 doses",,2.79,1.41,1980,L,€/L,,,https://driveimg1.intermarche.com/pt/Content/images/boitmal/produit/zoom/D1552534B80C43B5DC20090AA96CB12B.jpg,,,,2025-04-02T23:59:59.999999999+01:00,PROSPECTUS,15,3,,,
12519,8712100417054,416.0,HellmannS,"Maionese, frasco, embalagem de 420g",,3.14,7.55,0,kg,€/Kg,,,https://driveimg1.intermarche.com/pt/Content/images/boitmal/produit/zoom/6AB870EF622544FC82599432CC32DE9B.jpg,https://driveimg1.intermarche.com/pt/Content/images/boitmal/produit/zoom/6731B805B2B4B445CCCFD0D614219E37.jpg,https://driveimg1.intermarche.com/pt/Content/images/boitmal/produit/zoom/6731B805B2B4B445CCCFD0D614219E37.jpg,https://driveimg1.intermarche.com/pt/Content/images/boitmal/produit/zoom/6731B805B2B4B445CCCFD0D614219E37.jpg,2025-03-26T23:59:59.999999999Z,PROSPECTUS,15,3,,,
46601,5604260316649,185.0,PorSi,Bolachas shortcake cacau,Embalagem de 185 g,1.19,6.43,0,kg,€/Kg,,,https://driveimg1.intermarche.com/pt/Content/images/boitmal/produit/zoom/6086A47CC217B67152043206F28BBA83.jpg,,,,2025-03-26T23:59:59.999999999Z,PROSPECTUS,15,3,,,
9250,5603089002214,200.0,Parmalat,"Nata uht para bater, embalagem de 200 ml",,0.91,4.55,200,L,€/L,,,https://driveimg1.intermarche.com/pt/Content/images/boitmal/produit/zoom/9A69EE65F8E834CFE40CA11D742ED343.jpg,,,,2025-03-26T23:59:59.999999999Z,PROSPECTUS,15,3,,,
30414,4015400917304,480.0,Fairy,Detergente Liquido Loiça Original,480 ml,2.54,5.29,480,L,€/L,,,https://driveimg1.intermarche.com/pt/Content/images/boitmal/produit/zoom/BDA62A6B9333A70897E09AEAD0B62BBF.jpg,,,,2025-04-02T23:59:59.999999999+01:00,PROSPECTUS,15,3,,,
44104,2696661000000,90.0,Padaria,Cacetinho de trigo integral,90 g,0.19,2.11,0,kg,€/Kg,,,https://driveimg1.intermarche.com/pt/Content/images/boitmal/produit/zoom/DC4B31D5116A1A43F4BD72090A42EAD2.jpg,,,,2025-03-26T23:59:59.999999999Z,PROSPECTUS,15,3,,,
1230,5601146232512,1500.0,Joi,"Refrigerante sem gás, maracujá e la, garrafa de 1,5 l",,1.29,0.86,1500,L,€/L,,,https://driveimg1.intermarche.com/pt/Content/images/boitmal/produit/zoom/430468AF369DBE1139E298A0EA69B620.jpg,,,,2025-03-26T23:59:59.999999999Z,PROSPECTUS,15,3,,,
15687,5000116109234,700.0,Iglo,"Ervilhas, embalagem de 700g",,3.98,5.69,0,kg,€/Kg,,Tipo de stockagem,https://driveimg1.intermarche.com/pt/Content/images/boitmal/produit/zoom/AC9F197DD289CE6E6A9903FC824FDD75.jpg,,,,2025-03-26T23:59:59.999999999Z,PROSPECTUS,15,3,,,
24415,8410436299961,1300.0,Sonasol,"Lava tudo lavanda, 1,3l",,2.09,1.61,1300,L,€/L,,,https://driveimg1.intermarche.com/pt/Content/images/boitmal/produit/zoom/7357FEB6EC6D53B795AF0EA5889F5ADF.jpg,,,,2025-04-02T23:59:59.999999999+01:00,PROSPECTUS,15,3,,,
44701,5053990156009,175.0,Pringles,"Snacks batata original, embalagem de 175g",,2.39,13.66,0,kg,€/Kg,,,https://driveimg1.intermarche.com/pt/Content/images/boitmal/produit/zoom/BE87AADF1BA674A5818FDF008937F90A.jpg,https://driveimg1.intermarche.com/pt/Content/images/boitmal/produit/zoom/843E1395B62C4B40E91467CF90852642.jpg,https://driveimg1.intermarche.com/pt/Content/images/boitmal/produit/zoom/843E1395B62C4B40E91467CF90852642.jpg,https://driveimg1.intermarche.com/pt/Content/images/boitmal/produit/zoom/843E1395B62C4B40E91467CF90852642.jpg,2025-03-26T23:59:59.999999999Z,PROSPECTUS,15,3,,,
882,5410041001204,100.0,Tuc,"Bolachas aperitivas, simples, embalagem de 100g",,1.39,13.9,0,kg,€/Kg,,,https://driveimg1.intermarche.com/pt/Content/images/boitmal/produit/zoom/DB0E5412E4B7AABA821CD2AF0DA3E461.jpg,,,,2025-03-26T23:59:59.999999999Z,PROSPECTUS,15,3,,,
1310,5601151979969,140.0,Compal,"Compal da horta concentrado tomate, embalagem de 140g",,0.99,7.07,0,kg,€/Kg,,,https://driveimg1.intermarche.com/pt/Content/images/boitmal/produit/zoom/AFB213C2AE47899B42B45E2988A779B7.jpg,,,,2025-03-26T23:59:59.999999999Z,PROSPECTUS,15,3,,,
20101,5601010131231,120.0,Ramirez,"Atum em azeite, embalagem de 120g",,1.54,12.83,0,kg,€/Kg,,,https://driveimg1.intermarche.com/pt/Content/images/boitmal/produit/zoom/4E16DC667779622705519F8CE1EA40F5.jpg,,,,2025-03-26T23:59:59.999999999Z,PROSPECTUS,15,4,,,
5927,5604260256914,2000.0,PorSi,"Lava Tudo Perfumado Herbal, embalagem de 2 l",,0.99,0.5,2000,L,€/L,,,https://driveimg1.intermarche.com/pt/Content/images/boitmal/produit/zoom/D0BC6E0F8FB6EE1D6C3B7DBC82D3AD1E.jpg,,,,2025-04-02T23:59:59.999999999+01:00,PROSPECTUS,15,4,,,
24369,5601050033045,620.0,Danone,"Iogurte líquido morango / kiwi corpos danone, embalagem de 4 x 155g",,1.89,3.05,0,kg,€/Kg,,,https://driveimg1.intermarche.com/pt/Content/images/boitmal/produit/zoom/4DF8E752E36F802BC82CCB72970E5D9F.jpg,,,,2025-03-26T23:59:59.999999999Z,PROSPECTUS,15,4,,,
43027,5604260309948,2000.0,PorSi,"Amaciador concentrado para roupa aloé vera, 80 doses",,1.85,0.93,2000,L,€/L,,,https://driveimg1.intermarche.com/pt/Content/images/boitmal/produit/zoom/74EDE38428346064C0CAB7C74708459C.jpg,https://driveimg1.intermarche.com/pt/Content/images/boitmal/produit/zoom/8F5D9E9881CF7344832E8C38BDD4AAAF.jpg,https://driveimg1.intermarche.com/pt/Content/images/boitmal/produit/zoom/8F5D9E9881CF7344832E8C38BDD4AAAF.jpg,,2025-04-02T23:59:59.999999999+01:00,PROSPECTUS,15,4,,,
43544,5604260309979,2000.0,PorSi,"Amaciador concentrado para roupa pétalas de rosa, 80 doses",,1.85,0.93,2000,L,€/L,,,https://driveimg1.intermarche.com/pt/Content/images/boitmal/produit/zoom/5694AB32A5EFD974E4C8265F593E7D4C.jpg,,,,2025-04-02T23:59:59.999999999+01:00,PROSPECTUS,15,4,,,
13585,2893580000000,250.0,Marisco,Gambão Congelado 20/30,Vendido a partir de 250 (aprox.),2.5,9.99,0,,€/Kg,,Avantages !,https://driveimg1.intermarche.com/pt/Content/images/boitmal/produit/zoom/8045A02528560B0A77B8815B2FADD1B4.jpg,,,,2025-03-26T23:59:59.999999999Z,PROSPECTUS,15,4,,,
46302,5604260315079,500.0,PorSi,Legumes preparados para sopa portuguesa,500 g,1.79,3.58,0,kg,€/Kg,,,https://driveimg1.intermarche.com/pt/Content/images/boitmal/produit/zoom/1A36BC451DEA5EEDBB93050B8108C46F.jpg,,,,2025-03-26T23:59:59.999999999Z,PROSPECTUS,15,4,,,
5952,5604260266975,750.0,PorSi,Creme abrasivo de limão,Embalagem de 750 ml,1.19,1.59,750,L,€/L,,,https://driveimg1.intermarche.com/pt/Content/images/boitmal/produit/zoom/7CC9BEECF39A3B46832B54494A33E2E3.jpg,,,,2025-04-02T23:59:59.999999999+01:00,PROSPECTUS,15,4,,,
1228,5601146230518,1500.0,Joi,"Refrigerante sem gás, laranja, garrafa de 1,5 l",,1.29,0.86,1500,L,€/L,,,https://driveimg1.intermarche.com/pt/Content/images/boitmal/produit/zoom/9CFD5D319CF23E8EEE61B6DFE693387D.jpg,,,,2025-03-26T23:59:59.999999999Z,PROSPECTUS,15,4,,,
16607,8712561521529,700.0,Cif,"Creme abrasivo original, de 700 ml",,2.69,3.84,700,L,€/L,,,https://driveimg1.intermarche.com/pt/Content/images/boitmal/produit/zoom/30CCCA0B503F489882A8FCB31275E9C6.jpg,,,,2025-04-02T23:59:59.999999999+01:00,PROSPECTUS,15,4,,,
24370,5601050033052,620.0,Danone,"Iogurte líquido morango / framboesa corpos danone, embalagem de 4 x 155g",,1.89,3.05,0,kg,€/Kg,,,https://driveimg1.intermarche.com/pt/Content/images/boitmal/produit/zoom/B53E7B84291132B08A3B77128B6BF1A5.jpg,,,,2025-03-26T23:59:59.999999999Z,PROSPECTUS,15,4,,,
40743,5604260303236,2500.0,PorSi,Batata pré-frita palitos finos,Embalagem de 2.5 kg,4.86,1.94,0,kg,€/Kg,,Tipo de stockagem,https://driveimg1.intermarche.com/pt/Content/images/boitmal/produit/zoom/8C1F058D1E72F760AB403A89545663F3.jpg,,,,2025-03-26T23:59:59.999999999Z,PROSPECTUS,15,4,,,
45709,5604260315543,400.0,PorSi,Comida húmida gato almondegas com aves,Embalagem de 400g,0.89,2.23,0,kg,€/Kg,,,https://driveimg1.intermarche.com/pt/Content/images/boitmal/produit/zoom/013746A7C670F854414E2EA5DF08FD00.jpg,,,,2025-03-26T23:59:59.999999999Z,PROSPECTUS,15,4,,,
48367,5604260321759,,PorSi,"Sacos lixo eco 100 litros, 10 unidades",,1.15,1.15,0,,€/Unidade,,,https://driveimg1.intermarche.com/pt/Content/images/boitmal/produit/zoom/29B4EA700A8ED894B54595309D3C2709.jpg,,,,2025-04-02T23:59:59.999999999+01:00,PROSPECTUS,15,4,,,
5985,5604422145209,1000.0,Macieira,"Brandy, garrafa de 1l",,15.49,15.49,1000,L,€/L,,,https://driveimg1.intermarche.com/pt/Content/images/boitmal/produit/zoom/37C436F862C365D2BAC7E678CC3E6C1F.jpg,,,,2025-03-26T23:59:59.999999999Z,PROSPECTUS,15,4,,,
6278,8410001103877,,Scotch Brite,"Esfregão com Esponja Salva Unhas Fibra Verde Gama Classic, 2 unidades",,1.49,1.49,0,,€/Unidade,,,https://driveimg1.intermarche.com/pt/Content/images/boitmal/produit/zoom/8B050954A17B3AEE53D05423C2DB9B5C.jpg,,,,2025-04-02T23:59:59.999999999+01:00,PROSPECTUS,15,4,,,
14230,5601089080829,113.0,Royal,"Fermento em pó, lata 110g",,1.69,14.96,0,kg,€/Kg,,,https://driveimg1.intermarche.com/pt/Content/images/boitmal/produit/zoom/24CF6B830E9333635B517F9E014F6916.jpg,,,,2025-03-26T23:59:59.999999999Z,PROSPECTUS,15,4,,,
15879,5601164902282,3000.0,Super Bock,"Cerveja com álcool mini, pack 15 x 0.20 l",,6.99,2.33,3000,L,€/L,,,https://driveimg1.intermarche.com/pt/Content/images/boitmal/produit/zoom/F51CB7668EA2A2D5B4B811ABB528133B.jpg,,,,2025-03-26T23:59:59.999999999Z,PROSPECTUS,15,4,,,
26455,8006540830840,1250.0,Fairy,Detergente Líquido p/ Lavar Loiça Platinum Original,"Embalagem de 1,25 l",4.99,3.99,1250,L,€/L,,,https://driveimg1.intermarche.com/pt/Content/images/boitmal/produit/zoom/F9FB16396CA6333A721D98D1F2F69B67.jpg,,,,2025-04-02T23:59:59.999999999+01:00,PROSPECTUS,15,4,,,
40347,8410076471604,350.0,Old El Paso,"6 tortilhas de trigo wrap, embalagem de 350g",,2.69,7.69,0,kg,€/Kg,,,https://driveimg1.intermarche.com/pt/Content/images/boitmal/produit/zoom/1EB2056E778DEB67B0CA58563B07CF9B.jpg,,,,2025-03-26T23:59:59.999999999Z,PROSPECTUS,15,4,,,
47004,5604260319237,1500.0,PorSi,"Iogurte tipo grego natural,  12 x 125 g",,4.29,2.86,0,kg,€/Kg,,,https://driveimg1.intermarche.com/pt/Content/images/boitmal/produit/zoom/6E0AFE6E9DD1C82BA35308A7C2D6B6B4.jpg,,,,2025-03-26T23:59:59.999999999Z,PROSPECTUS,15,4,,,
7324,3228020390131,250.0,President,"Manteiga magra meio sal, embalagem de 250g",,2.59,10.36,0,kg,€/Kg,,,https://driveimg1.intermarche.com/pt/Content/images/boitmal/produit/zoom/331DC0C2868698A1CF61BBA910E6E1D6.jpg,,,,2025-03-26T23:59:59.999999999Z,PROSPECTUS,15,4,,,
15979,5601119242364,650.0,Nobre,"Salsichas de aves extra suculentas, frasco de 650g",,2.09,3.22,0,kg,€/Kg,,,https://driveimg1.intermarche.com/pt/Content/images/boitmal/produit/zoom/F9B3EEFB29AFDD46B059DC76A73501AE.jpg,,,,2025-03-26T23:59:59.999999999Z,PROSPECTUS,15,4,,,
16492,8718951037847,500.0,Ajax,"Limpa vidros pistola, tripla acção, embalagem de 500 ml",,1.97,3.94,500,L,€/L,,,https://driveimg1.intermarche.com/pt/Content/images/boitmal/produit/zoom/835152AD536CA633AE488A10E244161F.jpg,,,,2025-04-02T23:59:59.999999999+01:00,PROSPECTUS,15,4,,,
24368,5601050033021,620.0,Danone,"Iogurte líquido corpos danone, embalagem de 4 x 155g",,1.89,3.05,0,kg,€/Kg,,,https://driveimg1.intermarche.com/pt/Content/images/boitmal/produit/zoom/6EEC58F892743EDA98060B1AE2CB4E38.jpg,,,,2025-03-26T23:59:59.999999999Z,PROSPECTUS,15,4,,,
46128,3083681137811,450.0,Bonduelle,"Milho sem resíduos de pesticidas, embalagem de 450g",,2.59,5.76,0,kg,€/Kg,,,https://driveimg1.intermarche.com/pt/Content/images/boitmal/produit/zoom/EC051C59563F4690C90E354F78286A70.jpg,,,,2025-03-26T23:59:59.999999999Z,PROSPECTUS,15,4,,,
49964,8719200238176,225.0,Becel,"Creme de barrar, embalagem de 225g",,1.99,8.84,0,kg,€/Kg,,,https://driveimg1.intermarche.com/pt/Content/images/boitmal/produit/zoom/02C3B8CB4BF40DA381639A6BD63AEBA6.jpg,,,,2025-03-26T23:59:59.999999999Z,PROSPECTUS,15,4,,,
8399,5601050033809,620.0,Danone,"Iogurte activia líquido morango, embalagem de 4 x 155 g",,1.99,3.21,0,kg,€/Kg,,,https://driveimg1.intermarche.com/pt/Content/images/boitmal/produit/zoom/D308B1FB4C89B3E5388CD017CB0E1529.jpg,,,,2025-03-26T23:59:59.999999999Z,PROSPECTUS,15,4,,,
15921,2696132000000,650.0,Pastelaria,Tarte de Flan,embalagem com 650g,3.99,6.14,0,kg,€/Kg,,,https://driveimg1.intermarche.com/pt/Content/images/boitmal/produit/zoom/27A5BDE3187D3D3C51C647BB82D32136.jpg,,,,2025-03-26T23:59:59.999999999Z,PROSPECTUS,15,4,,,
36945,8719200009899,500.0,Vaqueiro,"Margarina líquida, embalagem de 500 ml",,2.49,4.98,500,L,€/L,,,https://driveimg1.intermarche.com/pt/Content/images/boitmal/produit/zoom/03FECF6E7878193CA48B473E5C2E3939.jpg,,,,2025-03-26T23:59:59.999999999Z,PROSPECTUS,15,4,,,
37603,5601244700005,250.0,Terra Nostra,"Manteiga sem sal terra nostra, embalagem de 250g",,2.19,8.76,0,kg,€/Kg,,,https://driveimg1.intermarche.com/pt/Content/images/boitmal/produit/zoom/825AD5ABA4663129CA24B0F2114DECAD.jpg,,,,2025-03-26T23:59:59.999999999Z,PROSPECTUS,15,4,,,
41226,5601050036572,440.0,Danone,"Oikos morango, embalagem de 4 x 110g",,1.99,4.52,0,kg,€/Kg,,,https://driveimg1.intermarche.com/pt/Content/images/boitmal/produit/zoom/2653493E2B1190B7D8AE6B95BAB9D958.jpg,,,,2025-03-26T23:59:59.999999999Z,PROSPECTUS,15,4,,,
5095,5601050026405,300.0,Danone,"Queijinho dadoninho petitdino de morango, embalagem de 6 x 50g",,1.99,6.63,0,kg,€/Kg,,,https://driveimg1.intermarche.com/pt/Content/images/boitmal/produit/zoom/285FD05A8135D405134AF6FB325A781F.jpg,,,,2025-03-26T23:59:59.999999999Z,PROSPECTUS,15,4,,,
5438,5601314222222,1980.0,Vitalis,"Água mineral sem gás, pack 6 x 0.33 l",,1.39,0.7,1980,L,€/L,,,https://driveimg1.intermarche.com/pt/Content/images/boitmal/produit/zoom/33D50EDEE051731540B4213BFFB43642.jpg,,,,2025-03-26T23:59:59.999999999Z,PROSPECTUS,15,4,,,
9079,5601883000719,200.0,Nova Açores,"Queijo flamengo, fatias, embalagem de 200g",,2.15,10.75,0,kg,€/Kg,,,https://driveimg1.intermarche.com/pt/Content/images/boitmal/produit/zoom/52AF50A3353B95E784996AD8533A093F.jpg,,,,2025-03-26T23:59:59.999999999Z,PROSPECTUS,15,4,,,
15398,5604260278039,1500.0,PorSi,Amaciador  p/ roupa concentrado Aromaterapia,Embalagem com 60 doses,2.39,1.59,1500,L,€/L,,,https://driveimg1.intermarche.com/pt/Content/images/boitmal/produit/zoom/A34CA50BD5140F3567823C4B325B98EF.jpg,,,,2025-04-02T23:59:59.999999999+01:00,PROSPECTUS,15,4,,,
22953,8411660670236,750.0,Sanytol,Desinfetante Multiusos,Embalagem de 750 ml,2.49,3.32,750,L,€/L,,,https://driveimg1.intermarche.com/pt/Content/images/boitmal/produit/zoom/1EEAA97664C33C6BEBEA4FA4B7290F03.jpg,,,,2025-04-02T23:59:59.999999999+01:00,PROSPECTUS,15,4,,,
2740,8410063016627,400.0,Pescanova,"4 filetes de pescada panados com limão, embalagem de 400g",,4.99,12.48,0,kg,€/Kg,,Tipo de stockagem,https://driveimg1.intermarche.com/pt/Content/images/boitmal/produit/zoom/793D04BEFB15F5DF82BA7896A4F9F018.jpg,,,,2025-03-26T23:59:59.999999999Z,PROSPECTUS,15,4,,,
28640,5054563030948,75.0,Aquafresh,Dentífrico Tripla Proteção,Embalagem de 75 ml,2.49,33.2,75,L,€/L,,,https://driveimg1.intermarche.com/pt/Content/images/boitmal/produit/zoom/3F822B9D22CAC67DC8DBD8698E3FBBBD.jpg,,,,2025-03-26T23:59:59.999999999Z,PROSPECTUS,15,4,,,
40494,5604260296132,,PorSi,"Sacos do lixo jardim 130 litros, 10 sacos",,3.05,3.05,0,,€/Unidade,,,https://driveimg1.intermarche.com/pt/Content/images/boitmal/produit/zoom/B6FAA02494C4B630F7C51B00EF7AD9DD.jpg,,,,2025-04-02T23:59:59.999999999+01:00,PROSPECTUS,15,4,,,
419,8718114882536,50.0,Knorr,"Sopa de cebola, embalagem de 50g",,1.6,32.0,0,kg,€/Kg,,,https://driveimg1.intermarche.com/pt/Content/images/boitmal/produit/zoom/40DE8A4B0CCB6E254052E81CFB00180A.jpg,,,,2025-03-26T23:59:59.999999999Z,PROSPECTUS,15,4,,,
52377,8720181385131,,Skip,Detergente Máquina Roupa Líquido Sabão Natural,100 Doses,11.99,11.99,0,,€/Unidade,,,https://driveimg1.intermarche.com/pt/Content/images/boitmal/produit/zoom/B7482844827C04E8BE654EF9B7B49DD3.jpg,,,,2025-04-02T23:59:59.999999999+01:00,PROSPECTUS,15,4,,,
13602,2893597000000,500.0,Peixaria,Pescada Média Argentina Congelada,+ de 500 g,2.35,4.69,0,,€/Kg,,Avantages !,https://driveimg1.intermarche.com/pt/Content/images/boitmal/produit/zoom/0D3A6A42D4C22CDA932A00A286926BF6.jpg,,,,2025-03-26T23:59:59.999999999Z,PROSPECTUS,15,4,,,
22395,8712100745614,412.0,HellmannS,"Mionese top down, embalagem de 410g",,3.14,7.62,0,kg,€/Kg,,,https://driveimg1.intermarche.com/pt/Content/images/boitmal/produit/zoom/69FC39D7436E837B71E260D76DC0DC69.jpg,https://driveimg1.intermarche.com/pt/Content/images/boitmal/produit/zoom/8441A970BF19CB238C08CCCD9712CAB2.jpg,https://driveimg1.intermarche.com/pt/Content/images/boitmal/produit/zoom/8441A970BF19CB238C08CCCD9712CAB2.jpg,https://driveimg1.intermarche.com/pt/Content/images/boitmal/produit/zoom/8441A970BF19CB238C08CCCD9712CAB2.jpg,2025-03-26T23:59:59.999999999Z,PROSPECTUS,15,4,,,
24413,8410436297783,1300.0,Sonasol,"Lava tudo PH neutro, embalagem de 1,3l",,2.09,1.61,1300,L,€/L,,,https://driveimg1.intermarche.com/pt/Content/images/boitmal/produit/zoom/40B27BFEEAC61B53B8E103581B41FECE.jpg,,,,2025-04-02T23:59:59.999999999+01:00,PROSPECTUS,15,4,,,
24414,8410436297691,1300.0,Sonasol,"Lava tudo camomila e flor de laranjeira, 1,3l",,2.09,1.61,1300,L,€/L,,,https://driveimg1.intermarche.com/pt/Content/images/boitmal/produit/zoom/C67C521AD0B096D9F596A17B56363CA4.jpg,,,,2025-04-02T23:59:59.999999999+01:00,PROSPECTUS,15,4,,,
29356,8718951202856,500.0,Palmolive,"Gel de banho natural leite e mel, 500 ml",,2.69,5.38,500,L,€/L,,,https://driveimg1.intermarche.com/pt/Content/images/boitmal/produit/zoom/6CB5E843C7A08E2ECE1293E08A53478D.jpg,,,,2025-03-26T23:59:59.999999999Z,PROSPECTUS,15,4,,,
32306,8718951202979,500.0,Palmolive,"Gel de banho naturals amêndoa e leite, 500 ml",,2.69,5.38,500,L,€/L,,,https://driveimg1.intermarche.com/pt/Content/images/boitmal/produit/zoom/F33F92F4F53A6A0ED534C67B846C0ABA.jpg,,,,2025-03-26T23:59:59.999999999Z,PROSPECTUS,15,4,,,
35462,8410500023652,300.0,Yopro,"Iogurte liquido proteína yopro morango/framboesa, 300g",,1.99,6.63,0,kg,€/Kg,,,https://driveimg1.intermarche.com/pt/Content/images/boitmal/produit/zoom/0355698CE2ECE716D8F24A21D83D0BA6.jpg,,,,2025-03-26T23:59:59.999999999Z,PROSPECTUS,15,4,,,
45697,5604260313426,,PorSi,Toalhitas proteção cores,Embalagem de 20 unidades,1.59,1.59,20,,€/Unidade,,,https://driveimg1.intermarche.com/pt/Content/images/boitmal/produit/zoom/7C3CC46A810762A8607DC19A2E089978.jpg,,,,2025-04-02T23:59:59.999999999+01:00,PROSPECTUS,15,4,,,
46320,2696060000000,90.0,Panpor,Bolo do caco,1 un = 100 g,0.58,6.44,0,kg,€/Kg,,,https://driveimg1.intermarche.com/pt/Content/images/boitmal/produit/zoom/5CAEE66A1BD87C7D211ABC11B926FDAE.jpg,,,,2025-03-26T23:59:59.999999999Z,PROSPECTUS,15,4,,,
49990,5603722520785,180.0,Matinal,"Queijo fresco cottage magro, 180g",,1.69,9.39,0,kg,€/Kg,,,https://driveimg1.intermarche.com/pt/Content/images/boitmal/produit/zoom/677495AD158EEB0AAFC85AB2D4806010.jpg,,,,2025-03-26T23:59:59.999999999Z,PROSPECTUS,15,4,,,
52600,5601217137951,1710.0,Quanto,"Amaciador roupa concentrado ouro e orquídea branca, 95 doses",,3.99,2.33,1710,L,€/L,,,https://driveimg1.intermarche.com/pt/Content/images/boitmal/produit/zoom/D5BBE20226E42754DBBAD723FC764C65.jpg,,,,2025-04-02T23:59:59.999999999+01:00,PROSPECTUS,15,4,,,
53215,7613287300423,,Nescafé,"Café cápsulas dolce gusto buondi, 48 unidades",,13.99,13.99,48,,€/Unidade,,,https://driveimg1.intermarche.com/pt/Content/images/boitmal/produit/zoom/73F032AF2523A2ECCDF55C3F8DC080E7.jpg,https://driveimg1.intermarche.com/pt/Content/images/boitmal/produit/zoom/8D8B92EE92A77C536C79B5FADFE86C51.jpg,https://driveimg1.intermarche.com/pt/Content/images/boitmal/produit/zoom/8D8B92EE92A77C536C79B5FADFE86C51.jpg,,2025-03-26T23:59:59.999999999Z,PROSPECTUS,15,4,,,
30477,3083681070187,225.0,Bonduelle,"Milho doce, embalagem 3 x 75g",,1.78,7.91,0,kg,€/Kg,,,https://driveimg1.intermarche.com/pt/Content/images/boitmal/produit/zoom/21305BEE4D64377736F1C50D030AC0E3.jpg,,,,2025-03-26T23:59:59.999999999Z,PROSPECTUS,15,4,,,
35544,7622210420244,160.0,Prince,"Bolachas mini prince recheadas com chocolate, embalagem de 160g",,1.84,11.5,0,kg,€/Kg,,,https://driveimg1.intermarche.com/pt/Content/images/boitmal/produit/zoom/61F2634B3866278C0DEB463B7CD623C7.jpg,,,,2025-03-26T23:59:59.999999999Z,PROSPECTUS,15,4,,,
