identifier,produitEan13,capacite,marque,libelle,conditionnement,prix,unitPrice,volume,typeProduit_uniteByCode,unit_value,pictogrammes_0,pictogrammes_libelleCategorie,images_0,images_1,images_2,images_3,images_4,avantages_dateFin,avantages_categorie,nro_paginas,page,images_5,images_6,images_7
251,2696001000000,400.0,Padaria,Baguete,400 g,0.79,1.98,0,kg,€/Kg,,,https://driveimg1.intermarche.com/pt/Content/images/boitmal/produit/zoom/42C2E126B9E5B84C243F0668DEC3869F.jpg,,,,,2025-12-31T23:59:59Z,PROSPECTUS,14,1,,,
300,0011210000889,60.0,Tabasco,Molho picante,Garrafa de 60 ml,2.37,39.5,60,L,€/L,,,https://driveimg1.intermarche.com/pt/Content/images/boitmal/produit/zoom/513E7907BD2D93422664E790FE0A1850.jpg,,,,,2025-12-31T23:59:59Z,PROSPECTUS,14,1,,,
319,8414100301141,1000.0,Schweppes,"Água Tónica, emb. 1 lt",Embalagem de 1 l,1.65,1.65,1000,L,€/L,,,https://driveimg1.intermarche.com/pt/Content/images/boitmal/produit/zoom/2AAFBB7AE67B2030674C90B3750F7A2E.jpg,,,,,2025-12-31T23:59:59Z,PROSPECTUS,14,1,,,
388,8712566156115,71.0,Knorr,"Sopa de rabo de boi, 70g",,1.6,22.54,0,kg,€/Kg,,,https://driveimg1.intermarche.com/pt/Content/images/boitmal/produit/zoom/3A7D2F019E799AC69E8329E3FE5B92BA.jpg,,,,,2025-12-31T23:59:59Z,PROSPECTUS,14,1,,,
392,8712566173860,68.0,Knorr,"Canja com aletria, embalagem de 70g",,1.6,23.53,0,kg,€/Kg,,,https://driveimg1.intermarche.com/pt/Content/images/boitmal/produit/zoom/0FDE190C3180267DE92D355FE905E718.jpg,,,,,2025-12-31T23:59:59Z,PROSPECTUS,14,1,,,
393,8712566173945,72.0,Knorr,"Creme marisco, embalagem de 70g",,1.6,22.22,0,kg,€/Kg,,,https://driveimg1.intermarche.com/pt/Content/images/boitmal/produit/zoom/42380F997942E9C34D4500FD929708AF.jpg,,,,,2025-12-31T23:59:59Z,PROSPECTUS,14,1,,,
419,8718114882536,50.0,Knorr,"Sopa de cebola, embalagem de 50g",,1.6,32.0,0,kg,€/Kg,,,https://driveimg1.intermarche.com/pt/Content/images/boitmal/produit/zoom/40DE8A4B0CCB6E254052E81CFB00180A.jpg,,,,,2025-12-31T23:59:59Z,PROSPECTUS,14,1,,,
452,8888056603862,85.0,Koka,"Massa Instantânea com Sabor a Galinha, emb. 85 gr",,0.69,8.12,0,kg,€/Kg,,,https://driveimg1.intermarche.com/pt/Content/images/boitmal/produit/zoom/B2968A264D894B9BD28BB6D7AD2B2C1C.jpg,,,,,2025-12-31T23:59:59Z,PROSPECTUS,14,1,,,
453,8888056604012,85.0,Koka,"Massa instantânea com cogumelos, embalagem de 90g",,0.69,8.12,0,kg,€/Kg,,,https://driveimg1.intermarche.com/pt/Content/images/boitmal/produit/zoom/743F0CEC755705C1667F17EADAF83C5D.jpg,,,,,2025-12-31T23:59:59Z,PROSPECTUS,14,1,,,
454,8888056604067,85.0,Koka,"Massa instantânea com sabor a camarão, embalagem de 90g",,0.69,8.12,0,kg,€/Kg,,,https://driveimg1.intermarche.com/pt/Content/images/boitmal/produit/zoom/D2FB050AC0A3AFD73E7D3F6CF3CD2DF9.jpg,,,,,2025-12-31T23:59:59Z,PROSPECTUS,14,1,,,
456,8888056708512,85.0,Koka,"Massa instantânea com sabor a legumes, embalagem de 90g",,0.69,8.12,0,kg,€/Kg,,,https://driveimg1.intermarche.com/pt/Content/images/boitmal/produit/zoom/4C22B5364F1705230B67942E7DCF19B7.jpg,,,,,2025-12-31T23:59:59Z,PROSPECTUS,14,1,,,
457,8888056708604,85.0,Koka,"Massa instantânea com sabor a tomat, embalagem de 90g",,0.69,8.12,0,kg,€/Kg,,,https://driveimg1.intermarche.com/pt/Content/images/boitmal/produit/zoom/AD98A53E030FCB903604F246B7338CDE.jpg,,,,,2025-12-31T23:59:59Z,PROSPECTUS,14,1,,,
458,9002490100070,250.0,Red Bull,"Bebida Energética Gaseificada, emb. 25 cl",,1.25,5.0,250,L,€/L,,,https://driveimg1.intermarche.com/pt/Content/images/boitmal/produit/zoom/8631D987E25B7C3D3C8241754439F0B7.jpg,,,,,2025-12-31T23:59:59Z,PROSPECTUS,14,1,,,
485,3036810201280,215.0,Maille,"Mostarda dijon, embalagem de 220g",,3.19,14.84,0,kg,€/Kg,,,https://driveimg1.intermarche.com/pt/Content/images/boitmal/produit/zoom/62618DF63BD11F55FFEE9176972D4CEF.jpg,https://driveimg1.intermarche.com/pt/Content/images/boitmal/produit/zoom/1ABADBA923A5257BF5D8A92B53110481.jpg,https://driveimg1.intermarche.com/pt/Content/images/boitmal/produit/zoom/1ABADBA923A5257BF5D8A92B53110481.jpg,https://driveimg1.intermarche.com/pt/Content/images/boitmal/produit/zoom/1ABADBA923A5257BF5D8A92B53110481.jpg,,2025-12-31T23:59:59Z,PROSPECTUS,14,1,,,
486,3036810207589,210.0,Maille,"Mostarda ancienne, embalagem de 210g",,3.19,15.19,0,kg,€/Kg,,,https://driveimg1.intermarche.com/pt/Content/images/boitmal/produit/zoom/21321CE8B270938C70FEB95F0D4FC3D1.jpg,https://driveimg1.intermarche.com/pt/Content/images/boitmal/produit/zoom/284EA0283DB9A2BF80F56C4DF343C743.jpg,https://driveimg1.intermarche.com/pt/Content/images/boitmal/produit/zoom/284EA0283DB9A2BF80F56C4DF343C743.jpg,https://driveimg1.intermarche.com/pt/Content/images/boitmal/produit/zoom/284EA0283DB9A2BF80F56C4DF343C743.jpg,,2025-12-31T23:59:59Z,PROSPECTUS,14,1,,,
511,3046920028363,100.0,Lindt,"Tablete de chocolate excellence, 85% cacau, embalagem de 100g",,3.74,37.4,0,kg,€/Kg,,,https://driveimg1.intermarche.com/pt/Content/images/boitmal/produit/zoom/05B4E950A6290D86B9B96B210C726A38.jpg,,,,,2025-12-31T23:59:59Z,PROSPECTUS,14,1,,,
556,3250390002123,500.0,Bouton D'or,Amendoins Torrados com Sal 500g,Embalagem de 500g,1.98,3.96,0,kg,€/Kg,,,https://driveimg1.intermarche.com/pt/Content/images/boitmal/produit/zoom/FC406929CE751CEA74B5FF68BDA2240A.jpg,,,,,2025-12-31T23:59:59Z,PROSPECTUS,14,1,,,
616,3250390114673,360.0,Bouton D´or,Pepinos Extra Finos 680g,Embalagem de 380 g,2.59,7.19,0,kg,€/Kg,,,https://driveimg1.intermarche.com/pt/Content/images/boitmal/produit/zoom/131D236F1C36D4400362C1A6459D9792.jpg,,,,,2025-12-31T23:59:59Z,PROSPECTUS,14,1,,,
638,3250390207481,150.0,Bouton D'or,Pistácios Torrados Salgados 150g,Embalagem de 150g,2.07,13.8,0,kg,€/Kg,,,https://driveimg1.intermarche.com/pt/Content/images/boitmal/produit/zoom/5779B2DB338F1A6B8B46C20197F52833.jpg,,,,,2025-12-31T23:59:59Z,PROSPECTUS,14,1,,,
639,3250390207498,150.0,Bouton D'or,Mistura Salgada 150g,Embalagem de 150g,1.99,13.27,0,kg,€/Kg,,,https://driveimg1.intermarche.com/pt/Content/images/boitmal/produit/zoom/900712663A715B77CE360F19F8CD8F30.jpg,,,,,2025-12-31T23:59:59Z,PROSPECTUS,14,1,,,
640,3250390207528,125.0,Bouton D'or,Cajus Torrados Salgados 125g,Embalagem de 130g,1.66,13.28,0,kg,€/Kg,,,https://driveimg1.intermarche.com/pt/Content/images/boitmal/produit/zoom/F01CD1FD2A576F15B808787D862A108B.jpg,,,,,2025-12-31T23:59:59Z,PROSPECTUS,14,1,,,
742,8006540348925,250.0,Pantene,Laca Fixação Flexível,Embalagem de 250 ml,3.99,15.96,250,L,€/L,,,https://driveimg1.intermarche.com/pt/Content/images/boitmal/produit/zoom/73B5C91C3C3278D6DBDCC4E421A05C5A.jpg,,,,,2025-12-31T23:59:59Z,PROSPECTUS,14,1,,,
809,5000116102075,280.0,Capitão Iglo,"Douradinhos de salmão, 10 unidades, embalagem de 280g",,4.99,17.82,0,kg,€/Kg,,Tipo de stockagem,https://driveimg1.intermarche.com/pt/Content/images/boitmal/produit/zoom/BE071417D80D7DAB7D9DBFCF786DD7BE.jpg,,,,,2025-12-31T23:59:59Z,PROSPECTUS,14,1,,,
815,5000116106172,250.0,Capitão Iglo,"Douradinhos de frango, 10 unidades, embalagem de 250g",,3.49,13.96,0,kg,€/Kg,,Tipo de stockagem,https://driveimg1.intermarche.com/pt/Content/images/boitmal/produit/zoom/C5A8F3400BD1CDAA3A658C1B6BE7A4E1.jpg,,,,,2025-12-31T23:59:59Z,PROSPECTUS,14,1,,,
828,5000157073006,150.0,Heinz,"Molho de soja, de 150 ml",,2.64,17.6,150,L,€/L,,,https://driveimg1.intermarche.com/pt/Content/images/boitmal/produit/zoom/BBD9F6A5E4EDC067C43EB10CA6FCF5E6.jpg,,,,,2025-12-31T23:59:59Z,PROSPECTUS,14,1,,,
931,5601001228100,300.0,Nestum,"Nestum Mel Flocos Cereais +3A, emb. 300 gr",Embalagem de 300g,2.09,6.97,0,kg,€/Kg,,,https://driveimg1.intermarche.com/pt/Content/images/boitmal/produit/zoom/82B368094FF4C269D04DE75FB30D7775.jpg,,,,,2025-12-31T23:59:59Z,PROSPECTUS,14,1,,,
939,5601001315107,200.0,Nestlé,"Bebida Cereais Cevada e Chicória com Café, emb. 200 gr",,2.89,14.45,0,kg,€/Kg,,,https://driveimg1.intermarche.com/pt/Content/images/boitmal/produit/zoom/CC5A47735407D4C3B415883C0C674337.jpg,,,,,2025-12-31T23:59:59Z,PROSPECTUS,14,1,,,
946,5601001347207,200.0,Nestlé,"Mistura solúvel pensal, embalagem de 200g",,2.59,12.95,0,kg,€/Kg,,,https://driveimg1.intermarche.com/pt/Content/images/boitmal/produit/zoom/7915D1797AFB02CAFEE2DAC1911CDA2A.jpg,,,,,2025-12-31T23:59:59Z,PROSPECTUS,14,1,,,
947,5601001355905,200.0,Nestlé,"Bebida de Cereais Cevada, Chicória e Centeio, emb. 200 gr",,2.65,13.25,0,kg,€/Kg,,,https://driveimg1.intermarche.com/pt/Content/images/boitmal/produit/zoom/E7DC37D0206CA279E0EB2E5F3678B88F.jpg,,,,,2025-12-31T23:59:59Z,PROSPECTUS,14,1,,,
948,5601001418402,200.0,Nestlé,"Tablete de Chocolate Culinária 53% sem Glúten, emb. 200 gr",,4.29,21.45,0,kg,€/Kg,,,https://driveimg1.intermarche.com/pt/Content/images/boitmal/produit/zoom/A1EBF2872D4D51D0D1CFF8048292DF19.jpg,,,,,2025-12-31T23:59:59Z,PROSPECTUS,14,1,,,
972,5601024030056,750.0,Oliveira da Serra,"Azeite extra virgem, azeitonas verdes, garrafa de 750 ml",,5.89,7.85,750,L,€/L,,,https://driveimg1.intermarche.com/pt/Content/images/boitmal/produit/zoom/2775848F23153ACAF6624BDC341B21AA.jpg,,,,,2025-12-31T23:59:59Z,PROSPECTUS,14,1,,,
978,5601024134136,750.0,Oliveira da Serra,Azeite,Embalagem de 750 ml,3.89,5.19,750,L,€/L,,,https://driveimg1.intermarche.com/pt/Content/images/boitmal/produit/zoom/9CC9A85673AA0BF0B09481F106398AA6.jpg,,,,,2025-12-31T23:59:59Z,PROSPECTUS,14,1,,,
989,5601029004014,120.0,Bom Petisco,"Atum posta em óleo, embalagem de 120g",,1.29,10.75,0,kg,€/Kg,,,https://driveimg1.intermarche.com/pt/Content/images/boitmal/produit/zoom/0EDE399096BE62933DCF2A734D746C1A.jpg,,,,,2025-12-31T23:59:59Z,PROSPECTUS,14,1,,,
990,5601029004038,385.0,Bom Petisco,"Atum posta em óleo, embalagem de 385g",,3.89,10.1,0,kg,€/Kg,,,https://driveimg1.intermarche.com/pt/Content/images/boitmal/produit/zoom/EAC5CB8F90EBBB65EABF072C2DE4540F.jpg,https://driveimg1.intermarche.com/pt/Content/images/boitmal/produit/zoom/F6B3199A9D749CA8EE4A4423B14856F3.jpg,,,,2025-12-31T23:59:59Z,PROSPECTUS,14,1,,,
1012,5601043111026,1000.0,Branca de neve,"Farinha de Trigo Super Fina com Fermento, emb. 1 kg",,1.69,1.69,0,kg,€/Kg,,,https://driveimg1.intermarche.com/pt/Content/images/boitmal/produit/zoom/2C1F82D915B4FA8DB609B4607A05BC7E.jpg,,,,,2025-12-31T23:59:59Z,PROSPECTUS,14,1,,,
1100,5601063052293,40.0,Margão,"Pimentão doce, em frasco, 40g",,1.23,30.75,0,kg,€/Kg,,,https://driveimg1.intermarche.com/pt/Content/images/boitmal/produit/zoom/710FE547E61347322601938E856A4538.jpg,,,,,2025-12-31T23:59:59Z,PROSPECTUS,14,1,,,
1135,5601082022758,250.0,Delta,"Café Moído Torrado Moagem Máquina Lote Chávena Int 12, emb. 250 gr",Embalagem de 250g,3.99,15.96,0,kg,€/Kg,,,https://driveimg1.intermarche.com/pt/Content/images/boitmal/produit/zoom/13E9F03FF8FB53EE57516E14277CD628.jpg,,,,,2025-12-31T23:59:59Z,PROSPECTUS,14,1,,,
1136,5601082022765,250.0,Delta,"Café Moído Torrado para Saco Lote Chávena Int 12, emb. 250 gr",Embalagem de 250g,3.99,15.96,0,kg,€/Kg,,,https://driveimg1.intermarche.com/pt/Content/images/boitmal/produit/zoom/7F2116263816AF75A6AD47598CE14D0D.jpg,,,,,2025-12-31T23:59:59Z,PROSPECTUS,14,1,,,
1138,5601082022796,250.0,Delta,"Café em Grão Torrado Lote Chávena Int 12, emb. 250 gr",Embalagem de 250g,3.99,15.96,0,kg,€/Kg,,,https://driveimg1.intermarche.com/pt/Content/images/boitmal/produit/zoom/A8B4C93555D2897E7B184C0C3550DF4C.jpg,,,,,2025-12-31T23:59:59Z,PROSPECTUS,14,1,,,
1188,5601119007970,200.0,Nobre,"Salsichas Frankfurt Originais Lata 8 un, emb. 200 gr",,1.39,6.95,0,kg,€/Kg,,,https://driveimg1.intermarche.com/pt/Content/images/boitmal/produit/zoom/F480FC52D56464F3C1B867155F4A37B9.jpg,,,,,2025-12-31T23:59:59Z,PROSPECTUS,14,1,,,
1196,5601119942608,200.0,Nobre,"Salsichas de Aves Lata 8 un, emb. 200 gr",,1.39,6.95,0,kg,€/Kg,,,https://driveimg1.intermarche.com/pt/Content/images/boitmal/produit/zoom/C3D289F4C441D4785985F7C225CA4543.jpg,,,,,2025-12-31T23:59:59Z,PROSPECTUS,14,1,,,
1224,5601146000104,1000.0,Sagres,"Cerveja com álcool, garrafa de 1l",,1.79,1.79,1000,L,€/L,,,https://driveimg1.intermarche.com/pt/Content/images/boitmal/produit/zoom/B73052CDDDC1D5B2607AF6499F6FC79B.jpg,,,,,2025-12-31T23:59:59Z,PROSPECTUS,14,1,,,
1226,5601146001507,1500.0,Joi,"Refrigerante sem gás de manga/laranja, garrafa de 1,5 l",,1.29,0.86,1500,L,€/L,,,https://driveimg1.intermarche.com/pt/Content/images/boitmal/produit/zoom/DB9CD865FA14B43795929B354A61BA32.jpg,,,,,2025-12-31T23:59:59Z,PROSPECTUS,14,1,,,
1228,5601146230518,1500.0,Joi,"Refrigerante sem gás, laranja, garrafa de 1,5 l",,1.29,0.86,1500,L,€/L,,,https://driveimg1.intermarche.com/pt/Content/images/boitmal/produit/zoom/9CFD5D319CF23E8EEE61B6DFE693387D.jpg,,,,,2025-12-31T23:59:59Z,PROSPECTUS,14,1,,,
1230,5601146232512,1500.0,Joi,"Refrigerante sem gás, maracujá e la, garrafa de 1,5 l",,1.29,0.86,1500,L,€/L,,,https://driveimg1.intermarche.com/pt/Content/images/boitmal/produit/zoom/430468AF369DBE1139E298A0EA69B620.jpg,,,,,2025-12-31T23:59:59Z,PROSPECTUS,14,1,,,
1270,5601151023150,500.0,Compal,"Polpa de tomate com cebola e alho, embalagem de 500g",,1.49,2.98,0,kg,€/Kg,,,https://driveimg1.intermarche.com/pt/Content/images/boitmal/produit/zoom/195ABA90C0C8B2FE1D9EE0202B59D28C.jpg,,,,,2025-12-31T23:59:59Z,PROSPECTUS,14,1,,,
1272,5601151060254,500.0,Compal,"Tomate triturado, embalagem de 500g",,1.49,2.98,0,kg,€/Kg,,,https://driveimg1.intermarche.com/pt/Content/images/boitmal/produit/zoom/F73D2E34D160FB2C4040DA3AD1BBEF87.jpg,,,,,2025-12-31T23:59:59Z,PROSPECTUS,14,1,,,
1305,5601151862155,500.0,Compal,Polpa de tomate 500g,,1.19,2.38,0,kg,€/Kg,,,https://driveimg1.intermarche.com/pt/Content/images/boitmal/produit/zoom/D9FD9B4F4905971874C5E4127C57C62E.jpg,,,,,2025-12-31T23:59:59Z,PROSPECTUS,14,1,,,
1326,5601164113701,500.0,Super Bock,"Cerveja com álcool, lata, garrafa de 500 ml",,0.85,1.7,500,L,€/L,,,https://driveimg1.intermarche.com/pt/Content/images/boitmal/produit/zoom/0AB2770B97F8A4B3E443129A7F4E33FA.jpg,,,,,2025-12-31T23:59:59Z,PROSPECTUS,14,1,,,
1327,5601164115606,1000.0,Super Bock,"Cerveja com Álcool, garrafa 1 lt",,1.79,1.79,1000,L,€/L,,,https://driveimg1.intermarche.com/pt/Content/images/boitmal/produit/zoom/73F2D859CCD8D2800F2C691289AD7AE3.jpg,,,,,2025-12-31T23:59:59Z,PROSPECTUS,14,1,,,
1331,5601165006255,259.0,Calvé,"Molho de alho, embalagem de 260g",,1.79,6.91,0,kg,€/Kg,,,https://driveimg1.intermarche.com/pt/Content/images/boitmal/produit/zoom/250292652676F63A9916D46B501BCEC4.jpg,https://driveimg1.intermarche.com/pt/Content/images/boitmal/produit/zoom/5F13F0DF96776682A865C5AC21E8DB42.jpg,https://driveimg1.intermarche.com/pt/Content/images/boitmal/produit/zoom/5F13F0DF96776682A865C5AC21E8DB42.jpg,https://driveimg1.intermarche.com/pt/Content/images/boitmal/produit/zoom/5F13F0DF96776682A865C5AC21E8DB42.jpg,https://driveimg1.intermarche.com/pt/Content/images/boitmal/produit/zoom/5F13F0DF96776682A865C5AC21E8DB42.jpg,2025-12-31T23:59:59Z,PROSPECTUS,14,1,,,
1332,5601165006279,258.0,Calvé,Molho de whisky cocktail 250 ml,,1.79,6.94,0,kg,€/Kg,,,https://driveimg1.intermarche.com/pt/Content/images/boitmal/produit/zoom/C7155C8CF8BA05234BDEE31CA7C70EBB.jpg,https://driveimg1.intermarche.com/pt/Content/images/boitmal/produit/zoom/6A3EC69CF4C27CD9078CE26776992F21.jpg,https://driveimg1.intermarche.com/pt/Content/images/boitmal/produit/zoom/6A3EC69CF4C27CD9078CE26776992F21.jpg,https://driveimg1.intermarche.com/pt/Content/images/boitmal/produit/zoom/6A3EC69CF4C27CD9078CE26776992F21.jpg,,2025-12-31T23:59:59Z,PROSPECTUS,14,1,,,
1420,5601252107131,250.0,Gallo,"Vinagre Balsâmico de Modena, emb. 250 ml",,1.69,6.76,250,L,€/L,,,https://driveimg1.intermarche.com/pt/Content/images/boitmal/produit/zoom/3BCA292B56E66BEBFC003AE7946066AE.jpg,,,,,2025-12-31T23:59:59Z,PROSPECTUS,14,1,,,
1437,5601260046101,1000.0,Saludães,Arroz Carolino,Embalagem de 1 kg,1.14,1.14,0,kg,€/Kg,,,https://driveimg1.intermarche.com/pt/Content/images/boitmal/produit/zoom/844734F94E64C7EE2E76F0FC068B9A4B.jpg,,,,,2025-12-31T23:59:59Z,PROSPECTUS,14,1,,,
1438,5601260047108,1000.0,Saludães,Arroz agulha,Embalagem de 1kg,1.35,1.35,0,kg,€/Kg,,,https://driveimg1.intermarche.com/pt/Content/images/boitmal/produit/zoom/B47152EFC4F603CBADD3130829B29F08.jpg,,,,,2025-12-31T23:59:59Z,PROSPECTUS,14,1,,,
1458,5601286220783,500.0,Milaneza,"Massa de cotovelos grossos, embalagem de 500g",,1.04,2.08,0,kg,€/Kg,,,https://driveimg1.intermarche.com/pt/Content/images/boitmal/produit/zoom/D93D679931815D69DD3322F399FB1B55.jpg,,,,,2025-12-31T23:59:59Z,PROSPECTUS,14,1,,,
1459,5601286221780,500.0,Milaneza,"Massa de cotovelos finos, embalagem de 500g",,1.04,2.08,0,kg,€/Kg,,,https://driveimg1.intermarche.com/pt/Content/images/boitmal/produit/zoom/34E88CB07300F13C23DF7BCC4E861747.jpg,,,,,2025-12-31T23:59:59Z,PROSPECTUS,14,1,,,
1460,5601286222787,500.0,Milaneza,"Massa Cotovelinhos, emb. 500 gr",,1.04,2.08,0,kg,€/Kg,,,https://driveimg1.intermarche.com/pt/Content/images/boitmal/produit/zoom/49B04C2917E036F30360190A48027326.jpg,,,,,2025-12-31T23:59:59Z,PROSPECTUS,14,1,,,
1462,5601286231772,250.0,Milaneza,"Massa, estrelinhas, embalagem de 250g",,0.61,2.44,0,kg,€/Kg,,,https://driveimg1.intermarche.com/pt/Content/images/boitmal/produit/zoom/3936C365D7B95744ED545201CA491D61.jpg,,,,,2025-12-31T23:59:59Z,PROSPECTUS,14,1,,,
1463,5601286232779,250.0,Milaneza,"Massa pevide, embalagem de 250g",,0.61,2.44,0,kg,€/Kg,,,https://driveimg1.intermarche.com/pt/Content/images/boitmal/produit/zoom/7FABF67C8683DAD5B618F045601E14A4.jpg,,,,,2025-12-31T23:59:59Z,PROSPECTUS,14,1,,,
1464,5601286233776,250.0,Milaneza,"Massa de bagos, embalagem de 250g",,0.61,2.44,0,kg,€/Kg,,,https://driveimg1.intermarche.com/pt/Content/images/boitmal/produit/zoom/539D153DE9C377CF57F947CAA1EB45EB.jpg,,,,,2025-12-31T23:59:59Z,PROSPECTUS,14,1,,,
1465,5601286234773,250.0,Milaneza,"Massa de letras, embalagem de 250g",,0.61,2.44,0,kg,€/Kg,,,https://driveimg1.intermarche.com/pt/Content/images/boitmal/produit/zoom/93F4FB7CE3C81A4CA398AFB1F88C82DD.jpg,,,,,2025-12-31T23:59:59Z,PROSPECTUS,14,1,,,
1466,5601286235770,250.0,Milaneza,"Massa cuscus, embalagem de 250g",,0.61,2.44,0,kg,€/Kg,,,https://driveimg1.intermarche.com/pt/Content/images/boitmal/produit/zoom/606493A56C3149C89E86FD71CB1A6172.jpg,,,,,2025-12-31T23:59:59Z,PROSPECTUS,14,1,,,
1467,5601286236784,500.0,Milaneza,"Massa de espirais, embalagem de 500g",,1.04,2.08,0,kg,€/Kg,,,https://driveimg1.intermarche.com/pt/Content/images/boitmal/produit/zoom/90F3AD9985391E2BB3C76374F1217643.jpg,,,,,2025-12-31T23:59:59Z,PROSPECTUS,14,1,,,
1468,5601286250780,500.0,Milaneza,"Massa maçarronete riscado, embalagem de 500g",,1.04,2.08,0,kg,€/Kg,,,https://driveimg1.intermarche.com/pt/Content/images/boitmal/produit/zoom/BA4109E5185276DFC6B9D6597899335A.jpg,,,,,2025-12-31T23:59:59Z,PROSPECTUS,14,1,,,
1469,5601286251787,500.0,Milaneza,"Massa de maçarrão, embalagem de 500g",,1.04,2.08,0,kg,€/Kg,,,https://driveimg1.intermarche.com/pt/Content/images/boitmal/produit/zoom/684581E08A7B473B6F7C59B6AD72C932.jpg,,,,,2025-12-31T23:59:59Z,PROSPECTUS,14,1,,,
1472,5601286256782,500.0,Milaneza,"Massa de ondas, embalagem de 500g",,1.04,2.08,0,kg,€/Kg,,,https://driveimg1.intermarche.com/pt/Content/images/boitmal/produit/zoom/DB70E545A30F062DF52F7A55D883D748.jpg,,,,,2025-12-31T23:59:59Z,PROSPECTUS,14,1,,,
1480,5601314000073,9000.0,Vitalis,"Água sem Gás, emb. 6 x 1,5 lt",,2.75,0.31,9000,L,€/L,,,https://driveimg1.intermarche.com/pt/Content/images/boitmal/produit/zoom/DA3E69EB6FBF3CE3F3256CE592DB9A52.jpg,,,,,2025-12-31T23:59:59Z,PROSPECTUS,14,1,,,
1504,5601383014445,395.0,Izidoro,"Salsichas bockwurst em frasco, 8 unidades, embalagem de 400g",,3.98,10.08,0,kg,€/Kg,,,https://driveimg1.intermarche.com/pt/Content/images/boitmal/produit/zoom/C2884B95FBAD8F1D90CC6CA9726ED009.jpg,,,,,2025-12-31T23:59:59Z,PROSPECTUS,14,1,,,
1505,5601383014506,120.0,Izidoro,"Salsichas frankfurt em lata , embalagem de 120g",,0.99,8.25,0,kg,€/Kg,,,https://driveimg1.intermarche.com/pt/Content/images/boitmal/produit/zoom/148F492E65D522BC6A01FF8FA8EFE7AF.jpg,,,,,2025-12-31T23:59:59Z,PROSPECTUS,14,1,,,
1512,5601383029128,250.0,Izidoro,"Salsichas aves, frasco com 5 unidad",Embalagem de 250g,1.98,7.92,0,kg,€/Kg,,,https://driveimg1.intermarche.com/pt/Content/images/boitmal/produit/zoom/D6BD3A6096F982A2C1401CEF6014CDF6.jpg,,,,,2025-12-31T23:59:59Z,PROSPECTUS,14,1,,,
1536,5601489018200,200.0,Du Bois de la Roche,"Boudoirs, embalagem de 200g",,2.24,11.2,0,kg,€/Kg,,,https://driveimg1.intermarche.com/pt/Content/images/boitmal/produit/zoom/8047F7CE0DCDC3ADA17209B15B795262.jpg,,,,,2025-12-31T23:59:59Z,PROSPECTUS,14,1,,,
1538,5601489134153,500.0,Du Bois de la Roche,"Bolachas Crackers sem Sal, emb. 500 gr (20 un)",,2.99,5.98,0,kg,€/Kg,,,https://driveimg1.intermarche.com/pt/Content/images/boitmal/produit/zoom/A3AED4DA2D1415C7EB643F2D474CEC29.jpg,,,,,2025-12-31T23:59:59Z,PROSPECTUS,14,1,,,
1539,5601489135150,500.0,Du Bois de la Roche,"Bolachas Crackers com Sal, emb. 500 gr (20 un.)",,2.99,5.98,0,kg,€/Kg,,,https://driveimg1.intermarche.com/pt/Content/images/boitmal/produit/zoom/F0B5FA8856EDB5A939AB82442E09EFE5.jpg,,,,,2025-12-31T23:59:59Z,PROSPECTUS,14,1,,,
1540,5601489136157,500.0,Du Bois de la Roche,"Bolachas Cracker Integrais, emb. 500 gr (20 un.)",,2.99,5.98,0,kg,€/Kg,,,https://driveimg1.intermarche.com/pt/Content/images/boitmal/produit/zoom/A16DC8F44B525FAEA7B327A4AD3CFA23.jpg,,,,,2025-12-31T23:59:59Z,PROSPECTUS,14,1,,,
1542,5601489300152,150.0,Du Bois de la Roche,"Palmiers, embalagem de 150g",,1.24,8.27,0,kg,€/Kg,,,https://driveimg1.intermarche.com/pt/Content/images/boitmal/produit/zoom/17803E7BE50A16D1AE691E64F5E7BF2C.jpg,,,,,2025-12-31T23:59:59Z,PROSPECTUS,14,1,,,
1544,5601489771358,135.0,Du Bois de la Roche,"Biscoitos allumettes, embalagem de 135 g",,1.49,11.04,0,kg,€/Kg,,,https://driveimg1.intermarche.com/pt/Content/images/boitmal/produit/zoom/6F1D0449DA4DB517A7E6D30E0876833C.jpg,,,,,2025-12-31T23:59:59Z,PROSPECTUS,14,1,,,
1604,5601560111196,350.0,Diatosta,Mini tostas de trigo,Embalagem de 350 g,2.29,6.54,0,kg,€/Kg,,,https://driveimg1.intermarche.com/pt/Content/images/boitmal/produit/zoom/DFD2CFFD394296BC913FFFFD6DB47138.jpg,,,,,2025-12-31T23:59:59Z,PROSPECTUS,14,1,,,
1611,5601736901293,250.0,Mar Ibérica,"Cubos de Tamboril, emb. 250 gr",Embalagem de 250 g,3.39,13.56,0,kg,€/Kg,,Tipo de stockagem,https://driveimg1.intermarche.com/pt/Content/images/boitmal/produit/zoom/B7F6A60B0D063C4286B9079B713072D6.jpg,,,,,2025-12-31T23:59:59Z,PROSPECTUS,14,1,,,
1828,5604260032792,454.0,PorSi,Butter Cookies 454g,,3.89,8.57,0,kg,€/Kg,,,https://driveimg1.intermarche.com/pt/Content/images/boitmal/produit/zoom/040CC8429D7C836D9F539BF05B33E96E.jpg,,,,,2025-12-31T23:59:59Z,PROSPECTUS,14,1,,,
1834,5604260034505,500.0,PorSi,Batatas Fritas Palha Larga 500g,,2.58,5.16,0,kg,€/Kg,,,https://driveimg1.intermarche.com/pt/Content/images/boitmal/produit/zoom/C01ACEDAC47CBE95FC31DF87E03A78AD.jpg,,,,,2025-12-31T23:59:59Z,PROSPECTUS,14,1,,,
1844,5604260035847,185.0,PorSi,Batatas Fritas Onduladas Sabor a Presunto 185g,,1.25,6.76,0,kg,€/Kg,,,https://driveimg1.intermarche.com/pt/Content/images/boitmal/produit/zoom/29D2C600CBA2711F31E4BCBC05A9C865.jpg,,,,,2025-12-31T23:59:59Z,PROSPECTUS,14,1,,,
1845,5604260035854,185.0,PorSi,Batatas Fritas Lisas com Sabor a Queijo e Ervas 185g,,1.84,9.95,0,kg,€/Kg,,,https://driveimg1.intermarche.com/pt/Content/images/boitmal/produit/zoom/E9E6993B7202404AB95C04A2C893A1AC.jpg,,,,,2025-12-31T23:59:59Z,PROSPECTUS,14,1,,,
1862,5604260042340,185.0,PorSi,Batatas Fritas Onduladas com Sabor a Churrasco 185g,,1.34,7.24,0,kg,€/Kg,,,https://driveimg1.intermarche.com/pt/Content/images/boitmal/produit/zoom/3A22AAF9574AA89A9DE8627F4B492DC1.jpg,,,,,2025-12-31T23:59:59Z,PROSPECTUS,14,1,,,
2153,5604260258604,1000.0,PorSi,Polvo Limpo 1kg,,9.99,9.99,0,kg,€/Kg,,Tipo de stockagem,https://driveimg1.intermarche.com/pt/Content/images/boitmal/produit/zoom/FAF7A31A8F79D5C2CCCF361A2228856D.jpg,,,,,2025-12-31T23:59:59Z,PROSPECTUS,14,1,,,
2265,5604260269853,175.0,PorSi,Batatas Fritas Lisas Receita Camponesa 175g,,1.19,6.8,0,kg,€/Kg,,,https://driveimg1.intermarche.com/pt/Content/images/boitmal/produit/zoom/447E18276F99BABAF787DD69D7608562.jpg,,,,,2025-12-31T23:59:59Z,PROSPECTUS,14,1,,,
2268,5604260269952,250.0,PorSi,Gressinos com Azeitona Preta 250g,,1.99,7.96,0,kg,€/Kg,,,https://driveimg1.intermarche.com/pt/Content/images/boitmal/produit/zoom/A043D7E90AA990A3052B9B47E82507F9.jpg,,,,,2025-12-31T23:59:59Z,PROSPECTUS,14,1,,,
2269,5604260269969,250.0,PorSi,Gressinos com Azeite 250g,,1.99,7.96,0,kg,€/Kg,,,https://driveimg1.intermarche.com/pt/Content/images/boitmal/produit/zoom/E364F540C3E142951CDFE3E2B5B86085.jpg,,,,,2025-12-31T23:59:59Z,PROSPECTUS,14,1,,,
2270,5604260269976,250.0,PorSi,Gressinos com Sésamo 250g,,2.14,8.56,0,kg,€/Kg,,,https://driveimg1.intermarche.com/pt/Content/images/boitmal/produit/zoom/BDF586C2CDA278F8774B7C2113F5E39C.jpg,,,,,2025-12-31T23:59:59Z,PROSPECTUS,14,1,,,
2415,5609060006608,100.0,Delta,Café solúvel c/ cafeína,Embalagem de 100g,3.69,36.9,0,kg,€/Kg,,,https://driveimg1.intermarche.com/pt/Content/images/boitmal/produit/zoom/23018616506690E6539F7D3E3843D149.jpg,,,,,2025-12-31T23:59:59Z,PROSPECTUS,14,1,,,
2426,5760466997027,220.0,Starbucks,"Latte Caramelo Macchiato, emb. 220 ml",,1.83,8.32,220,L,€/L,,,https://driveimg1.intermarche.com/pt/Content/images/boitmal/produit/zoom/8A8549062CCF0CA8E7B06600AE2B5D4F.jpg,,,,,2025-12-31T23:59:59Z,PROSPECTUS,14,1,,,
2457,7613031213849,340.0,Purina Gourmet,Comida húmida para gato delícias do oceano,Embalagem de 340 g,2.59,7.62,0,kg,€/Kg,,,https://driveimg1.intermarche.com/pt/Content/images/boitmal/produit/zoom/434167A16368A96CB5D1945EBB02F8CB.jpg,,,,,2025-12-31T23:59:59Z,PROSPECTUS,14,1,,,
2459,7613031497096,400.0,Nestlé,"Fruta para bebé maçã pera +4 meses, embalagem de 4 x 100g",,2.39,5.98,0,kg,€/Kg,,,https://driveimg1.intermarche.com/pt/Content/images/boitmal/produit/zoom/A3657AC5DA61941E17EE1AD603103EE0.jpg,,,,,2025-12-31T23:59:59Z,PROSPECTUS,14,1,,,
2460,7613031501649,400.0,Nestlé,"Fruta para bebé maçã banana +4 meses, embalagem de 4 x 100g",,2.39,5.98,0,kg,€/Kg,,,https://driveimg1.intermarche.com/pt/Content/images/boitmal/produit/zoom/4A8A0DFCA0CA8581AB62B34FED196414.jpg,,,,,2025-12-31T23:59:59Z,PROSPECTUS,14,1,,,
2466,7613032142599,500.0,Cerelac,"Papa Infantil Farinha Láctea +12M, emb. 500 gr",Embalagem de 500g,3.74,7.48,0,kg,€/Kg,,,https://driveimg1.intermarche.com/pt/Content/images/boitmal/produit/zoom/4E708CAF1A60A052407E76B7A92102F7.jpg,,,,,2025-12-31T23:59:59Z,PROSPECTUS,14,1,,,
2473,7613032404154,250.0,Cerelac,"1ª papa láctea multifrutos sem glúten +4 meses, embalagem de 250g",,3.74,14.96,0,kg,€/Kg,,,https://driveimg1.intermarche.com/pt/Content/images/boitmal/produit/zoom/15CA403429D220415417A36F0419C1CA.jpg,,,,,2025-12-31T23:59:59Z,PROSPECTUS,14,1,,,
2480,7613032584436,250.0,Cerelac,"Papa Infantil Láctea de Maçã +6M, emb. 250 gr",,3.19,12.76,0,kg,€/Kg,,,https://driveimg1.intermarche.com/pt/Content/images/boitmal/produit/zoom/DE2856C1EA531D0617965332F05D89D4.jpg,,,,,2025-12-31T23:59:59Z,PROSPECTUS,14,1,,,
2481,7613032584504,250.0,Cerelac,"Papa Infantil Láctea Banana e Laranja +6M, emb. 250 gr",,3.19,12.76,0,kg,€/Kg,,,https://driveimg1.intermarche.com/pt/Content/images/boitmal/produit/zoom/8CB0086F6379609601EA9215ECF52500.jpg,,,,,2025-12-31T23:59:59Z,PROSPECTUS,14,1,,,
2482,7613032584757,250.0,Cerelac,"Papa Infantil Láctea 5 Frutos +6M, emb. 250 gr",Embalagem de 250g,3.19,12.76,0,kg,€/Kg,,,https://driveimg1.intermarche.com/pt/Content/images/boitmal/produit/zoom/3BA8FAB1CBB784A1F35D14E45DA423EA.jpg,,,,,2025-12-31T23:59:59Z,PROSPECTUS,14,1,,,
2483,7613032607463,250.0,Cerelac,"Papa Infantil Não Láctea 8 Cereais e Mel +6M, emb. 250 gr",,2.39,9.56,0,kg,€/Kg,,,https://driveimg1.intermarche.com/pt/Content/images/boitmal/produit/zoom/D8960B1BDF9EC6F37D85F527DA09587D.jpg,,,,,2025-12-31T23:59:59Z,PROSPECTUS,14,1,,,
2500,7613033129025,250.0,Cerelac,"Papa Infantil Não Láctea Bolacha Maria +6M, emb. 250 gr",,2.39,9.56,0,kg,€/Kg,,,https://driveimg1.intermarche.com/pt/Content/images/boitmal/produit/zoom/86F8E21230827C4A87CCDAA9CDA276AE.jpg,,,,,2025-12-31T23:59:59Z,PROSPECTUS,14,2,,,
2516,7613033772627,3000.0,Friskies,"Ração para cão adulto vitafit light com frango, de 3 kg",,9.74,3.25,0,kg,€/Kg,,,https://driveimg1.intermarche.com/pt/Content/images/boitmal/produit/zoom/0978F77CBD72573FC87E863EC5AE7CFC.jpg,,,,,2025-12-31T23:59:59Z,PROSPECTUS,14,2,,,
2518,7613033814693,400.0,Nestlé,"Fruta para bebé 7 frutos +6 meses, embalagem de 4 x 100g",,2.39,5.98,0,kg,€/Kg,,,https://driveimg1.intermarche.com/pt/Content/images/boitmal/produit/zoom/18CF4010C8E037B64FBADB6A5A35AF8F.jpg,,,,,2025-12-31T23:59:59Z,PROSPECTUS,14,2,,,
2534,7613034155160,397.0,Nestlé,"Leite condensado cozido, embalagem de 397g",,2.19,5.52,0,kg,€/Kg,,,https://driveimg1.intermarche.com/pt/Content/images/boitmal/produit/zoom/7F1A4CD3925F133CB52FB643A8011E1E.jpg,,,,,2025-12-31T23:59:59Z,PROSPECTUS,14,2,,,
2543,7613034465689,387.0,Nestlé,"Leite condensado magro, embalagem de 390g",,2.09,5.4,0,kg,€/Kg,,,https://driveimg1.intermarche.com/pt/Content/images/boitmal/produit/zoom/550282655C8CD4805DB04276CFECA7D7.jpg,,,,,2025-12-31T23:59:59Z,PROSPECTUS,14,2,,,
2549,7613034717931,200.0,Nestlé,"Tablete de Chocolate Culinária 44%, emb. 200 gr",,2.89,14.45,0,kg,€/Kg,,,https://driveimg1.intermarche.com/pt/Content/images/boitmal/produit/zoom/3B153FC5DBA6E54FFCBD8019E97BAF3D.jpg,,,,,2025-12-31T23:59:59Z,PROSPECTUS,14,2,,,
2551,7622200007332,100.0,Milka,"Tablete chocolate de iogurte morango, embalagem de 100g",,1.99,19.9,0,kg,€/Kg,,,https://driveimg1.intermarche.com/pt/Content/images/boitmal/produit/zoom/533F68AFC62C37B47F6B4E510F6E55D3.jpg,,,,,2025-12-31T23:59:59Z,PROSPECTUS,14,2,,,
2589,7622300281182,154.0,Oreo,"Bolachas, tubo, embalagem de 150g",,1.49,9.68,0,kg,€/Kg,,,https://driveimg1.intermarche.com/pt/Content/images/boitmal/produit/zoom/46D952192D83520413CC02FFD2B835D0.jpg,,,,,2025-12-31T23:59:59Z,PROSPECTUS,14,2,,,
2603,7622300631574,100.0,Milka,"Tablete de chocolate, embalagem de 100g",,1.99,19.9,0,kg,€/Kg,,,https://driveimg1.intermarche.com/pt/Content/images/boitmal/produit/zoom/E3F38363C2A3F262A9AF1A2E55D5BF55.jpg,,,,,2025-12-31T23:59:59Z,PROSPECTUS,14,2,,,
2656,8002205010060,650.0,Friskies,"Snack para cão biscuit original, de 650 g",,3.66,5.63,0,kg,€/Kg,,,https://driveimg1.intermarche.com/pt/Content/images/boitmal/produit/zoom/894114FFB389A52ED0086C0D2C626189.jpg,,,,,2025-12-31T23:59:59Z,PROSPECTUS,14,2,,,
2734,8410063005683,400.0,Pescanova,"Caprichos do Mar sem Glúten, emb. 400 gr",,2.99,7.48,0,kg,€/Kg,,Tipo de stockagem,https://driveimg1.intermarche.com/pt/Content/images/boitmal/produit/zoom/81941A9AD72779D5FC3487C65583C258.jpg,,,,,2025-12-31T23:59:59Z,PROSPECTUS,14,2,,,
2748,8410063044521,200.0,Pescanova,"Miolo de Camarão Cozido 40/60 Ultracongelado, emb. 200 gr",,6.39,31.95,0,kg,€/Kg,,Tipo de stockagem,https://driveimg1.intermarche.com/pt/Content/images/boitmal/produit/zoom/D50FF0C33F27025B364B2A0F02EC1F36.jpg,,,,,2025-12-31T23:59:59Z,PROSPECTUS,14,2,,,
2749,8410063046532,350.0,Pescanova,"Miolo de Camarão 80/100, emb. 350 gr",,6.99,19.97,0,kg,€/Kg,,Tipo de stockagem,https://driveimg1.intermarche.com/pt/Content/images/boitmal/produit/zoom/0EA75135180DC26543A97F342303334A.jpg,,,,,2025-12-31T23:59:59Z,PROSPECTUS,14,2,,,
2753,8410066113484,400.0,Heinz,Maionese de cebola e alho 400 ml,,2.89,7.23,400,L,€/L,,,https://driveimg1.intermarche.com/pt/Content/images/boitmal/produit/zoom/CB59DADB624294DBACBA357544AFD162.jpg,,,,,2025-12-31T23:59:59Z,PROSPECTUS,14,2,,,
2777,8410168399823,3000.0,Friskies,Ração para cão júnior vitafit com frango e leite,Embalagem de 3 kg,9.74,3.25,0,kg,€/Kg,,,https://driveimg1.intermarche.com/pt/Content/images/boitmal/produit/zoom/8FB72E4F81A6A85337B0A193B644C666.jpg,,,,,2025-12-31T23:59:59Z,PROSPECTUS,14,2,,,
2805,8410376010701,400.0,Gullón,"Maria diet nature, embalagem de 400g",,2.04,5.1,0,kg,€/Kg,,,https://driveimg1.intermarche.com/pt/Content/images/boitmal/produit/zoom/32FD2111A3E4CE859F90BE1EACCA6D74.jpg,,,,,2025-12-31T23:59:59Z,PROSPECTUS,14,2,,,
2811,8410376036169,380.0,Gullón,"Maria integral sem glúten, embalagem de 400 g",,2.84,7.47,0,kg,€/Kg,,,https://driveimg1.intermarche.com/pt/Content/images/boitmal/produit/zoom/4A785258215EC6F69DB85367814393D0.jpg,,,,,2025-12-31T23:59:59Z,PROSPECTUS,14,2,,,
3497,0000084124326,100.0,Pronto,Reparador de móveis escuro,Embalagem de 100 ml,4.09,40.9,100,L,€/L,,,https://driveimg1.intermarche.com/pt/Content/images/boitmal/produit/zoom/D69B33990891106EF66B7556A9C6AABD.jpg,,,,,2025-12-31T23:59:59Z,PROSPECTUS,14,2,,,
3645,3059944021845,150.0,Veet,"Spray depilatório peles sensiveis, 150 ml",,9.09,60.6,150,L,€/L,,,https://driveimg1.intermarche.com/pt/Content/images/boitmal/produit/zoom/0C3ED8E960EDB084459A5DD46AE86CC3.jpg,,,,,2025-12-31T23:59:59Z,PROSPECTUS,14,2,,,
3735,3250390033707,750.0,Delagne & Fils,Champagne Meio Seco,"Garrafa de 0,75 l",20.99,27.99,750,L,€/L,,,https://driveimg1.intermarche.com/pt/Content/images/boitmal/produit/zoom/661B538979B2B0053426CBDCFD742CB8.jpg,,,,,2025-12-31T23:59:59Z,PROSPECTUS,14,2,,,
3736,3250390033714,750.0,Delagne & Fils,Champagne Bruto,"Garrafa de 0,75 l",20.99,27.99,750,L,€/L,,,https://driveimg1.intermarche.com/pt/Content/images/boitmal/produit/zoom/86B2E1A4E06CF323C8A71D94CD854840.jpg,,,,,2025-12-31T23:59:59Z,PROSPECTUS,14,2,,,
3862,3250390884033,400.0,Monique Ranou,Quiche lorraine,Embalagem de 400 g,3.99,9.98,0,kg,€/Kg,,Tipo de stockagem,https://driveimg1.intermarche.com/pt/Content/images/boitmal/produit/zoom/92A333BACFBFE71F685EAF3A939EA82B.jpg,,,,,2025-12-31T23:59:59Z,PROSPECTUS,14,2,,,
4484,4002448003533,,Calgon,"Anti calcário para máquina de roupa, embalagem de 15 pastilhas",,6.99,6.99,15,,€/Unidade,,,https://driveimg1.intermarche.com/pt/Content/images/boitmal/produit/zoom/A44E08731433528E1B37AF8859C05AB4.jpg,,,,,2025-12-31T23:59:59Z,PROSPECTUS,14,2,,,
4556,4005900013057,250.0,Nivea,"Creme Corpo Q10 Hidratante Refirmante, emb. 250 ml",,5.84,23.36,250,L,€/L,,,https://driveimg1.intermarche.com/pt/Content/images/boitmal/produit/zoom/EFCF3148834E7A8D2878418DCA5C38FC.jpg,,,,,2025-12-31T23:59:59Z,PROSPECTUS,14,2,,,
4713,5000204559163,150.0,Glade,"Absorvedores de odores, relax zen",Embalagem de 2x150g,3.29,21.93,150,L,€/L,,,https://driveimg1.intermarche.com/pt/Content/images/boitmal/produit/zoom/16916DD7F5CC08A46A02D04C9338D0A8.jpg,,,,,2025-12-31T23:59:59Z,PROSPECTUS,14,2,,,
4756,5000204731866,269.0,Glade,"Recarga ambientador automático, lavanda, 269 ml",,3.49,12.97,269,L,€/L,,,https://driveimg1.intermarche.com/pt/Content/images/boitmal/produit/zoom/6F255C06BE26BDBD3EF56DDC7CB885D5.jpg,,,,,2025-12-31T23:59:59Z,PROSPECTUS,14,2,,,
4807,5011013100156,700.0,Baileys,"Licor irish cream original, garrafa de 700 ml",,12.99,18.56,700,L,€/L,,,https://driveimg1.intermarche.com/pt/Content/images/boitmal/produit/zoom/FDAAA0E0F93FA491E337DFBBB5FBFE7F.jpg,,,,,2025-12-31T23:59:59Z,PROSPECTUS,14,2,,,
4866,5410036145227,600.0,Vanish,"Limpa alcatifa mousse activa, 600 ml",,5.19,8.65,600,L,€/L,,,https://driveimg1.intermarche.com/pt/Content/images/boitmal/produit/zoom/6C27E2DD194F3A92D0082DB1D4838686.jpg,,,,,2025-12-31T23:59:59Z,PROSPECTUS,14,2,,,
4930,5410101015011,300.0,Glade,"Ambientador spray, aerosol, lavanda",Embalagem de 300 ml,1.79,5.97,300,L,€/L,,,https://driveimg1.intermarche.com/pt/Content/images/boitmal/produit/zoom/2A6ECB4C1CB2E526389623176AD8AD79.jpg,,,,,2025-12-31T23:59:59Z,PROSPECTUS,14,2,,,
4984,5601012011500,750.0,Mateus,"Vinho rosé, garrafa de 750 ml",,3.59,4.79,750,L,€/L,,,https://driveimg1.intermarche.com/pt/Content/images/boitmal/produit/zoom/3FA76398635D4910DF924BE55B489ECE.jpg,,,,,2025-12-31T23:59:59Z,PROSPECTUS,14,2,,,
4985,5601012045505,750.0,Gazela,"Gazela DOC Vinho Verde Branco, garrafa 75 cl",,2.99,3.99,750,L,€/L,,,https://driveimg1.intermarche.com/pt/Content/images/boitmal/produit/zoom/EF597CF55A23ED9453F03A3DE7FD131F.jpg,,,,,2025-12-31T23:59:59Z,PROSPECTUS,14,2,,,
4987,5601012115505,750.0,Planalto,"Vinho doc douro branco, garrafa de 0.75 l",,3.99,5.32,750,L,€/L,,,https://driveimg1.intermarche.com/pt/Content/images/boitmal/produit/zoom/D4AD0E54C5A44C41C52E5EE1F77D08EB.jpg,,,,,2025-12-31T23:59:59Z,PROSPECTUS,14,2,,,
5032,5601028009164,,Renova,Papel Higiénico Super Folha Dupla,Embalagem 48 Unidades,9.49,9.49,0,,€/Unidade,,,https://driveimg1.intermarche.com/pt/Content/images/boitmal/produit/zoom/DAC7C97D0E281172DFC4FCEA24E5A707.jpg,,,,,2025-12-31T23:59:59Z,PROSPECTUS,14,2,,,
5143,5601096201309,750.0,Casal Garcia,"Vinho verde branco, garrafa de 0.75 l",,3.49,4.65,750,L,€/L,,,https://driveimg1.intermarche.com/pt/Content/images/boitmal/produit/zoom/C499325EC5B55389E1608DCDF3310034.jpg,,,,,2025-12-31T23:59:59Z,PROSPECTUS,14,2,,,
5145,5601096328303,750.0,Casal Garcia,"Vinho verde rosé, garrafa de 0.75 l",,3.29,4.39,750,L,€/L,,,https://driveimg1.intermarche.com/pt/Content/images/boitmal/produit/zoom/A2D046BA3FF3C3A04B6D48CF0D5AEE1D.jpg,,,,,2025-12-31T23:59:59Z,PROSPECTUS,14,2,,,
5147,5601098045802,,Paiva,"Queijo curado, amanteigado, embalagem de 550g",,6.29,6.29,1,,€/Unidade,,,https://driveimg1.intermarche.com/pt/Content/images/boitmal/produit/zoom/6FA80FA6E105FE4E2226FAE041ACFD1E.jpg,,,,,2025-12-31T23:59:59Z,PROSPECTUS,14,2,,,
5173,5601123425104,75.0,Dentagard,"Pasta dentífrica plantas, 75 ml",,1.99,26.53,75,L,€/L,,,https://driveimg1.intermarche.com/pt/Content/images/boitmal/produit/zoom/437CCCAB6C663096295804D6E40541F4.jpg,,,,,2025-12-31T23:59:59Z,PROSPECTUS,14,2,,,
5184,5601129035154,750.0,Fita azul,"Espumosos tinto bruto attitude, garrafa 0.75l",,4.99,6.65,750,L,€/L,,,https://driveimg1.intermarche.com/pt/Content/images/boitmal/produit/zoom/1A0D37601AAADD70F73312D1A88F8A96.jpg,,,,,2025-12-31T23:59:59Z,PROSPECTUS,14,2,,,
5387,5601252107117,250.0,Gallo,"Vinagre de Vinho Tinto, emb. 250 ml",,1.29,5.16,250,L,€/L,,,https://driveimg1.intermarche.com/pt/Content/images/boitmal/produit/zoom/CDFFDFEA670B18E4C7B8D9179152B1BB.jpg,,,,,2025-12-31T23:59:59Z,PROSPECTUS,14,2,,,
5439,5601314228248,750.0,Vitalis,"Água sem Gás Sport, emb. 75 cl",,0.57,0.76,750,L,€/L,,,https://driveimg1.intermarche.com/pt/Content/images/boitmal/produit/zoom/010F08729D04976DF26AE7ABDA2D160B.jpg,,,,,2025-12-31T23:59:59Z,PROSPECTUS,14,2,,,
5498,5601531300123,750.0,Muralhas,"Vinho verde rosé monção, garrafa de 750 ml",,3.74,4.99,750,L,€/L,,,https://driveimg1.intermarche.com/pt/Content/images/boitmal/produit/zoom/D851F4F763EA7B60DAF7E4FF9807C34C.jpg,,,,,2025-12-31T23:59:59Z,PROSPECTUS,14,2,,,
5565,5602016012036,1000.0,Leziria,Vinho maduro branco,Garrafa de 1 Lt,1.99,1.99,1000,L,€/L,,,https://driveimg1.intermarche.com/pt/Content/images/boitmal/produit/zoom/641F3101166144587A35066B09407241.jpg,,,,,2025-12-31T23:59:59Z,PROSPECTUS,14,2,,,
5940,5604260264575,1500.0,Selecção de Enófilos,"Vinho DOC Dão, Tinto","Garrafa de 1,5 L",6.99,4.66,1500,L,€/L,,,https://driveimg1.intermarche.com/pt/Content/images/boitmal/produit/zoom/23051F8AD8148F058829B2B39AA72A1E.jpg,,,,,2025-12-31T23:59:59Z,PROSPECTUS,14,2,,,
5952,5604260266975,750.0,PorSi,Creme Limpeza Limão 750ml,,1.19,1.59,750,L,€/L,,,https://driveimg1.intermarche.com/pt/Content/images/boitmal/produit/zoom/027565F59F15238B5A7D4E131B9F8DAD.jpg,,,,,2025-12-31T23:59:59Z,PROSPECTUS,14,2,,,
6037,5606215050011,750.0,Raposeira,Espumante meio seco reserva,Garrafa de 0.75 l,7.99,10.65,750,L,€/L,,,https://driveimg1.intermarche.com/pt/Content/images/boitmal/produit/zoom/044941B59EA88601A39BA3F3C187937B.jpg,,,,,2025-12-31T23:59:59Z,PROSPECTUS,14,2,,,
6038,5606215060010,750.0,Raposeira,Espumante doce reserva,Garrafa de 0.75 l,7.99,10.65,750,L,€/L,,,https://driveimg1.intermarche.com/pt/Content/images/boitmal/produit/zoom/533876960889D0BD3421CBEF885E2158.jpg,,,,,2025-12-31T23:59:59Z,PROSPECTUS,14,2,,,
6039,5606215090017,750.0,Raposeira,Espumante bruto reserva,Garrafa de 0.75 l,7.99,10.65,750,L,€/L,,,https://driveimg1.intermarche.com/pt/Content/images/boitmal/produit/zoom/FD484D30A9463DD8D577C4A6038B0DB7.jpg,,,,,2025-12-31T23:59:59Z,PROSPECTUS,14,2,,,
6111,7613031204458,340.0,Purina Gourmet,Comida húmida para gato finos pedaços em molho,Embalagem de 340g,2.59,7.62,0,kg,€/Kg,,,https://driveimg1.intermarche.com/pt/Content/images/boitmal/produit/zoom/393F7D9374FE095E1E4BD6A16BFBFD33.jpg,,,,,2025-12-31T23:59:59Z,PROSPECTUS,14,2,,,
6119,7613032826789,340.0,Purina Gourmet,"Comida húmida para gato receitas do chef frango, embalagem de 340g",,2.59,7.62,0,kg,€/Kg,,,https://driveimg1.intermarche.com/pt/Content/images/boitmal/produit/zoom/0E05011F2F183B1EEF36549679F170E8.jpg,,,,,2025-12-31T23:59:59Z,PROSPECTUS,14,2,,,
6145,7622300370367,100.0,Milka,"Tablete de chocolate daim, embalagem de 100g",,1.99,19.9,0,kg,€/Kg,,,https://driveimg1.intermarche.com/pt/Content/images/boitmal/produit/zoom/2A01358C77615C1CC63B173E3AC11E0E.jpg,,,,,2025-12-31T23:59:59Z,PROSPECTUS,14,2,,,
6205,8001480020450,2000.0,Neoblanc,Lixívia Denso-Activa Harmonias Florais p/ Casa e Roupa,Embalagem de 2 l,2.99,1.5,2000,L,€/L,,,https://driveimg1.intermarche.com/pt/Content/images/boitmal/produit/zoom/C3481E94CAB9959473CAD676E85F2973.jpg,,,,,2025-12-31T23:59:59Z,PROSPECTUS,14,2,,,
6207,8001480020528,2000.0,Neoblanc,Lixívia para roupa tradicional,Embalagem de 2 l,1.74,0.87,2000,L,€/L,,,https://driveimg1.intermarche.com/pt/Content/images/boitmal/produit/zoom/930401C25A92312F34CEB71B016BE255.jpg,,,,,2025-12-31T23:59:59Z,PROSPECTUS,14,2,,,
6208,8001480020580,2000.0,Neoblanc,Lixívia Denso-Activa Tradicional p/ Casa e Roupa,Embalagem de 2 l,2.99,1.5,2000,L,€/L,,,https://driveimg1.intermarche.com/pt/Content/images/boitmal/produit/zoom/7CE5B1AAB75A1C5E9FE59503408E0B94.jpg,,,,,2025-12-31T23:59:59Z,PROSPECTUS,14,2,,,
6315,8410063055923,800.0,Pescanova,"Camarão Moçambique Médio 48/64 Ultracongelado, emb. 800 gr",,16.99,21.24,0,kg,€/Kg,,Tipo de stockagem,https://driveimg1.intermarche.com/pt/Content/images/boitmal/produit/zoom/85CC3B8F2E9B3BFD78B9D6D509C7D56E.jpg,,,,,2025-12-31T23:59:59Z,PROSPECTUS,14,2,,,
6398,8410372182303,75.0,Colgate,"Dentifríco flúor gel, embalagem de 75 ml",,1.99,26.53,75,L,€/L,,,https://driveimg1.intermarche.com/pt/Content/images/boitmal/produit/zoom/3F011A79E5A34E1D47A1369D50D1C53B.jpg,,,,,2025-12-31T23:59:59Z,PROSPECTUS,14,2,,,
6401,8410376000146,800.0,Gullón,Bolachas tostadas,Embalagem de 4x200 g,2.29,2.86,0,kg,€/Kg,,,https://driveimg1.intermarche.com/pt/Content/images/boitmal/produit/zoom/1404332EE734824121FB64FC0372880F.jpg,,,,,2025-12-31T23:59:59Z,PROSPECTUS,14,2,,,
6460,8410436216777,53.0,Sonasol,Bloco Sanitário Poder Activo Floral,Embalagem de 50 g,1.98,37.36,0,kg,€/Kg,,,https://driveimg1.intermarche.com/pt/Content/images/boitmal/produit/zoom/428A90D17C72E1CEA455915A18AE3510.jpg,,,,,2025-12-31T23:59:59Z,PROSPECTUS,14,2,,,
6579,8412400109313,750.0,Pronto,"Limpador, 750 ml",,3.49,4.65,750,L,€/L,,,https://driveimg1.intermarche.com/pt/Content/images/boitmal/produit/zoom/69582F10C4D4AF319E2C2525904719C9.jpg,,,,,2025-12-31T23:59:59Z,PROSPECTUS,14,2,,,
6586,8412400335316,150.0,Glade,"Abs odores lavanda, pack 2x150g",Embalagem de 2x150 g,3.29,21.93,0,kg,€/Kg,,,https://driveimg1.intermarche.com/pt/Content/images/boitmal/produit/zoom/C9BF71A97CEB06168D66B6F35A1F168F.jpg,,,,,2025-12-31T23:59:59Z,PROSPECTUS,14,2,,,
6689,8435257022567,720.0,Longa vida,"Iogurte magro morango, embalagem de 6 x 120g",,2.29,3.18,0,kg,€/Kg,,,https://driveimg1.intermarche.com/pt/Content/images/boitmal/produit/zoom/C7D81FD136DA0ED21FA11EE161602678.jpg,,,,,2025-12-31T23:59:59Z,PROSPECTUS,14,2,,,
6834,8714789162607,,Colgate,"Escova de dentes, extra clean, 2 unidades",,2.24,2.24,2,,€/Unidade,,,https://driveimg1.intermarche.com/pt/Content/images/boitmal/produit/zoom/44661A51C33886F9F9D2E9E6336E3737.jpg,,,,,2025-12-31T23:59:59Z,PROSPECTUS,14,2,,,
6930,9300631115434,200.0,Veet,"Depilatório homem gel, 200 ml",,7.34,36.7,200,L,€/L,,,https://driveimg1.intermarche.com/pt/Content/images/boitmal/produit/zoom/8A297CDBAC5B42EFD5175092DDCFB6D4.jpg,,,,,2025-12-31T23:59:59Z,PROSPECTUS,14,2,,,
6971,4005900388674,50.0,Nivea Men,"Desodorizante roll'on black & white, embalagem de 50 ml",,2.29,45.8,50,L,€/L,,,https://driveimg1.intermarche.com/pt/Content/images/boitmal/produit/zoom/BF69F0F2038CB492BCFD0B6576CFD837.jpg,,,,,2025-12-31T23:59:59Z,PROSPECTUS,14,2,,,
6988,0000056090017,100.0,Eru,Queijo creme real,Embalagem de 100 g,1.38,13.8,0,kg,€/Kg,,,https://driveimg1.intermarche.com/pt/Content/images/boitmal/produit/zoom/903838029622B2F4259D8E514B009979.jpg,,,,,2025-12-31T23:59:59Z,PROSPECTUS,14,2,,,
6992,0000056090864,100.0,Eru,Queijo creme light,Embalagem de 100 g,1.38,13.8,0,kg,€/Kg,,,https://driveimg1.intermarche.com/pt/Content/images/boitmal/produit/zoom/7AF7CD5AB1E6FD4B4EE6ADE4EE7D3004.jpg,,,,,2025-12-31T23:59:59Z,PROSPECTUS,14,2,,,
6993,0000056091151,100.0,Eru,"Queijo creme, presunto",Embalagem de 100 g,1.38,13.8,0,kg,€/Kg,,,https://driveimg1.intermarche.com/pt/Content/images/boitmal/produit/zoom/18F3A18A3116B3716EC2E65028430488.jpg,,,,,2025-12-31T23:59:59Z,PROSPECTUS,14,2,,,
7016,0000090162800,250.0,Red Bull,"Bebida energética sem açúcar, garrafa de 250 ml",,1.25,5.0,250,L,€/L,,,https://driveimg1.intermarche.com/pt/Content/images/boitmal/produit/zoom/D120A6301648831142416DED9064D7D3.jpg,,,,,2025-12-31T23:59:59Z,PROSPECTUS,14,2,,,
7244,3073781050196,140.0,A Vaca Que Ri,"Queijo em palitos, embalagem de 140g",,1.99,14.21,0,kg,€/Kg,,,https://driveimg1.intermarche.com/pt/Content/images/boitmal/produit/zoom/C79A3541C1910B83E7E4B4E57044D0EF.jpg,,,,,2025-12-31T23:59:59Z,PROSPECTUS,14,2,,,
7293,3141360050001,750.0,Calgon,"Anti calcário para máquina de roupa em gel, de 750 ml",,6.99,9.32,750,L,€/L,,,https://driveimg1.intermarche.com/pt/Content/images/boitmal/produit/zoom/6C55FBB2527B904983CBCD32EE0DD6E9.jpg,,,,,2025-12-31T23:59:59Z,PROSPECTUS,14,2,,,
7356,3250390033677,750.0,Delagne & Fils,Champagne Rose Bruto,"Garrafa de 0,75 l",20.99,27.99,750,L,€/L,,,https://driveimg1.intermarche.com/pt/Content/images/boitmal/produit/zoom/C67F8C7F5B830F4B7403ECD98A12FE61.jpg,,,,,2025-12-31T23:59:59Z,PROSPECTUS,14,2,,,
7409,3250390504535,250.0,Páturages,Chantilly Spray Light 250g,Embalagem de 250g,1.79,7.16,0,kg,€/Kg,,,https://driveimg1.intermarche.com/pt/Content/images/boitmal/produit/zoom/0EDD81F8B87FE74609B7B722EED5BB1F.jpg,,,,,2025-12-31T23:59:59Z,PROSPECTUS,14,2,,,
7470,3250391033218,750.0,Delagne & Fils,Champagne Trad.bruto,Garrafa de 750 ml,21.79,29.05,750,L,€/L,,,https://driveimg1.intermarche.com/pt/Content/images/boitmal/produit/zoom/A152267AB0114DCF4F735F0AEE272ED0.jpg,,,,,2025-12-31T23:59:59Z,PROSPECTUS,14,2,,,
7640,4005808246960,250.0,Nivea,"Loção Corpo Q10 Refirmante, emb. 250 ml",,5.84,23.36,250,L,€/L,,,https://driveimg1.intermarche.com/pt/Content/images/boitmal/produit/zoom/4EE476537741AA647F7BF00595651AC4.jpg,,,,,2025-12-31T23:59:59Z,PROSPECTUS,14,2,,,
7934,5000146401568,,Woolite,"Toalhitas de proteção, cores, 10 unidades",Uma embalagem,3.99,3.99,0,,€/Unidade,,,https://driveimg1.intermarche.com/pt/Content/images/boitmal/produit/zoom/B5A7F36CE5A8F8531C72A6DA7621A5D6.jpg,,,,,2025-12-31T23:59:59Z,PROSPECTUS,14,2,,,
7958,5000204524710,18.0,Glade,"Recarga Ambientador Sense & Spray Baunilha, 18 ml",,3.49,193.89,18,L,€/L,,,https://driveimg1.intermarche.com/pt/Content/images/boitmal/produit/zoom/264E6718B786624A842F93A1E4855703.jpg,,,,,2025-12-31T23:59:59Z,PROSPECTUS,14,2,,,
7965,5000204595369,,Glade,"Recarga ambientador automático, sense & spray, lavanda/jasmim",,3.49,3.49,0,,€/Unidade,,,https://driveimg1.intermarche.com/pt/Content/images/boitmal/produit/zoom/497BE1766F9C99EE2559EEE841495429.jpg,,,,,2025-12-31T23:59:59Z,PROSPECTUS,14,2,,,
8068,5011417544679,400.0,Finish,Abrilhantador p/ máquina de lavar loiça,Garrafa de 400 ml,4.99,12.48,400,L,€/L,,,https://driveimg1.intermarche.com/pt/Content/images/boitmal/produit/zoom/5D045CC65EE222532216DB5B0BF2A582.jpg,,,,,2025-12-31T23:59:59Z,PROSPECTUS,14,2,,,
8073,5011417549247,150.0,Veet,"Creme depilatório para duche peles sensiveis, 150 ml",,6.99,46.6,150,L,€/L,,,https://driveimg1.intermarche.com/pt/Content/images/boitmal/produit/zoom/55F20A527BAE920D8A5B2450A23FB180.jpg,,,,,2025-12-31T23:59:59Z,PROSPECTUS,14,2,,,
8286,5601012001310,750.0,Mateus,"Espumante rosé bruto, 750 ml",,4.99,6.65,750,L,€/L,,,https://driveimg1.intermarche.com/pt/Content/images/boitmal/produit/zoom/26A15E10B2006079D3D7705AEA038BE4.jpg,,,,,2025-12-31T23:59:59Z,PROSPECTUS,14,2,,,
8312,5604260318728,,PorSi,Rolo de Cozinha Multiusos 2 Folhas 1 Rolo,,2.95,2.95,0,,€/Unidade,,,https://driveimg1.intermarche.com/pt/Content/images/boitmal/produit/zoom/2CC07BB275A924BB79BAF68BD05975F4.jpg,,,,,2025-12-31T23:59:59Z,PROSPECTUS,14,2,,,
8323,5601030007028,80.0,Eru,"Queijinhos Surpresa Kid, emb. 80 gr",Embalagem de 80 g,1.83,22.88,0,kg,€/Kg,,,https://driveimg1.intermarche.com/pt/Content/images/boitmal/produit/zoom/EBFBF83EE1F7EF39581C507C08B59104.jpg,,,,,2025-12-31T23:59:59Z,PROSPECTUS,14,2,,,
8383,5601049132995,1000.0,Mimosa,"Leite uht meio gordo, embalagem de 1litro",,0.9,0.9,1000,L,€/L,,,https://driveimg1.intermarche.com/pt/Content/images/boitmal/produit/zoom/6FB52C843F677BD37D399D45BB10B38B.jpg,https://driveimg1.intermarche.com/pt/Content/images/boitmal/produit/zoom/AE810093A08CEBD60415DCC626CF5804.jpg,https://driveimg1.intermarche.com/pt/Content/images/boitmal/produit/zoom/A0562293538F541B1B99592AA046327B.jpg,,,2025-12-31T23:59:59Z,PROSPECTUS,14,2,,,
8384,5601049133992,1000.0,Mimosa,"Leite uht magro, embalagem de 1litro",,0.9,0.9,1000,L,€/L,,,https://driveimg1.intermarche.com/pt/Content/images/boitmal/produit/zoom/128AB814EBA9C0783B386EB2E0A38CC9.jpg,https://driveimg1.intermarche.com/pt/Content/images/boitmal/produit/zoom/8C350978140C257D0AAD7365CD133F0C.jpg,https://driveimg1.intermarche.com/pt/Content/images/boitmal/produit/zoom/B9BED9F397071733FB4D36CBE39ECDBA.jpg,,,2025-12-31T23:59:59Z,PROSPECTUS,14,2,,,
8487,5601096401303,750.0,Aveleda,"Vinho maduro branco minho alvarinho, garrafa de 0.75 l",,4.99,6.65,750,L,€/L,,,https://driveimg1.intermarche.com/pt/Content/images/boitmal/produit/zoom/5584288B4D3CB005FE87B35856EF89A7.jpg,,,,,2025-12-31T23:59:59Z,PROSPECTUS,14,2,,,
8494,5601098045826,580.0,Paiva,"Queijo curado, meio gordo",Embalagem de 580 g,6.29,10.84,0,kg,€/Kg,,,https://driveimg1.intermarche.com/pt/Content/images/boitmal/produit/zoom/D0209116E53876AAAA11FE02E5712591.jpg,,,,,2025-12-31T23:59:59Z,PROSPECTUS,14,2,,,
8495,5601098047004,,Paiva,"Queijo curado apimentado, embalagem de 550g",,6.29,6.29,1,,€/Unidade,,,https://driveimg1.intermarche.com/pt/Content/images/boitmal/produit/zoom/F3C00530E1C68E4049DD501A62C23610.jpg,,,,,2025-12-31T23:59:59Z,PROSPECTUS,14,2,,,
8497,5601098656565,,Paiva,"Queijo curado de mistura, 600 g",,6.29,6.29,1,,€/Unidade,,,https://driveimg1.intermarche.com/pt/Content/images/boitmal/produit/zoom/75980BB61B451F78D12DB8E9EC9720E7.jpg,,,,,2025-12-31T23:59:59Z,PROSPECTUS,14,2,,,
8520,5601119956490,120.0,Nobre,"Fiambre perna extra finissimos fatiado, embalagem de 120g",,1.99,16.58,0,kg,€/Kg,,,https://driveimg1.intermarche.com/pt/Content/images/boitmal/produit/zoom/15C8ADF2CEDA2C19A63D893348F1D7F5.jpg,,,,,2025-12-31T23:59:59Z,PROSPECTUS,14,2,,,
8550,5601129035000,750.0,Fita azul,"Espumante seco celebration, garrafa de 750 ml",,4.99,6.65,750,L,€/L,,,https://driveimg1.intermarche.com/pt/Content/images/boitmal/produit/zoom/2539E36D2734DDF03497E5E6DAD4F666.jpg,,,,,2025-12-31T23:59:59Z,PROSPECTUS,14,2,,,
8551,5601129035017,750.0,Fita azul,"Espumante meio seco celebration, garrafa de 750 ml",,4.99,6.65,750,L,€/L,,,https://driveimg1.intermarche.com/pt/Content/images/boitmal/produit/zoom/73689847C4CBE661DE6E7FC28B32B6E1.jpg,,,,,2025-12-31T23:59:59Z,PROSPECTUS,14,2,,,
8552,5601129035024,750.0,Fita azul,"Espumante doce celebration, garrafa de 750 ml",,4.99,6.65,750,L,€/L,,,https://driveimg1.intermarche.com/pt/Content/images/boitmal/produit/zoom/2BA0762517A81EC0AD2A8253F6B27707.jpg,,,,,2025-12-31T23:59:59Z,PROSPECTUS,14,2,,,
8670,5601164900004,6000.0,Carlsberg,"Cerveja com Álcool, emb. 24 x 25 cl",,12.99,2.17,6000,L,€/L,,,https://driveimg1.intermarche.com/pt/Content/images/boitmal/produit/zoom/974095AD2AA090B34BBE60CDC13FDA25.jpg,,,,,2025-12-31T23:59:59Z,PROSPECTUS,14,2,,,
8701,5601182162002,,Johnson's Baby,"Cotonetes, 200 unidades",Uma embalagem,2.24,2.24,0,,€/Unidade,,,https://driveimg1.intermarche.com/pt/Content/images/boitmal/produit/zoom/335333A8F69CD804CBAC5D0EA6FBC8C0.jpg,,,,,2025-12-31T23:59:59Z,PROSPECTUS,14,2,,,
8800,5601244201922,200.0,Terra Nostra,"Queijo em fatias redução de gordura, embalagem de 200g",,2.39,11.95,0,kg,€/Kg,,,https://driveimg1.intermarche.com/pt/Content/images/boitmal/produit/zoom/4D3628F49627348D2ED37AEDC80914E5.jpg,,,,,2025-12-31T23:59:59Z,PROSPECTUS,14,2,,,
8801,5601244201960,350.0,Terra Nostra,"Queijo flamengo, bola quartos, embalagem de 350g",,3.49,9.97,0,kg,€/Kg,,,https://driveimg1.intermarche.com/pt/Content/images/boitmal/produit/zoom/6383E3291BF534B2B32E49FC441DAF9D.jpg,,,,,2025-12-31T23:59:59Z,PROSPECTUS,14,2,,,
8802,5601244202363,400.0,Terra Nostra,"Queijo em fatias, embalagem de 400g",,4.29,10.73,0,kg,€/Kg,,,https://driveimg1.intermarche.com/pt/Content/images/boitmal/produit/zoom/902CA7799BBBA9029457B2CA9E0FB1C4.jpg,,,,,2025-12-31T23:59:59Z,PROSPECTUS,14,2,,,
8808,5601252107094,250.0,Gallo,"Vinagre vinho branco, garrafa 250ml",,1.29,5.16,250,L,€/L,,,https://driveimg1.intermarche.com/pt/Content/images/boitmal/produit/zoom/0BA26199C027C9616D0DF2F5F2C3C85C.jpg,,,,,2025-12-31T23:59:59Z,PROSPECTUS,14,2,,,
8809,5601252107179,250.0,Gallo,"Vinagre de Sidra Original, emb. 250 ml",,1.69,6.76,250,L,€/L,,,https://driveimg1.intermarche.com/pt/Content/images/boitmal/produit/zoom/29CFC4BAC1385878FA06A6A385C70C3C.jpg,,,,,2025-12-31T23:59:59Z,PROSPECTUS,14,2,,,
8898,5601333051674,750.0,O Tal Vinho da Lixa,"Vinho Verde Branco, garrafa 75 cl",,2.99,3.99,750,L,€/L,,,https://driveimg1.intermarche.com/pt/Content/images/boitmal/produit/zoom/99E3C8AD5B7BC228DE7D81019141F430.jpg,,,,,2025-12-31T23:59:59Z,PROSPECTUS,14,2,,,
8983,5601489129241,100.0,Du Bois de la Roche,"Bolachas palmi kids, embalagem de 100g",,0.95,9.5,0,kg,€/Kg,,,https://driveimg1.intermarche.com/pt/Content/images/boitmal/produit/zoom/F990D9E68F9003DEB6872D54D6682787.jpg,,,,,2025-12-31T23:59:59Z,PROSPECTUS,14,2,,,
9012,5601531101119,750.0,Muralhas,"Vinho verde alvarinho trajadura branco, garrafa de 750 ml",,3.74,4.99,750,L,€/L,,,https://driveimg1.intermarche.com/pt/Content/images/boitmal/produit/zoom/7365479DE84D61DF4FED74F10B0D972D.jpg,,,,,2025-12-31T23:59:59Z,PROSPECTUS,14,3,,,
9111,5601989001412,750.0,Monte Velho,"Vinho regional alentejano tinto, garrafa de 0.75 l",,3.89,5.19,750,L,€/L,,,https://driveimg1.intermarche.com/pt/Content/images/boitmal/produit/zoom/5313E203A06105D1BF7A5AD8308AD864.jpg,,,,,2025-12-31T23:59:59Z,PROSPECTUS,14,3,,,
9255,5603124024140,545.0,Mistolin,"Tira gorduras recarga, de 550 ml",,2.49,4.57,545,L,€/L,,,https://driveimg1.intermarche.com/pt/Content/images/boitmal/produit/zoom/687EAA7C10E8372C470B9350CC205D49.jpg,,,,,2025-12-31T23:59:59Z,PROSPECTUS,14,3,,,
9278,5603522994533,750.0,Assobio,"Vinho maduro tinto doc douro, garrafa de 0.75 l",,5.99,7.99,750,L,€/L,,,https://driveimg1.intermarche.com/pt/Content/images/boitmal/produit/zoom/927557CB01C4E330DD7E55180DE7935F.jpg,,,,,2025-12-31T23:59:59Z,PROSPECTUS,14,3,,,
9311,5603722502064,250.0,Mimosa,"Manteiga fácil de barrar, embalagem de 250g",,2.24,8.96,0,kg,€/Kg,,,https://driveimg1.intermarche.com/pt/Content/images/boitmal/produit/zoom/FEF75CFD36A5CE8709DF5D4930F11917.jpg,https://driveimg1.intermarche.com/pt/Content/images/boitmal/produit/zoom/A8C47E9F1F12DFE2439D3530C38E2D87.jpg,https://driveimg1.intermarche.com/pt/Content/images/boitmal/produit/zoom/2EE410FD3A0147BBB442FA96902FFF46.jpg,,,2025-12-31T23:59:59Z,PROSPECTUS,14,3,,,
9315,5603722509544,1000.0,Mimosa,"Leite 0% lactose magro, de 1l",,1.15,1.15,1000,L,€/L,,,https://driveimg1.intermarche.com/pt/Content/images/boitmal/produit/zoom/0350D0DE44A653A9AB01722B06443E94.jpg,https://driveimg1.intermarche.com/pt/Content/images/boitmal/produit/zoom/DC5219EC1E15E09529E323B7D196FADA.jpg,https://driveimg1.intermarche.com/pt/Content/images/boitmal/produit/zoom/DC48BFFA4281D8016E9FB40168ED4485.jpg,,,2025-12-31T23:59:59Z,PROSPECTUS,14,3,,,
9572,5604260329380,1500.0,Selecção de Enófilos,"Vinho Tinto DOC Alentejo 1,5l",,6.99,4.66,1500,L,€/L,,,https://driveimg1.intermarche.com/pt/Content/images/boitmal/produit/zoom/98CF866A794AB629ABCACE31BEDB7D82.jpg,,,,,2025-12-31T23:59:59Z,PROSPECTUS,14,3,,,
9621,5604260264766,150.0,PorSi,Batatas Fritas em Azeite 150g,,1.45,9.67,0,kg,€/Kg,,,https://driveimg1.intermarche.com/pt/Content/images/boitmal/produit/zoom/6D03FBEB7A98191F27E0B9F42498BD17.jpg,,,,,2025-12-31T23:59:59Z,PROSPECTUS,14,3,,,
9682,5604260270200,270.0,PorSi,Leite Creme 2x135g,,1.99,7.37,0,kg,€/Kg,,,https://driveimg1.intermarche.com/pt/Content/images/boitmal/produit/zoom/E6C77FD8EA71CF9181A68A3C6CA3F5E7.jpg,,,,,2025-12-31T23:59:59Z,PROSPECTUS,14,3,,,
9683,5604260270217,270.0,PorSi,Arroz Doce 2x135g,,1.7,6.3,0,kg,€/Kg,,,https://driveimg1.intermarche.com/pt/Content/images/boitmal/produit/zoom/D056B521DDD92127AC982E05D6039929.jpg,,,,,2025-12-31T23:59:59Z,PROSPECTUS,14,3,,,
9684,5604260270224,270.0,PorSi,Delicia Sabor Bolacha 2x135g,,1.99,7.37,0,kg,€/Kg,,,https://driveimg1.intermarche.com/pt/Content/images/boitmal/produit/zoom/AFBD5739FB07A1227F6816015DC87B23.jpg,,,,,2025-12-31T23:59:59Z,PROSPECTUS,14,3,,,
9839,5760466997188,200.0,Starbucks,"Doubleshot Espresso, emb. 200 ml",,1.83,9.15,200,L,€/L,,,https://driveimg1.intermarche.com/pt/Content/images/boitmal/produit/zoom/C517C5D8870F536068B9DBBB4D061B56.jpg,,,,,2025-12-31T23:59:59Z,PROSPECTUS,14,3,,,
9859,5998749117750,60.0,Catisfactions,"Snack para gato de salmão, embalagem de 60g",,1.69,28.17,0,kg,€/Kg,,,https://driveimg1.intermarche.com/pt/Content/images/boitmal/produit/zoom/B799D7A1AD142A0B0FBA8E853A149EE8.jpg,,,,,2025-12-31T23:59:59Z,PROSPECTUS,14,3,,,
9860,5998749117774,60.0,Catisfactions,"Snack para gato, embalagem de 60g",,1.69,28.17,0,kg,€/Kg,,,https://driveimg1.intermarche.com/pt/Content/images/boitmal/produit/zoom/8101203972BAF1C5864106047DC8064A.jpg,,,,,2025-12-31T23:59:59Z,PROSPECTUS,14,3,,,
9861,5998749117798,60.0,Catisfactions,"Snack para gato de queijo, embalagem de 60g",,1.69,28.17,0,kg,€/Kg,,,https://driveimg1.intermarche.com/pt/Content/images/boitmal/produit/zoom/77C3FBAC96EEDCDDF2579EC98789B81E.jpg,,,,,2025-12-31T23:59:59Z,PROSPECTUS,14,3,,,
9872,7322540319972,,Tena,"Pensos Incontinência Discreet Maxi, emb. 12 un.",,6.36,6.36,12,,€/Unidade,,,https://driveimg1.intermarche.com/pt/Content/images/boitmal/produit/zoom/B0A5760A95DCC6213209AC3ABAE33C53.jpg,https://driveimg1.intermarche.com/pt/Content/images/boitmal/produit/zoom/F2C60811FC32EA34D7318E5D762B5028.jpg,https://driveimg1.intermarche.com/pt/Content/images/boitmal/produit/zoom/27A2BE4C6FB8F76ABEAF4A14BD4BCFEB.jpg,https://driveimg1.intermarche.com/pt/Content/images/boitmal/produit/zoom/C80C60FA35457997181F710DFDCBB137.jpg,,2025-12-31T23:59:59Z,PROSPECTUS,14,3,,,
9884,7613031584765,340.0,Purina Gourmet,"Comida Húmida Para Gato Finos Pedaços Com Legumes, emb. 4 x 85 gr",,2.59,7.62,0,kg,€/Kg,,,https://driveimg1.intermarche.com/pt/Content/images/boitmal/produit/zoom/C0CDF4838FFE7D06F232C7798568AA0E.jpg,,,,,2025-12-31T23:59:59Z,PROSPECTUS,14,3,,,
9887,7613032285470,340.0,Purina Gourmet,"Comida Húmida para Gato Adulto Finos Pedaços em Gelatina Saquetas, emb. 4 x 85 gr",Embalagem de 4x85 g,2.59,7.62,0,kg,€/Kg,,,https://driveimg1.intermarche.com/pt/Content/images/boitmal/produit/zoom/9135450626020059BB082204BCDFD9B5.jpg,,,,,2025-12-31T23:59:59Z,PROSPECTUS,14,3,,,
9891,7613032649647,126.0,Lion,"Snack de Chocolate de Leite Lion, emb. 126 gr (3 un)",Embalagem de 3x42 g    ,2.79,22.14,0,kg,€/Kg,,,https://driveimg1.intermarche.com/pt/Content/images/boitmal/produit/zoom/5C340AECE63C9548B457B1D22CC4DCB6.jpg,,,,,2025-12-31T23:59:59Z,PROSPECTUS,14,3,,,
9900,7613034010605,3000.0,Friskies,Ração para cão adulto omega com vaca e peixe,Embalagem de 3 kg,9.74,3.25,0,kg,€/Kg,,,https://driveimg1.intermarche.com/pt/Content/images/boitmal/produit/zoom/5959E9CF4F393158E0F99F2CBB0F5184.jpg,,,,,2025-12-31T23:59:59Z,PROSPECTUS,14,3,,,
9906,7613034146687,800.0,Purina One,"Ração para Cão Weight Control rico em Peru, 800 g",,4.79,5.99,0,kg,€/Kg,,,https://driveimg1.intermarche.com/pt/Content/images/boitmal/produit/zoom/F5A0436D904322D54699D9AD681866F1.jpg,,,,,2025-12-31T23:59:59Z,PROSPECTUS,14,3,,,
9907,7613034146823,800.0,Purina One,"Ração para Cão Adulto Mini Vaca e Arroz, emb. 800 gr",,4.79,5.99,0,kg,€/Kg,,,https://driveimg1.intermarche.com/pt/Content/images/boitmal/produit/zoom/BC85A1894A8082C859A5F82E4CFD0FB7.jpg,,,,,2025-12-31T23:59:59Z,PROSPECTUS,14,3,,,
9988,8000420031068,750.0,Gancia,Espumante asti,Garrafa de 750 ml,7.69,10.25,750,L,€/L,,,https://driveimg1.intermarche.com/pt/Content/images/boitmal/produit/zoom/6ACAB0C2A383C15A924D340B3AAF3071.jpg,,,,,2025-12-31T23:59:59Z,PROSPECTUS,14,3,,,
10000,8001480020559,2000.0,Neoblanc,Lixivia perfume fresco,Embalagem de 2 l,2.24,1.12,2000,L,€/L,,,https://driveimg1.intermarche.com/pt/Content/images/boitmal/produit/zoom/266C62A7DBFC41254AE390F71B330D96.jpg,,,,,2025-12-31T23:59:59Z,PROSPECTUS,14,3,,,
10056,8410036800468,750.0,Freixenet,"Espumante Freixenet Cordon Negro Branco Cava Bruto, garrafa 75 cl",,7.99,10.65,750,L,€/L,,,https://driveimg1.intermarche.com/pt/Content/images/boitmal/produit/zoom/96EFA695B1C4201910FA2011BCE09AEA.jpg,,,,,2025-12-31T23:59:59Z,PROSPECTUS,14,3,,,
10057,8410036800512,750.0,Freixenet,"Espumante cava meio seco reserva, garrafa de 750 ml",,6.99,9.32,750,L,€/L,,,https://driveimg1.intermarche.com/pt/Content/images/boitmal/produit/zoom/595A72B091587557F63E6DF8F5C0E8F8.jpg,,,,,2025-12-31T23:59:59Z,PROSPECTUS,14,3,,,
10065,8410063044606,255.0,Pescanova,"Delícias do Mar em Forma de Lagosta Ultracongeladas, emb. 255 gr",,2.19,8.59,0,kg,€/Kg,,Tipo de stockagem,https://driveimg1.intermarche.com/pt/Content/images/boitmal/produit/zoom/AE290AE6F57FE3D6649376D93272D7F4.jpg,,,,,2025-12-31T23:59:59Z,PROSPECTUS,14,3,,,
10091,8410100059839,360.0,Nestlé,"Queijinho petit nesquik, embalagem de 6 x 60g",,2.99,8.31,0,kg,€/Kg,,,https://driveimg1.intermarche.com/pt/Content/images/boitmal/produit/zoom/88B248C453A669F7E350B1DDEC2F3C33.jpg,,,,,2025-12-31T23:59:59Z,PROSPECTUS,14,3,,,
10094,8435257040776,640.0,Nestlé,"Iogurte líquido yoggi banana, embalagem de 4 x 160 g",,1.99,3.11,0,kg,€/Kg,,,https://driveimg1.intermarche.com/pt/Content/images/boitmal/produit/zoom/6885FCEF2FEF4752D565E64A3BDEE242.jpg,,,,,2025-12-31T23:59:59Z,PROSPECTUS,14,3,,,
10095,8435257040899,640.0,Nestlé,"Iogurte líquido yoggi morango, embalagem de 4 x 160g",,1.99,3.11,0,kg,€/Kg,,,https://driveimg1.intermarche.com/pt/Content/images/boitmal/produit/zoom/BCBB1C4518CDF8045B46EB41CD173E54.jpg,,,,,2025-12-31T23:59:59Z,PROSPECTUS,14,3,,,
10111,8410104402501,200.0,Vanish,"Pré-lavagem power gel, garrafa de 200 ml",,3.99,19.95,200,L,€/L,,,https://driveimg1.intermarche.com/pt/Content/images/boitmal/produit/zoom/43D4A166A3EF555D36A5BBF95FBB5D96.jpg,,,,,2025-12-31T23:59:59Z,PROSPECTUS,14,3,,,
10116,8410104702601,,Finish,Limpa máquina loiça regular,,3.99,3.99,1,,€/Unidade,,,https://driveimg1.intermarche.com/pt/Content/images/boitmal/produit/zoom/928CE798A3F3B183700718A418930AB8.jpg,,,,,2025-12-31T23:59:59Z,PROSPECTUS,14,3,,,
10130,8410108116213,,Ausonia,Pensos Higiénicos Ultra Air Dry C/ Abas,embalagem com 14 un.,1.94,1.94,0,,€/Unidade,,,https://driveimg1.intermarche.com/pt/Content/images/boitmal/produit/zoom/D5EBFFD6967956FE965D71471D4F4844.jpg,,,,,2025-12-31T23:59:59Z,PROSPECTUS,14,3,,,
10161,8410199030900,85.0,LayS,"Aperitivos 3ds cones, embalagem de 90g",,1.99,23.41,0,kg,€/Kg,,,https://driveimg1.intermarche.com/pt/Content/images/boitmal/produit/zoom/CABD9E02E15FE0A39A1EB6AA89751DFE.jpg,,,,,2025-12-31T23:59:59Z,PROSPECTUS,14,3,,,
10225,8410436170734,,Palette,Coloração Permanente Preto |1.0,,4.29,4.29,0,,€/Unidade,,,https://driveimg1.intermarche.com/pt/Content/images/boitmal/produit/zoom/52BE4B2CC236A410D7F85B4B82187856.jpg,,,,,2025-12-31T23:59:59Z,PROSPECTUS,14,3,,,
10226,8410436170888,,Palette,Coloração Permanente Castanho Chocolate |3.65,,4.29,4.29,0,,€/Unidade,,,https://driveimg1.intermarche.com/pt/Content/images/boitmal/produit/zoom/98D41B08B13375B7B061A8742B556E95.jpg,,,,,2025-12-31T23:59:59Z,PROSPECTUS,14,3,,,
10227,8410436170932,,Palette,Coloração Permanente Caju |3.68,,4.29,4.29,0,,€/Unidade,,,https://driveimg1.intermarche.com/pt/Content/images/boitmal/produit/zoom/70CFFA73A2773D337CFC8864805CECA2.jpg,,,,,2025-12-31T23:59:59Z,PROSPECTUS,14,3,,,
10229,8410436171014,,Palette,Coloração Permanente Louro Escuro |6,,4.29,4.29,0,,€/Unidade,,,https://driveimg1.intermarche.com/pt/Content/images/boitmal/produit/zoom/96D15C98D8287214EF7F682455D5E931.jpg,,,,,2025-12-31T23:59:59Z,PROSPECTUS,14,3,,,
10230,8410436171052,,Palette,Coloração Permanente Preto Azulado |1.1,,4.29,4.29,0,,€/Unidade,,,https://driveimg1.intermarche.com/pt/Content/images/boitmal/produit/zoom/BD4F1A8A602EE1811E25F1CED97B3045.jpg,,,,,2025-12-31T23:59:59Z,PROSPECTUS,14,3,,,
10272,8410436240109,50.0,Sonasol,"Bloco sanitário blue activ, eucalio",Embalagem de 50 g,1.98,39.6,0,kg,€/Kg,,,https://driveimg1.intermarche.com/pt/Content/images/boitmal/produit/zoom/AD6EF490A116ED8448E270834FD13125.jpg,,,,,2025-12-31T23:59:59Z,PROSPECTUS,14,3,,,
10273,8410436240130,50.0,Sonasol,Bloco sanitário blue activ higiene,Embalagem de 50 g,1.98,39.6,0,kg,€/Kg,,,https://driveimg1.intermarche.com/pt/Content/images/boitmal/produit/zoom/030C25BBFC0551A8A26341A0DB18F1E8.jpg,,,,,2025-12-31T23:59:59Z,PROSPECTUS,14,3,,,
10463,5604260324163,250.0,PorSi,Gel Íntimo,Embalagem de 250 ml,1.99,7.96,250,L,€/L,,,https://driveimg1.intermarche.com/pt/Content/images/boitmal/produit/zoom/B588051D80FCE942C70A87697EAC487E.jpg,,,,,2025-12-31T23:59:59Z,PROSPECTUS,14,3,,,
10509,8435250297955,256.0,Nestlé,"Iogurte mix in smarties baunilha, embalagem de 2 x 128 g",,2.19,8.55,0,kg,€/Kg,,,https://driveimg1.intermarche.com/pt/Content/images/boitmal/produit/zoom/5355941DC0922592DB9EDB46788FEE19.jpg,,,,,2025-12-31T23:59:59Z,PROSPECTUS,14,3,,,
10639,8712566395514,61.0,Knorr,"Sopa gourmet, cogumelos, embalagem de 60g",,1.99,32.62,0,kg,€/Kg,,,https://driveimg1.intermarche.com/pt/Content/images/boitmal/produit/zoom/37AB5E4154A122936DBF40F8E46CCD3D.jpg,,,,,2025-12-31T23:59:59Z,PROSPECTUS,14,3,,,
10651,8714789113227,75.0,Colgate,"Pasta dentífrica herbal branqueadora, embalagem de 75 ml",,1.99,26.53,75,L,€/L,,,https://driveimg1.intermarche.com/pt/Content/images/boitmal/produit/zoom/D603169FD8B2B272886B853A2EE3184C.jpg,,,,,2025-12-31T23:59:59Z,PROSPECTUS,14,3,,,
10694,8714789861647,,Colgate,Escova dentes slim soft média,,2.99,2.99,1,,€/Unidade,,,https://driveimg1.intermarche.com/pt/Content/images/boitmal/produit/zoom/4DE93E87787C1602339F777AF155D0FD.jpg,,,,,2025-12-31T23:59:59Z,PROSPECTUS,14,3,,,
10702,8714789925349,75.0,Colgate,"Pasta dentífrica máxima proteção, fresca, embalagem de 75 ml",,2.29,30.53,75,L,€/L,,,https://driveimg1.intermarche.com/pt/Content/images/boitmal/produit/zoom/25ADA59A95A3FDAF86D88BFBC2F69BCB.jpg,,,,,2025-12-31T23:59:59Z,PROSPECTUS,14,3,,,
10827,2895084000000,250.0,Alavão,Queijo Curado Trad.Pimentão,Vendido ao peso a partir de 250 gr,2.25,8.99,0,,€/Kg,,,https://driveimg1.intermarche.com/pt/Content/images/boitmal/produit/zoom/4E6BAB74AB5F3DC05744A385414FF98D.jpg,,,,,2025-12-31T23:59:59Z,PROSPECTUS,14,3,,,
10859,3023290400395,230.0,Nestlé,"Iogurte mix in kit kat, embalagem de 2 x 115g",,2.19,9.52,0,kg,€/Kg,,,https://driveimg1.intermarche.com/pt/Content/images/boitmal/produit/zoom/46A338E8D7EAC63B8EF63808F7DF5998.jpg,,,,,2025-12-31T23:59:59Z,PROSPECTUS,14,3,,,
10884,3147690051206,700.0,Label 5,Whisky blended,"Garrafa de 0,70 l",11.99,17.13,700,L,€/L,,,https://driveimg1.intermarche.com/pt/Content/images/boitmal/produit/zoom/C08CAF9ADA1BDE594E3803CD3B274AB6.jpg,,,,,2025-12-31T23:59:59Z,PROSPECTUS,14,3,,,
10916,3250390012313,250.0,Páturages,Chantilly Spray 250g,Embalagem de 250g,1.79,7.16,0,kg,€/Kg,,,https://driveimg1.intermarche.com/pt/Content/images/boitmal/produit/zoom/632DCF17E7FA2BEEAEC25ABE6C32B813.jpg,,,,,2025-12-31T23:59:59Z,PROSPECTUS,14,3,,,
11357,5038483957417,200.0,Durex,Gel de massagem,Embalagem de 200 ml,11.24,56.2,200,L,€/L,,,https://driveimg1.intermarche.com/pt/Content/images/boitmal/produit/zoom/857DE7A66BFB995E6EC84AC6D02D1245.jpg,,,,,2025-12-31T23:59:59Z,PROSPECTUS,14,3,,,
11462,5601012000917,750.0,Mateus,"Vinho rosé mateus emotion, garrafa de 750 ml",,3.59,4.79,750,L,€/L,,,https://driveimg1.intermarche.com/pt/Content/images/boitmal/produit/zoom/23158BC4A07F750833416B872EDDC1E6.jpg,,,,,2025-12-31T23:59:59Z,PROSPECTUS,14,3,,,
11501,5601049612084,125.0,Mimosa,"Manteiga com sal, embalagem de 130g",,1.39,11.12,0,kg,€/Kg,,,https://driveimg1.intermarche.com/pt/Content/images/boitmal/produit/zoom/C0A3DF0B7623AAEE8B7C1B9626AECDDA.jpg,https://driveimg1.intermarche.com/pt/Content/images/boitmal/produit/zoom/1207D37BB442FDD5C918BE023189F00C.jpg,,,,2025-12-31T23:59:59Z,PROSPECTUS,14,3,,,
11612,5601164824478,1980.0,Super Bock,"Cerveja sem Álcool Preta, emb. 6 x 33 cl",,4.49,2.27,1980,L,€/L,,,https://driveimg1.intermarche.com/pt/Content/images/boitmal/produit/zoom/5C26E13A4E57323C65850675F100133E.jpg,,,,,2025-12-31T23:59:59Z,PROSPECTUS,14,3,,,
11614,5601164874206,1980.0,Super Bock,"Cerveja sem Álcool, emb. 6 x 33 cl",,4.49,2.27,1980,L,€/L,,,https://driveimg1.intermarche.com/pt/Content/images/boitmal/produit/zoom/FEB5F0D5D776C18C5FAFF0542F70B7BE.jpg,,,,,2025-12-31T23:59:59Z,PROSPECTUS,14,3,,,
11656,5601195510128,1000.0,Pedras Salgadas,"Água com gás limão, pack 4 x 0.25 l",,2.19,2.19,1000,L,€/L,,,https://driveimg1.intermarche.com/pt/Content/images/boitmal/produit/zoom/B17C3B681260FB1EF3C3D602C2A48DB7.jpg,,,,,2025-12-31T23:59:59Z,PROSPECTUS,14,3,,,
11671,5601217126382,1650.0,Woolite,Detergente líquido p/ máquina lavar roupa cores,"Garrafa de 1,65 l",6.99,4.24,1650,L,€/L,,,https://driveimg1.intermarche.com/pt/Content/images/boitmal/produit/zoom/8C38ED746381E210259B37EA8CABFD0A.jpg,,,,,2025-12-31T23:59:59Z,PROSPECTUS,14,3,,,
11672,5601217126399,1650.0,Woolite,Detergente líquido p/ máquina lavar roupa cores escuras,"Garrafa de 1,65 l",6.99,4.24,1650,L,€/L,,,https://driveimg1.intermarche.com/pt/Content/images/boitmal/produit/zoom/FC5980949C1223101DAEB813C8710D22.jpg,,,,,2025-12-31T23:59:59Z,PROSPECTUS,14,3,,,
11685,5601244202042,150.0,Terra Nostra,"Queijo flamengo, ralado, embalagem de 150g",,1.69,11.27,0,kg,€/Kg,,,https://driveimg1.intermarche.com/pt/Content/images/boitmal/produit/zoom/661D5D131888AD52FC27900BF4583C9D.jpg,,,,,2025-12-31T23:59:59Z,PROSPECTUS,14,3,,,
11687,5601244202158,400.0,Terra Nostra,"Queijo fatias redução de gordura, embalagem de 400g",,4.39,10.98,0,kg,€/Kg,,,https://driveimg1.intermarche.com/pt/Content/images/boitmal/produit/zoom/1F91460A767DF4AF90E45E918A360294.jpg,,,,,2025-12-31T23:59:59Z,PROSPECTUS,14,3,,,
11688,5601244202318,200.0,Terra Nostra,"Queijo flamengo em fatias, embalagem de 200g",,2.29,11.45,0,kg,€/Kg,,,https://driveimg1.intermarche.com/pt/Content/images/boitmal/produit/zoom/51C5114F8500F311C1E44953A540868A.jpg,,,,,2025-12-31T23:59:59Z,PROSPECTUS,14,3,,,
11742,5601383014414,245.0,Izidoro,"Salsichas em frasco bockwurst, 5 un",Embalagem de 250g,1.98,8.08,0,kg,€/Kg,,,https://driveimg1.intermarche.com/pt/Content/images/boitmal/produit/zoom/D57BED57368BFADC2DEDC1B72480AE17.jpg,,,,,2025-12-31T23:59:59Z,PROSPECTUS,14,3,,,
11753,5601489781357,135.0,Du Bois de la Roche,"Feuilletine, embalagem de 135g",,1.64,12.15,0,kg,€/Kg,,,https://driveimg1.intermarche.com/pt/Content/images/boitmal/produit/zoom/997953ACC55043196AF108062B03F127.jpg,,,,,2025-12-31T23:59:59Z,PROSPECTUS,14,3,,,
11935,5603124023273,545.0,Mistolin,"Tira gorduras pistola, 550 ml",,2.69,4.94,545,L,€/L,,,https://driveimg1.intermarche.com/pt/Content/images/boitmal/produit/zoom/61307002E6EA5352BB9A64A39F439A9A.jpg,,,,,2025-12-31T23:59:59Z,PROSPECTUS,14,3,,,
11960,5603722505300,250.0,Mimosa,"Manteiga magra, embalagem de 250g",,2.09,8.36,0,kg,€/Kg,,,https://driveimg1.intermarche.com/pt/Content/images/boitmal/produit/zoom/C74CBDA10A089507D586E060E46ABF03.jpg,https://driveimg1.intermarche.com/pt/Content/images/boitmal/produit/zoom/C2F91C79228A3ADF27E4AEC55908D66D.jpg,https://driveimg1.intermarche.com/pt/Content/images/boitmal/produit/zoom/8234260C017BAB3AE2C659FDE5BBED44.jpg,,,2025-12-31T23:59:59Z,PROSPECTUS,14,3,,,
11961,5603722505607,1000.0,Mimosa,"Leite sem lactose meio gordo, de 1l",,1.15,1.15,1000,L,€/L,,,https://driveimg1.intermarche.com/pt/Content/images/boitmal/produit/zoom/A98ED8A0E5E675A3AC1A551BCE75B0AB.jpg,https://driveimg1.intermarche.com/pt/Content/images/boitmal/produit/zoom/4E57BFE09E8D859BDBE1705476BB9F1B.jpg,https://driveimg1.intermarche.com/pt/Content/images/boitmal/produit/zoom/E1F70144AAFCC0EAEBFF05614177D009.jpg,,,2025-12-31T23:59:59Z,PROSPECTUS,14,3,,,
11963,5603722505775,250.0,Mimosa,"Manteiga sem sal, embalagem de 250g",,2.19,8.76,0,kg,€/Kg,,,https://driveimg1.intermarche.com/pt/Content/images/boitmal/produit/zoom/9BCF64C54A7D7626D65710EBF82436CC.jpg,https://driveimg1.intermarche.com/pt/Content/images/boitmal/produit/zoom/1EA90F949357E7F98D48732996035C6E.jpg,https://driveimg1.intermarche.com/pt/Content/images/boitmal/produit/zoom/1F0AD169BB42B947BB5B96F6E89FDECD.jpg,,,2025-12-31T23:59:59Z,PROSPECTUS,14,3,,,
11967,5601049612336,250.0,Mimosa,"Manteiga com sal, embalagem de 250g",,2.19,8.76,0,kg,€/Kg,,,https://driveimg1.intermarche.com/pt/Content/images/boitmal/produit/zoom/2C2D066D904F137421CA4F472DC07738.jpg,https://driveimg1.intermarche.com/pt/Content/images/boitmal/produit/zoom/B59AE74FD0DBE6C3112F001AFF69E867.jpg,https://driveimg1.intermarche.com/pt/Content/images/boitmal/produit/zoom/BB9196C3025886DBB6F20EDD70A1CA7A.jpg,,,2025-12-31T23:59:59Z,PROSPECTUS,14,3,,,
12046,5604260104116,500.0,PorSi,Molho Béchamel 500ml,,1.69,3.38,500,L,€/L,,,https://driveimg1.intermarche.com/pt/Content/images/boitmal/produit/zoom/B291394A8F64F4ED834F032F124A988C.jpg,,,,,2025-12-31T23:59:59Z,PROSPECTUS,14,3,,,
12232,7613034453129,300.0,Purina Gourmet,"Comida húmida para gato seleção de peixes, embalagem de 300g",,2.59,8.63,0,kg,€/Kg,,,https://driveimg1.intermarche.com/pt/Content/images/boitmal/produit/zoom/0AFE779DB5FF364F09315DAB6399C25A.jpg,,,,,2025-12-31T23:59:59Z,PROSPECTUS,14,3,,,
12279,8000420742193,750.0,Gancia,Esoumante prosecco branco,Garrafa de 750 ml,8.99,11.99,750,L,€/L,,,https://driveimg1.intermarche.com/pt/Content/images/boitmal/produit/zoom/F1F0FBC86F2D5945B4B6136F3984F62A.jpg,,,,,2025-12-31T23:59:59Z,PROSPECTUS,14,3,,,
12286,8001480020696,2000.0,Neoblanc,Lixívia para roupa delicada,Embalagem de 2 l,5.24,2.62,2000,L,€/L,,,https://driveimg1.intermarche.com/pt/Content/images/boitmal/produit/zoom/AA134EE88CA0DF0986A964941E1C5878.jpg,,,,,2025-12-31T23:59:59Z,PROSPECTUS,14,3,,,
12288,8001480020757,2000.0,Neoblanc,Lixívia para roupa delicada,Embalagem de 2 l,4.49,2.25,2000,L,€/L,,,https://driveimg1.intermarche.com/pt/Content/images/boitmal/produit/zoom/623D9B31F30B86B3AF0F1B5AC589FBAC.jpg,,,,,2025-12-31T23:59:59Z,PROSPECTUS,14,3,,,
12449,8416400906132,128.0,Halls,"Rebuçados de Eucalipto sem Açúcar, Pack 4 x 32 g",,1.99,15.55,0,kg,€/Kg,,,https://driveimg1.intermarche.com/pt/Content/images/boitmal/produit/zoom/DF00187CA827E016CD77FE34A43CDD61.jpg,,,,,2025-12-31T23:59:59Z,PROSPECTUS,14,3,,,
12468,8435250439584,256.0,Nestlé,"Iogurte mix in smarties morango, embalagem de 2 x 128 g",,2.19,8.55,0,kg,€/Kg,,,https://driveimg1.intermarche.com/pt/Content/images/boitmal/produit/zoom/546EB338CC6149CC0CDDECE6E5ABF48D.jpg,,,,,2025-12-31T23:59:59Z,PROSPECTUS,14,3,,,
12471,8435257040868,640.0,Nestlé,"Iogurte líquido yoggi morango/banana, embalagem de 4 x 160g",,1.99,3.11,0,kg,€/Kg,,,https://driveimg1.intermarche.com/pt/Content/images/boitmal/produit/zoom/E92C48D7A1A5BA67322D0E6250F5BAFF.jpg,,,,,2025-12-31T23:59:59Z,PROSPECTUS,14,3,,,
12543,8715035110106,150.0,Kikkoman,"Molho de Soja, emb. 150 ml",,2.75,18.33,150,L,€/L,,,https://driveimg1.intermarche.com/pt/Content/images/boitmal/produit/zoom/3D3E630DEE5977CF2FC3BF40796FA65E.jpg,,,,,2025-12-31T23:59:59Z,PROSPECTUS,14,3,,,
12544,8715035130104,150.0,Kikkoman,"Molho de Soja com Menos Sal, emb. 150 ml",,2.75,18.33,150,L,€/L,,,https://driveimg1.intermarche.com/pt/Content/images/boitmal/produit/zoom/633AADF57E8BECC13514E3BC57DBF357.jpg,,,,,2025-12-31T23:59:59Z,PROSPECTUS,14,3,,,
12707,3387390326574,375.0,Nestlé,"Cereais cookie crisp, embalagem de 380g",,2.98,7.95,0,kg,€/Kg,,,https://driveimg1.intermarche.com/pt/Content/images/boitmal/produit/zoom/C3C9F6F83B5C3B2A5598C75459ACC4A8.jpg,,,,,2025-12-31T23:59:59Z,PROSPECTUS,14,3,,,
12889,2892175000000,150.0,Fruta,Kiwi categoria II,1 un = 150 gr (aprox.),0.45,2.99,0,,€/Kg,,,https://driveimg1.intermarche.com/pt/Content/images/boitmal/produit/zoom/39D74C337E358C98856B0EB2FC79D7A8.jpg,,,,,2025-12-31T23:59:59Z,PROSPECTUS,14,3,,,
12906,2892001000000,100.0,Fruta,Clementinas,1 un = 100 gr (aprox.),0.2,1.99,0,,€/Kg,,,https://driveimg1.intermarche.com/pt/Content/images/boitmal/produit/zoom/91DC72E142D597026B000E92136FFB70.jpg,,,,,2025-12-31T23:59:59Z,PROSPECTUS,14,3,,,
12928,2892050000000,2000.0,Fruta,Abacaxi,1 un = 2kg ( aprox.),1.98,0.99,0,,€/Kg,,,https://driveimg1.intermarche.com/pt/Content/images/boitmal/produit/zoom/90A3F01E4C59C42862CFF43094D79900.jpg,,,,,2025-12-31T23:59:59Z,PROSPECTUS,14,3,,,
12940,2892083000000,200.0,Fruta,Lima,1 un = 200 gr (aprox.),0.6,2.99,0,,€/Kg,,,https://driveimg1.intermarche.com/pt/Content/images/boitmal/produit/zoom/2DD3A3AD2AC0E0F4144D0C1CF845306C.jpg,,,,,2025-12-31T23:59:59Z,PROSPECTUS,14,3,,,
13048,2893561000000,250.0,Marisco,Ameijoa Branca Vietnamita Congelada,Vendido a partir de 250 gr  (aprox.),0.5,1.99,0,,€/Kg,,Avantages !,https://driveimg1.intermarche.com/pt/Content/images/boitmal/produit/zoom/EB1BC296FF41180E6F3E1626AD4F78AA.jpg,,,,,2025-12-31T23:59:59Z,PROSPECTUS,14,3,,,
13201,2893186000000,800.0,Peixaria,Pargo Mulato, 1un = 800 gr (aprox.),5.59,6.99,0,,€/Kg,,,https://driveimg1.intermarche.com/pt/Content/images/boitmal/produit/zoom/11C32BE0B2CE482787FEFB1794945225.jpg,,,,,2025-12-31T23:59:59Z,PROSPECTUS,14,3,,,
13511,2893503000000,500.0,Nossa Seleção,Camarão Tigre Congelado 20/30,,6.0,11.99,0,,€/Kg,,Avantages !,https://driveimg1.intermarche.com/pt/Content/images/boitmal/produit/zoom/1AB7522A797A777AAC7B006F84F3F7FF.jpg,,,,,2025-12-31T23:59:59Z,PROSPECTUS,14,3,,,
13541,2893533000000,250.0,Congelado de Aquicultura,Camarão Congelado 60/80,1 un = 250 gr  (aprox.),1.75,6.99,0,,€/Kg,,Avantages !,https://driveimg1.intermarche.com/pt/Content/images/boitmal/produit/zoom/29A2DFA509FFDAFCD18E7F308BD753B4.jpg,,,,,2025-12-31T23:59:59Z,PROSPECTUS,14,3,,,
13566,2893560000000,250.0,Congelado de Aquicultura,Camarão Congelado 20/30,1 un = 250 gr  (aprox.),2.25,8.99,0,,€/Kg,,Avantages !,https://driveimg1.intermarche.com/pt/Content/images/boitmal/produit/zoom/863DB9F10BE616A55736AB7A17BC6BB5.jpg,,,,,2025-12-31T23:59:59Z,PROSPECTUS,14,3,,,
13567,2893562000000,250.0,Marisco,Ameijoa Castanha Vietnamita Congelada,vendido ao peso a partir de 250 g,0.75,2.99,0,,€/Kg,,Avantages !,https://driveimg1.intermarche.com/pt/Content/images/boitmal/produit/zoom/33CC3279E2741F227440A7AFDC3AEEF9.jpg,,,,,2025-12-31T23:59:59Z,PROSPECTUS,14,3,,,
13577,2893572000000,200.0,Peixaria,Pota Inteira Congelada,1 un= 200 gr (aprox.),1.0,4.99,0,,€/Kg,,Avantages !,https://driveimg1.intermarche.com/pt/Content/images/boitmal/produit/zoom/B2D6321EA80C5271A6C9DE3162C36D95.jpg,,,,,2025-12-31T23:59:59Z,PROSPECTUS,14,3,,,
13582,2893577000000,400.0,Peixaria,Solha Congelada,,2.32,5.79,0,,€/Kg,,Avantages !,https://driveimg1.intermarche.com/pt/Content/images/boitmal/produit/zoom/09CD29C77ECA15BC59D0A288B72C20B4.jpg,,,,,2025-12-31T23:59:59Z,PROSPECTUS,14,3,,,
13602,2893597000000,500.0,Peixaria,Pescada Média Argentina Congelada,+ de 500 g,2.45,4.89,0,,€/Kg,,Avantages !,https://driveimg1.intermarche.com/pt/Content/images/boitmal/produit/zoom/0D3A6A42D4C22CDA932A00A286926BF6.jpg,,,,,2025-12-31T23:59:59Z,PROSPECTUS,14,3,,,
13821,2892597000000,200.0,Legumes,Tomate Cacho,1 un = 200 gr (aprox.),0.36,1.79,0,,€/Kg,,,https://driveimg1.intermarche.com/pt/Content/images/boitmal/produit/zoom/FD67F77AFAB450B6A4FA38E0279E6686.jpg,,,,,2025-12-31T23:59:59Z,PROSPECTUS,14,3,,,
13839,2891006000000,800.0,Novilho,Bife da Pá,Vendido ao peso a partir de 800 g,10.39,12.99,0,,€/Kg,,,https://driveimg1.intermarche.com/pt/Content/images/boitmal/produit/zoom/5626B1315F40E59D057B37FBCA18064B.jpg,,,,,2025-12-31T23:59:59Z,PROSPECTUS,14,3,,,
13866,2891048000000,1000.0,Porco,Bifanas,Vendido ao peso a partir de 1 kg,3.99,3.99,0,,€/Kg,,,https://driveimg1.intermarche.com/pt/Content/images/boitmal/produit/zoom/72DE0DA6B485199AC995C629E3E4D279.jpg,,,,,2025-12-31T23:59:59Z,PROSPECTUS,14,3,,,
13886,2891108000000,1000.0,Frango,Bife de Frango,Vendido ao peso a partir de 1 kg,5.99,5.99,0,,€/Kg,,,https://driveimg1.intermarche.com/pt/Content/images/boitmal/produit/zoom/519BDC237EE2CC43FB5B010D4FF5A15B.jpg,,,,,2025-12-31T23:59:59Z,PROSPECTUS,14,3,,,
13892,2891041000000,1000.0,Porco,Costeletas do Lombo,Vendido ao peso a partir de 1 kg,3.99,3.99,0,,€/Kg,,,https://driveimg1.intermarche.com/pt/Content/images/boitmal/produit/zoom/589E4AFE71E19AF7FEB32FB0C0E176FF.jpg,,,,,2025-12-31T23:59:59Z,PROSPECTUS,14,3,,,
13893,2891043000000,1000.0,Porco,Entrecosto,Vendido ao peso a partir de 1 kg,3.99,3.99,0,,€/Kg,,,https://driveimg1.intermarche.com/pt/Content/images/boitmal/produit/zoom/AA05EE99D302D59771FCC108473E0700.jpg,,,,,2025-12-31T23:59:59Z,PROSPECTUS,14,3,,,
13897,2891053000000,1000.0,Porco,Lombo sem Osso,Vendido ao peso a partir de 1 kg,3.99,3.99,0,,€/Kg,,,https://driveimg1.intermarche.com/pt/Content/images/boitmal/produit/zoom/415564DA70574ED3C1D7475F1F28BDB6.jpg,,,,,2025-12-31T23:59:59Z,PROSPECTUS,14,3,,,
13947,2891125000000,150.0,Peru,Espetadas de Peru,1 un = 150 gr (aprox.),1.02,6.79,0,,€/Kg,,,https://driveimg1.intermarche.com/pt/Content/images/boitmal/produit/zoom/7051DD49B64096A6B46E7815DD618A85.jpg,,,,,2025-12-31T23:59:59Z,PROSPECTUS,14,4,,,
13954,2891192000000,500.0,Porco,Tiras da Costela/Piano,1 un = 500 gr (aprox.),3.0,5.99,0,,€/Kg,,,https://driveimg1.intermarche.com/pt/Content/images/boitmal/produit/zoom/7D0B09E93398DFB0B31D06D5AFBD6B99.jpg,,,,,2025-12-31T23:59:59Z,PROSPECTUS,14,4,,,
14007,2696358000000,800.0,Pastelaria,Bolo Brigadeiro 800 g,,7.49,9.36,0,kg,€/Kg,,,https://driveimg1.intermarche.com/pt/Content/images/boitmal/produit/zoom/2D16DABCE965696E3586CDB9A87DB71C.jpg,,,,,2025-12-31T23:59:59Z,PROSPECTUS,14,4,,,
14196,5604260272105,250.0,PorSi,Salsichas Hot Dog Frasco 540g,,3.1,12.4,0,kg,€/Kg,,,https://driveimg1.intermarche.com/pt/Content/images/boitmal/produit/zoom/DEA11230BF1CF561F20B184084F0CF0F.jpg,,,,,2025-12-31T23:59:59Z,PROSPECTUS,14,4,,,
14198,5604260273683,800.0,PorSi,Bolacha Tostada 800 G,,1.59,1.99,0,kg,€/Kg,,,https://driveimg1.intermarche.com/pt/Content/images/boitmal/produit/zoom/B2D5FAAB4BD35CE24623ED7F165261C0.jpg,,,,,2025-12-31T23:59:59Z,PROSPECTUS,14,4,,,
14301,5000116105199,1125.0,Iglo,"Ervilhas, embalagem de 1,125 kg",,4.99,4.44,0,kg,€/Kg,,Tipo de stockagem,https://driveimg1.intermarche.com/pt/Content/images/boitmal/produit/zoom/2A12D381A70EA524D1800DAB02CBAB7B.jpg,,,,,2025-12-31T23:59:59Z,PROSPECTUS,14,4,,,
14302,5000116109104,500.0,Iglo,"Ervilhas primavera, embalagem de 500g",,2.98,5.96,0,kg,€/Kg,,Tipo de stockagem,https://driveimg1.intermarche.com/pt/Content/images/boitmal/produit/zoom/331AE4FF3620F211D8048BD43B1F93FF.jpg,,,,,2025-12-31T23:59:59Z,PROSPECTUS,14,4,,,
14386,5601383025342,235.0,Izidoro,"Salsichas hot dog, frasco, embalagem de 240g",,2.64,11.23,0,kg,€/Kg,,,https://driveimg1.intermarche.com/pt/Content/images/boitmal/produit/zoom/B7A208EB12DF759057A2B64ADEB2FCD9.jpg,,,,,2025-12-31T23:59:59Z,PROSPECTUS,14,4,,,
14524,5606293010150,100.0,Vitacress,"Salada mesclum, embalagem de 100 g",,1.49,14.9,0,kg,€/Kg,,,https://driveimg1.intermarche.com/pt/Content/images/boitmal/produit/zoom/437D701C53376E62CC9172CCFAEF8B9E.jpg,,,,,2025-12-31T23:59:59Z,PROSPECTUS,14,4,,,
14545,5606293100295,100.0,Vitacress,"Salada aromática, embalagem de 100 g",,1.49,14.9,0,kg,€/Kg,,,https://driveimg1.intermarche.com/pt/Content/images/boitmal/produit/zoom/8B774925D3C426E499C84729B9F86DF2.jpg,,,,,2025-12-31T23:59:59Z,PROSPECTUS,14,4,,,
14549,5606293150016,125.0,Vitacress,"Agrião de água, embalagem de 150g",,1.49,11.92,0,kg,€/Kg,,,https://driveimg1.intermarche.com/pt/Content/images/boitmal/produit/zoom/7A505DE44C3569CECA2951FE85691493.jpg,,,,,2025-12-31T23:59:59Z,PROSPECTUS,14,4,,,
14708,5601244202332,250.0,Terra Nostra,"Manteiga com sal, embalagem de 250g",,2.29,9.16,0,kg,€/Kg,,,https://driveimg1.intermarche.com/pt/Content/images/boitmal/produit/zoom/34C574538A57B9FC15AB22DC51C8B356.jpg,https://driveimg1.intermarche.com/pt/Content/images/boitmal/produit/zoom/9D76B5CC4F670644A71C1CF49788751C.jpg,,,,2025-12-31T23:59:59Z,PROSPECTUS,14,4,,,
14722,8410063045917,800.0,Pescanova,"Camarão Vannamei 24/40 Ultracongelado, emb. 800 gr",,9.99,12.49,0,kg,€/Kg,,Tipo de stockagem,https://driveimg1.intermarche.com/pt/Content/images/boitmal/produit/zoom/CE44DDFA8734C0276A1512F05FB6C21A.jpg,,,,,2025-12-31T23:59:59Z,PROSPECTUS,14,4,,,
14723,8410063045139,800.0,Pescanova,"Camarão vannamei 40/48, embalagem de 800g",,9.39,11.74,0,kg,€/Kg,,Tipo de stockagem,https://driveimg1.intermarche.com/pt/Content/images/boitmal/produit/zoom/CF56AF8546EAE589D7E2D74E545BD302.jpg,,,,,2025-12-31T23:59:59Z,PROSPECTUS,14,4,,,
14854,2891117000000,2350.0,PorSi,Pato inteiro com miúdos,1 un = 2.250 kg (aprox.),9.38,3.99,0,,€/Kg,,,https://driveimg1.intermarche.com/pt/Content/images/boitmal/produit/zoom/E5F2031D60089F4C13D404725928D593.jpg,,,,,2025-12-31T23:59:59Z,PROSPECTUS,14,4,,,
15286,7613034453754,300.0,Purina Gourmet,Comida húmida para gato seleção de aves,Embalagem de 300g,2.59,8.63,0,kg,€/Kg,,,https://driveimg1.intermarche.com/pt/Content/images/boitmal/produit/zoom/E37BC08E397EF4C9355F3D465FCA634D.jpg,,,,,2025-12-31T23:59:59Z,PROSPECTUS,14,4,,,
15327,3250392098568,500.0,Páturages,Nata Uht Ligeira Garrafa 2x250ml,Embalagem de 2X250ML,2.69,5.38,500,L,€/L,,,https://driveimg1.intermarche.com/pt/Content/images/boitmal/produit/zoom/3A6C408B341279AA97BD82628F350472.jpg,,,,,2025-12-31T23:59:59Z,PROSPECTUS,14,4,,,
15481,5601448105521,750.0,Felgueiras,"Vinho verde, garrafa de 0.75 l",,1.99,2.65,750,L,€/L,,,https://driveimg1.intermarche.com/pt/Content/images/boitmal/produit/zoom/3C275D1EE2E3C2E37862D80386142F81.jpg,,,,,2025-12-31T23:59:59Z,PROSPECTUS,14,4,,,
15566,8410063056180,250.0,Pescanova,"Miolo de Camarão Gigante 15/30 Ultracongelado, emb. 250 gr",,6.99,27.96,0,kg,€/Kg,,Tipo de stockagem,https://driveimg1.intermarche.com/pt/Content/images/boitmal/produit/zoom/BEE1FF3586E000AD085B4D38C7ACD034.jpg,,,,,2025-12-31T23:59:59Z,PROSPECTUS,14,4,,,
15619,5601164114708,330.0,Super Bock,"Cerveja com Álcool, emb. 33 cl",,0.64,1.94,330,L,€/L,,,https://driveimg1.intermarche.com/pt/Content/images/boitmal/produit/zoom/B88FE79083CF96AAFDD1A0527A80A782.jpg,,,,,2025-12-31T23:59:59Z,PROSPECTUS,14,4,,,
15687,5000116109234,700.0,Iglo,"Ervilhas, embalagem de 700g",,3.39,4.84,0,kg,€/Kg,,Tipo de stockagem,https://driveimg1.intermarche.com/pt/Content/images/boitmal/produit/zoom/AC9F197DD289CE6E6A9903FC824FDD75.jpg,,,,,2025-12-31T23:59:59Z,PROSPECTUS,14,4,,,
15811,3086126693279,,Bic,Máquina Depilatória Descartável 3 Sensitive,Embalagem com 4+2 unidades,1.79,1.79,0,,€/Unidade,,,https://driveimg1.intermarche.com/pt/Content/images/boitmal/produit/zoom/EAF0B4F7D15DF6F55759705EC7A19F64.jpg,,,,,2025-12-31T23:59:59Z,PROSPECTUS,14,4,,,
15817,9002490228859,250.0,Red Bull,"Bebida energética tropical edition, garrafa de 250 ml",,1.25,5.0,250,L,€/L,,,https://driveimg1.intermarche.com/pt/Content/images/boitmal/produit/zoom/037AFB9CAD446FF302446981EF39B68F.jpg,,,,,2025-12-31T23:59:59Z,PROSPECTUS,14,4,,,
15921,2696132000000,650.0,Pastelaria,Tarte de Flan,embalagem com 650g,3.99,6.14,0,kg,€/Kg,,,https://driveimg1.intermarche.com/pt/Content/images/boitmal/produit/zoom/27A5BDE3187D3D3C51C647BB82D32136.jpg,,,,,2025-12-31T23:59:59Z,PROSPECTUS,14,4,,,
15952,7613032918729,3000.0,Friskies,"Ração para Gato Adulto de Interior Frango, Peru e Legumes, emb. 3 kg",Embalagem de 3 kg,8.74,2.91,0,kg,€/Kg,,,https://driveimg1.intermarche.com/pt/Content/images/boitmal/produit/zoom/750597FE3D8CEBBA8D73F587B10AA8B2.jpg,,,,,2025-12-31T23:59:59Z,PROSPECTUS,14,4,,,
15959,7613034621672,680.0,Purina Gourmet,"Comida Húmida para Gato Adulto Finos Pedaços em Molho Saquetas, emb. 8 x 85 gr",Embalagem de 8x85g,4.64,6.82,0,kg,€/Kg,,,https://driveimg1.intermarche.com/pt/Content/images/boitmal/produit/zoom/AB98593539B5EE838A12ABF7DCE95601.jpg,,,,,2025-12-31T23:59:59Z,PROSPECTUS,14,4,,,
15964,5601252110803,250.0,Gallo,"Vinagre Balsâmico Branco, emb. 250 ml",,1.99,7.96,250,L,€/L,,,https://driveimg1.intermarche.com/pt/Content/images/boitmal/produit/zoom/4E90F25CE70B74EAC8BDADBF4D8DB1FA.jpg,,,,,2025-12-31T23:59:59Z,PROSPECTUS,14,4,,,
15966,3387390324082,375.0,Nestlé,"Cereais crunch 375g, embalagem de 380g",,2.98,7.95,0,kg,€/Kg,,,https://driveimg1.intermarche.com/pt/Content/images/boitmal/produit/zoom/97E5DD22E6A0A1213DCE078E04C67C77.jpg,,,,,2025-12-31T23:59:59Z,PROSPECTUS,14,4,,,
15980,5601119244368,210.0,Nobre,"Salsichas de Peru Cuida-t+ Frasco 4 un sem Glúten, frasco 210 gr",,2.55,12.14,0,kg,€/Kg,,,https://driveimg1.intermarche.com/pt/Content/images/boitmal/produit/zoom/CFAE20131139C70D365FB7E596D49C5A.jpg,,,,,2025-12-31T23:59:59Z,PROSPECTUS,14,4,,,
15981,5601119244375,210.0,Nobre,"Salsichas de Frango Cuida-t+ Frasco 4 un, emb. 210 gr",,2.55,12.14,0,kg,€/Kg,,,https://driveimg1.intermarche.com/pt/Content/images/boitmal/produit/zoom/FF112EFB90E4953B2240BF7E131FD2C0.jpg,,,,,2025-12-31T23:59:59Z,PROSPECTUS,14,4,,,
16003,5000116109630,300.0,Capitão Iglo,"12 douradinhos forníssimo, embalagem de 300g",,3.98,13.27,0,kg,€/Kg,,Tipo de stockagem,https://driveimg1.intermarche.com/pt/Content/images/boitmal/produit/zoom/544992A31EAE2C5ED6C344C7B21BC2DA.jpg,,,,,2025-12-31T23:59:59Z,PROSPECTUS,14,4,,,
16105,5601146703463,7500.0,Sagres,"Cerveja com Álcool Mini, emb. 30 x 25 cl",,12.99,1.73,7500,L,€/L,,,https://driveimg1.intermarche.com/pt/Content/images/boitmal/produit/zoom/8AED8878F83EE06034073768C464A0DF.jpg,,,,,2025-12-31T23:59:59Z,PROSPECTUS,14,4,,,
16272,4005900079664,50.0,Nivea,"Creme rosto antirrugas dia q10 plus energy, embalagem de 50 ml",,10.94,218.8,50,L,€/L,,,https://driveimg1.intermarche.com/pt/Content/images/boitmal/produit/zoom/F9B2680E8FE1F8840CF34B2242827A15.jpg,,,,,2025-12-31T23:59:59Z,PROSPECTUS,14,4,,,
16564,5060166690427,500.0,Monster,"Bebida Energética Ripper, emb. 50 cl",,1.39,2.78,500,L,€/L,,,https://driveimg1.intermarche.com/pt/Content/images/boitmal/produit/zoom/30BFC467DE1C5DC85D6B74BBA978CBE5.jpg,,,,,2025-12-31T23:59:59Z,PROSPECTUS,14,4,,,
16565,5060166690380,500.0,Monster,"Bebida Energética Energy Green, emb. 50 cl",,1.39,2.78,500,L,€/L,,,https://driveimg1.intermarche.com/pt/Content/images/boitmal/produit/zoom/0007D6DA22B3DA6620347D4A495B2B12.jpg,,,,,2025-12-31T23:59:59Z,PROSPECTUS,14,4,,,
16566,5029053560243,,Scottex,"Rolo de Cozinha Branco Megarolo, 3 rolos",1 unidade - 3rolos,2.59,2.59,0,,€/Unidade,,,https://driveimg1.intermarche.com/pt/Content/images/boitmal/produit/zoom/65EF51C6EA58B766FE8D1C05034ABBCF.jpg,,,,,2025-12-31T23:59:59Z,PROSPECTUS,14,4,,,
16567,5000116110070,750.0,Iglo,"Esparregado de espinafres, embalagem de 750g",,3.49,4.65,0,kg,€/Kg,,Tipo de stockagem,https://driveimg1.intermarche.com/pt/Content/images/boitmal/produit/zoom/F70E4F5A76F097E6E455FB2FF67D9B6F.jpg,,,,,2025-12-31T23:59:59Z,PROSPECTUS,14,4,,,
16695,7622210480002,154.0,Oreo,Bolacha golden,Embalagem de 154 g,1.49,9.68,0,kg,€/Kg,,,https://driveimg1.intermarche.com/pt/Content/images/boitmal/produit/zoom/838CC6F368FD2767C7E228B5A889ABC3.jpg,,,,,2025-12-31T23:59:59Z,PROSPECTUS,14,4,,,
17114,5000116110148,320.0,Capitão Iglo,"4 hamburguers vaca sem glúten, embalagem de 320g",,4.49,14.03,0,kg,€/Kg,,Tipo de stockagem,https://driveimg1.intermarche.com/pt/Content/images/boitmal/produit/zoom/F31F98EC751272F860D1F790EE53DF35.jpg,,,,,2025-12-31T23:59:59Z,PROSPECTUS,14,4,,,
17174,2891285000000,1000.0,Novilho,Costeletão,Vendido ao peso a partir de 1 kg,11.99,11.99,0,,€/Kg,,,https://driveimg1.intermarche.com/pt/Content/images/boitmal/produit/zoom/3119B572BBCB66D5B0D8D4234718B722.jpg,,,,,2025-12-31T23:59:59Z,PROSPECTUS,14,4,,,
17269,4084500617421,820.0,Fairy,"Detergente Líquido Lavar Loiça Original, 820 ml",,4.1,5.0,820,L,€/L,,,https://driveimg1.intermarche.com/pt/Content/images/boitmal/produit/zoom/AAC34482F7A307A6F6D7CF7355F8BFDC.jpg,,,,,2025-12-31T23:59:59Z,PROSPECTUS,14,4,,,
17428,5060335632272,500.0,Monster,"Bebida energética zero, garrafa de 500 ml",,1.39,2.78,500,L,€/L,,,https://driveimg1.intermarche.com/pt/Content/images/boitmal/produit/zoom/27CD56EBFA1CEC3B0081B9EB3853C598.jpg,,,,,2025-12-31T23:59:59Z,PROSPECTUS,14,4,,,
17598,8410063027388,200.0,Pescanova,"Miolo de Camarão Grande 40/60 Ultracongelado, emb. 200 gr",,4.59,22.95,0,kg,€/Kg,,Tipo de stockagem,https://driveimg1.intermarche.com/pt/Content/images/boitmal/produit/zoom/0C1F59B1F980C278906E3C4AADA0A2F0.jpg,,,,,2025-12-31T23:59:59Z,PROSPECTUS,14,4,,,
17818,4005900262073,15.0,Nivea,"Creme Contorno de Olhos Q10 Power Antirrugas, emb. 15 ml",,9.74,649.33,15,L,€/L,,,https://driveimg1.intermarche.com/pt/Content/images/boitmal/produit/zoom/D23951BEA6A5478260C9B0F659B32CD2.jpg,,,,,2025-12-31T23:59:59Z,PROSPECTUS,14,4,,,
17827,5603344531022,110.0,General,Atum posta em óleo,Embalagem de 110g,1.89,17.18,0,kg,€/Kg,,,https://driveimg1.intermarche.com/pt/Content/images/boitmal/produit/zoom/6CF8780AD6CFF5E4D2703538338330A5.jpg,,,,,2025-12-31T23:59:59Z,PROSPECTUS,14,4,,,
17892,5601082039800,220.0,Delta Q,Café xl qalidus cápsulas,Embalagem de 220g,15.99,72.68,0,kg,€/Kg,,,https://driveimg1.intermarche.com/pt/Content/images/boitmal/produit/zoom/CC1942C4B68078F0368F602F327C039D.jpg,,,,,2025-12-31T23:59:59Z,PROSPECTUS,14,4,,,
17893,5601082039817,220.0,Delta Q,Café xl qharacter cápsulas,40 Cápsulas,15.99,72.68,0,kg,€/Kg,,,https://driveimg1.intermarche.com/pt/Content/images/boitmal/produit/zoom/A33D46B8BEAE0A6886B2052A87431B6E.jpg,,,,,2025-12-31T23:59:59Z,PROSPECTUS,14,4,,,
18016,2895072000000,200.0,Alavão,Queijo Curado Tradicional,Vendido ao peso a partir de 200 gr,1.8,8.99,0,,€/Kg,,,https://driveimg1.intermarche.com/pt/Content/images/boitmal/produit/zoom/6EEE70CB371373CF3E1FEB22D7FA014F.jpg,,,,,2025-12-31T23:59:59Z,PROSPECTUS,14,4,,,
18045,8714789637389,,Colgate,"Escova de dentes max white média, 1 + 1 unidades",,2.99,2.99,1,,€/Unidade,,,https://driveimg1.intermarche.com/pt/Content/images/boitmal/produit/zoom/DA81305E47872C0D2A8BC35B8CC9CB97.jpg,,,,,2025-12-31T23:59:59Z,PROSPECTUS,14,4,,,
18059,5000204794311,138.0,Glade,"Recarga de ambientador, auto, Lavanda, 2x69 ml",,5.19,37.61,138,L,€/L,,,https://driveimg1.intermarche.com/pt/Content/images/boitmal/produit/zoom/CEBCB6C9BB4505F623E96D7A1BD783D6.jpg,,,,,2025-12-31T23:59:59Z,PROSPECTUS,14,4,,,
18132,3250390492900,400.0,Páturages,"Queijo Fondue, 3 Queijos 400g",,4.89,12.23,0,kg,€/Kg,,,https://driveimg1.intermarche.com/pt/Content/images/boitmal/produit/zoom/3EBB7AD29B32F2F293778ED2E575A9A0.jpg,,,,,2025-12-31T23:59:59Z,PROSPECTUS,14,4,,,
18153,5052197040364,50.0,Durex,Gel Lubrificante natural play,Embalagem de 50 ml,7.34,146.8,50,L,€/L,,,https://driveimg1.intermarche.com/pt/Content/images/boitmal/produit/zoom/EA298F95D75FDC099DF79B6DD264DEA6.jpg,,,,,2025-12-31T23:59:59Z,PROSPECTUS,14,4,,,
18154,5052197040425,50.0,Durex,Gel Lubrificante Play Calor,Embalagem de 50 ml,7.69,153.8,50,L,€/L,,,https://driveimg1.intermarche.com/pt/Content/images/boitmal/produit/zoom/061AECB33DEE08B30088C231E5D004CB.jpg,,,,,2025-12-31T23:59:59Z,PROSPECTUS,14,4,,,
18196,8000420000538,750.0,Gancia,Espumante Bruto,"Garrafa de 0,75 l",7.69,10.25,750,L,€/L,,,https://driveimg1.intermarche.com/pt/Content/images/boitmal/produit/zoom/AB2FAEBF4E2737D276D6C5A344C24393.jpg,,,,,2025-12-31T23:59:59Z,PROSPECTUS,14,4,,,
18488,5600744051013,220.0,Saborosa,"Bolacha de manteiga belga original, embalagem de 220g",,1.49,6.77,0,kg,€/Kg,,,https://driveimg1.intermarche.com/pt/Content/images/boitmal/produit/zoom/435E3C8EAE2EA4A45A8BB3A81B14CF20.jpg,,,,,2025-12-31T23:59:59Z,PROSPECTUS,14,4,,,
18489,5600744051020,198.0,Saborosa,"Bolacha de manteiga belga com chocolate, embalagem de 200g",,1.54,7.78,0,kg,€/Kg,,,https://driveimg1.intermarche.com/pt/Content/images/boitmal/produit/zoom/96C31A82D017146C1ADBA7AC747D4690.jpg,,,,,2025-12-31T23:59:59Z,PROSPECTUS,14,4,,,
18501,5609060006615,200.0,Delta,Cafe soluvel c/c 200g,Embalagem de 200g,6.99,34.95,0,kg,€/Kg,,,https://driveimg1.intermarche.com/pt/Content/images/boitmal/produit/zoom/79FF13A69AB6B977472ADF6F1518224E.jpg,,,,,2025-12-31T23:59:59Z,PROSPECTUS,14,4,,,
18677,5052197040548,50.0,Durex,Gel Play Morango,Embalagem de 50 ml,7.69,153.8,50,L,€/L,,,https://driveimg1.intermarche.com/pt/Content/images/boitmal/produit/zoom/2FA51C899774E9363EB4DEBB8C5C10BA.jpg,,,,,2025-12-31T23:59:59Z,PROSPECTUS,14,4,,,
18700,7322540574890,,Tena,"Cuecas Incontinência Pants Super L, emb. 12 un.",,15.59,15.59,12,,€/Unidade,,,https://driveimg1.intermarche.com/pt/Content/images/boitmal/produit/zoom/5DE69F628FAE8ED8271D134D002C6A36.jpg,https://driveimg1.intermarche.com/pt/Content/images/boitmal/produit/zoom/B29F099FE3ED7D6A14452C0CC7083B09.jpg,https://driveimg1.intermarche.com/pt/Content/images/boitmal/produit/zoom/EED76FF1CA4CF7B9C7D1160875D35597.jpg,https://driveimg1.intermarche.com/pt/Content/images/boitmal/produit/zoom/E3186FCCEF33309702996EDD0FBF2264.jpg,https://driveimg1.intermarche.com/pt/Content/images/boitmal/produit/zoom/F82A0766071705EBEB253301AAD45261.jpg,2025-12-31T23:59:59Z,PROSPECTUS,14,4,https://driveimg1.intermarche.com/pt/Content/images/boitmal/produit/zoom/FC63B8AE4B60B1944807148A90854007.jpg,,
18701,7322540574814,,Tena,"Cuecas Incontinência Pants Super M, emb. 12 un.",,13.98,13.98,12,,€/Unidade,,,https://driveimg1.intermarche.com/pt/Content/images/boitmal/produit/zoom/2E00BA4FE9DD5F43C90F9AB22E0F83F2.jpg,https://driveimg1.intermarche.com/pt/Content/images/boitmal/produit/zoom/7457476F5BA44FFA8B89B7CB53B9EDFF.jpg,https://driveimg1.intermarche.com/pt/Content/images/boitmal/produit/zoom/9C1A8788199D3FBD208F1FAC28489157.jpg,https://driveimg1.intermarche.com/pt/Content/images/boitmal/produit/zoom/DB7C4C57175611E6FD7207C38E067BB9.jpg,https://driveimg1.intermarche.com/pt/Content/images/boitmal/produit/zoom/A9871D21F19285785710C463B5706607.jpg,2025-12-31T23:59:59Z,PROSPECTUS,14,4,https://driveimg1.intermarche.com/pt/Content/images/boitmal/produit/zoom/DDC609EC69695A1701A67363D4CB5053.jpg,,
18860,3147690060703,700.0,Gibson's,Gin dry,Garrafa de 700 ml,11.69,16.7,700,L,€/L,,,https://driveimg1.intermarche.com/pt/Content/images/boitmal/produit/zoom/EF3EC9468395BE2E5E25F964CCF5DAF7.jpg,,,,,2025-12-31T23:59:59Z,PROSPECTUS,14,4,,,
18976,8410436210454,,Palette,"Coloração permanente, castanho caramelo nº5.6",1 unidade,4.29,4.29,0,,€/Unidade,,,https://driveimg1.intermarche.com/pt/Content/images/boitmal/produit/zoom/77352594DD60B38F4E6820AF531A0027.jpg,,,,,2025-12-31T23:59:59Z,PROSPECTUS,14,4,,,
19004,8410104274160,200.0,Veet,"Creme depilatório peles sensíveis, embalagem de 200 ml",,6.99,34.95,200,L,€/L,,,https://driveimg1.intermarche.com/pt/Content/images/boitmal/produit/zoom/873F0880AE5560A48B4AFDD06A8FA174.jpg,,,,,2025-12-31T23:59:59Z,PROSPECTUS,14,4,,,
19094,4084500330955,1500.0,Fairy,"Detergente líquido, manual loiça, original, 1,5 l",,7.29,4.86,1500,L,€/L,,,https://driveimg1.intermarche.com/pt/Content/images/boitmal/produit/zoom/95EC3D03AC3B46A8207C2E0CFB674294.jpg,,,,,2025-12-31T23:59:59Z,PROSPECTUS,14,4,,,
19111,5604649918204,500.0,Fruta,Uva Branca sem grainha,Embalagem de 500 g,2.89,5.78,0,kg,€/Kg,,,https://driveimg1.intermarche.com/pt/Content/images/boitmal/produit/zoom/67F8986763A7150348D1ACB12C17814C.jpg,,,,,2025-12-31T23:59:59Z,PROSPECTUS,14,4,,,
19147,5604260278350,240.0,PorSi,Chamuças de Carne 240g,,2.45,10.21,0,kg,€/Kg,,Tipo de stockagem,https://driveimg1.intermarche.com/pt/Content/images/boitmal/produit/zoom/18B84916CABDFC3BDE81DF0DD3573686.jpg,,,,,2025-12-31T23:59:59Z,PROSPECTUS,14,4,,,
19203,5000116110407,240.0,Capitão Iglo,"4 hamburguers frango sem glúten, embalagem de 240g",,4.49,18.71,0,kg,€/Kg,,Tipo de stockagem,https://driveimg1.intermarche.com/pt/Content/images/boitmal/produit/zoom/DBCAABB905B293E30250F00FBA9411C4.jpg,,,,,2025-12-31T23:59:59Z,PROSPECTUS,14,4,,,
