identifier,produitEan13,capacite,marque,libelle,conditionnement,prix,unitPrice,volume,typeProduit_uniteByCode,unit_value,pictogrammes_0,pictogrammes_libelleCategorie,images_0,images_1,images_2,avantages_dateFin,avantages_categorie,nro_paginas,page,images_3,images_4,images_5
2514,7613033739873,250.0,Maggi,Puré de batata,Embalagem de 250g,2.24,8.96,0,kg,€/Kg,,,https://driveimg1.intermarche.com/pt/Content/images/boitmal/produit/zoom/E520E90232B763315D1FB976D27B9A50.jpg,,,2024-11-06T23:59:59.999999999Z,PROSPECTUS,11,1,,,
8998,5601511000616,400.0,Limiano,"Queijo em fatias, 400g",,3.99,9.98,0,kg,€/Kg,,,https://driveimg1.intermarche.com/pt/Content/images/boitmal/produit/zoom/F2A45C587735E27AE71C82EDBAD67D56.jpg,,,2024-11-06T23:59:59.999999999Z,PROSPECTUS,11,1,,,
8383,5601049132995,1000.0,Mimosa,Leite uht meio gordo,Embalagem de 1 litro,0.84,0.84,1000,L,€/L,,,https://driveimg1.intermarche.com/pt/Content/images/boitmal/produit/zoom/30AE72C16512D7F6E9C8B5E7CBD4B0A2.jpg,https://driveimg1.intermarche.com/pt/Content/images/boitmal/produit/zoom/AE810093A08CEBD60415DCC626CF5804.jpg,https://driveimg1.intermarche.com/pt/Content/images/boitmal/produit/zoom/A0562293538F541B1B99592AA046327B.jpg,2024-11-06T23:59:59.999999999Z,PROSPECTUS,11,1,,,
25597,5601151979303,1200.0,Bongo,Néctar 8 frutos,Pack 6 x 200 ml,2.19,1.83,1200,L,€/L,,,https://driveimg1.intermarche.com/pt/Content/images/boitmal/produit/zoom/8F7097498E407AAD3EBA218E9E0D2469.jpg,,,2024-11-06T23:59:59.999999999Z,PROSPECTUS,11,1,,,
26047,8412600070994,650.0,Bimbo,Pão de forma s/ côdea,Embalagem de 650 g,2.09,3.22,0,kg,€/Kg,,,https://driveimg1.intermarche.com/pt/Content/images/boitmal/produit/zoom/998967574B383CCF8D49F03316F06108.jpg,,,2024-11-06T23:59:59.999999999Z,PROSPECTUS,11,1,,,
31516,8435257039107,1440.0,Nestlé,"Yoggi liquido morango,  8x160g",,3.89,2.7,0,kg,€/Kg,,,https://driveimg1.intermarche.com/pt/Content/images/boitmal/produit/zoom/C1FDD60617CEBA746EBEE60AECF62B13.jpg,,,2024-11-06T23:59:59.999999999Z,PROSPECTUS,11,1,,,
11967,5601049612336,250.0,Mimosa,Manteiga c/ sal,Embalagem de 250g,2.24,8.96,0,kg,€/Kg,,,https://driveimg1.intermarche.com/pt/Content/images/boitmal/produit/zoom/C41D77380AC10A8E184B8D4C3C381772.jpg,https://driveimg1.intermarche.com/pt/Content/images/boitmal/produit/zoom/B59AE74FD0DBE6C3112F001AFF69E867.jpg,https://driveimg1.intermarche.com/pt/Content/images/boitmal/produit/zoom/BB9196C3025886DBB6F20EDD70A1CA7A.jpg,2024-11-06T23:59:59.999999999Z,PROSPECTUS,11,1,,,
20477,8714789876801,650.0,Palmolive,Gel Banho Coco,Embalagem de 650 ml,3.29,5.06,650,L,€/L,,,https://driveimg1.intermarche.com/pt/Content/images/boitmal/produit/zoom/C841EAB15BFBC711E7703D2FB84F7757.jpg,,,2024-11-06T23:59:59.999999999Z,PROSPECTUS,11,1,,,
17873,8718951037885,500.0,Ajax,"Limpa vidros recarga tripla ação, 500 ml",,1.79,3.58,500,L,€/L,,,https://driveimg1.intermarche.com/pt/Content/images/boitmal/produit/zoom/42625D659AA36AA56C9B694404679879.jpg,,,2024-11-06T23:59:59.999999999Z,PROSPECTUS,11,1,,,
4805,5010752000307,700.0,William Lawson's,Whisky,Garrafa de 700 ml,13.35,19.07,700,L,€/L,,,https://driveimg1.intermarche.com/pt/Content/images/boitmal/produit/zoom/0479E1D2D757B75364EAB8B8F222652A.jpg,,,2024-11-06T23:59:59.999999999Z,PROSPECTUS,11,1,,,
2474,7613032408602,90.0,Purina Gourmet,Comida húmida para gato duplo prazer com vaca e frango,Embalagem de 90g,0.87,9.67,0,kg,€/Kg,,,https://driveimg1.intermarche.com/pt/Content/images/boitmal/produit/zoom/96D993E9EEE0A797DBA50ACE06B2467D.jpg,,,2024-11-06T23:59:59.999999999Z,PROSPECTUS,11,1,,,
13048,2893561000000,250.0,Marisco,Ameijoa Branca Vietnamita Congelada,Vendido a partir de 250 gr  (aprox.),0.5,1.99,0,,€/Kg,,Avantages !,https://driveimg1.intermarche.com/pt/Content/images/boitmal/produit/zoom/EB1BC296FF41180E6F3E1626AD4F78AA.jpg,,,2024-11-06T23:59:59.999999999Z,PROSPECTUS,11,1,,,
2466,7613032142599,500.0,Cerelac,Farinha láctea cerelac,Embalagem de 500g,3.74,7.48,0,kg,€/Kg,,,https://driveimg1.intermarche.com/pt/Content/images/boitmal/produit/zoom/FAE48F9FC8C51C77AD6C82F23613A30C.jpg,,,2024-11-06T23:59:59.999999999Z,PROSPECTUS,11,1,,,
30958,5449000957955,3500.0,Coca-Cola,Coca-cola zero,pack 2 x 1.75 l,3.14,0.9,3500,L,€/L,,,https://driveimg1.intermarche.com/pt/Content/images/boitmal/produit/zoom/9B5373624D44366A3ACEBCD7C73191EB.jpg,,,2024-11-06T23:59:59.999999999Z,PROSPECTUS,11,1,,,
251,2696001000000,400.0,Padaria,Baguete,400 g,0.79,1.98,0,kg,€/Kg,,,https://driveimg1.intermarche.com/pt/Content/images/boitmal/produit/zoom/872B1FA740AE707B5EB206709F5F94A0.jpg,,,2024-11-06T23:59:59.999999999Z,PROSPECTUS,11,1,,,
20263,5000116110889,180.0,Iglo,Crocantes de frango original,Embalagem de 180g,3.74,20.78,0,kg,€/Kg,,Tipo de stockagem,https://driveimg1.intermarche.com/pt/Content/images/boitmal/produit/zoom/4233EA8D8C7E2BCB4DD87490668F64B2.jpg,,,2024-11-06T23:59:59.999999999Z,PROSPECTUS,11,1,,,
12978,2892462000000,400.0,Legumes,Alface Frisada,1 un= 400 g (aprox.),0.6,1.49,0,,€/Kg,,,https://driveimg1.intermarche.com/pt/Content/images/boitmal/produit/zoom/14C8DBD7827DB992F77D5C5056950123.jpg,,,2024-11-06T23:59:59.999999999Z,PROSPECTUS,11,1,,,
41226,5601050036572,440.0,Danone,"Oikos morango, 4 x 110g",,1.99,4.52,0,kg,€/Kg,,,https://driveimg1.intermarche.com/pt/Content/images/boitmal/produit/zoom/8E4736FC7A27F857CF545D0499041B59.jpg,,,2024-11-06T23:59:59.999999999Z,PROSPECTUS,11,1,,,
54321,8718951477957,100.0,Colgate,"Pasta De Dentes Tripla Ação, 100ml",,1.95,19.5,100,L,€/L,,,https://driveimg1.intermarche.com/pt/Content/images/boitmal/produit/zoom/6A66738B64F04C4649C8E34FD10D1AE8.jpg,https://driveimg1.intermarche.com/pt/Content/images/boitmal/produit/zoom/9ADDEB220D16C8DAE54C517CBC09DC55.jpg,https://driveimg1.intermarche.com/pt/Content/images/boitmal/produit/zoom/9ADDEB220D16C8DAE54C517CBC09DC55.jpg,2024-11-06T23:59:59.999999999Z,PROSPECTUS,11,1,,,
37045,5601217132659,500.0,Cillitbang,"Spray bolor e sujidade, garrafa de 500 ml",,2.49,4.98,500,L,€/L,,,https://driveimg1.intermarche.com/pt/Content/images/boitmal/produit/zoom/2A51671BCEA4544BF377B06769DE1169.jpg,,,2024-11-06T23:59:59.999999999Z,PROSPECTUS,11,1,,,
8898,5601333051674,750.0,O Tal Vinho da Lixa,Vinho verde branco,Garrafa de 750 ml,2.19,2.92,750,L,€/L,,,https://driveimg1.intermarche.com/pt/Content/images/boitmal/produit/zoom/C9A116AB4541BFD961A9DB25113F2C35.jpg,,,2024-11-06T23:59:59.999999999Z,PROSPECTUS,11,1,,,
15490,3010470181953,4000.0,Friskies,Ração para gato adulto com bacalhau e legumes,Embalagem de 4 kg,10.79,2.7,0,kg,€/Kg,,,https://driveimg1.intermarche.com/pt/Content/images/boitmal/produit/zoom/76FDC61C7085BEC1E731F67650C92425.jpg,,,2024-11-06T23:59:59.999999999Z,PROSPECTUS,11,1,,,
12994,2892524000000,100.0,Legumes,Cenoura Granel,1 un = 100 gr (aprox.),0.09,0.85,0,,€/Kg,,,https://driveimg1.intermarche.com/pt/Content/images/boitmal/produit/zoom/6427FE21A79FA79A1E8CC03E5F3B3703.jpg,,,2024-11-06T23:59:59.999999999Z,PROSPECTUS,11,1,,,
13781,2892323000000,250.0,Fruta,Uva Red Globe,1 un = 250 gr  (aprox.),0.67,2.69,0,,€/Kg,,,https://driveimg1.intermarche.com/pt/Content/images/boitmal/produit/zoom/1F39C2CDDA1731E30D604B1031CF2B02.jpg,,,2024-11-06T23:59:59.999999999Z,PROSPECTUS,11,1,,,
13897,2891053000000,1000.0,Porco,Lombo sem Osso,Vendido ao peso a partir de 1 kg,4.29,4.29,0,,€/Kg,,,https://driveimg1.intermarche.com/pt/Content/images/boitmal/produit/zoom/415564DA70574ED3C1D7475F1F28BDB6.jpg,,,2024-11-06T23:59:59.999999999Z,PROSPECTUS,11,1,,,
13813,2892489000000,250.0,Legumes,Batata Doce,1 un = 250 gr  (aprox.),0.35,1.39,0,,€/Kg,,,https://driveimg1.intermarche.com/pt/Content/images/boitmal/produit/zoom/B0785A3D8A1A6773EB1FB43B119AC4D9.jpg,,,2024-11-06T23:59:59.999999999Z,PROSPECTUS,11,1,,,
13893,2891043000000,1000.0,Porco,Entrecosto,Vendido ao peso a partir de 1 kg,6.28,6.28,0,,€/Kg,,,https://driveimg1.intermarche.com/pt/Content/images/boitmal/produit/zoom/AA05EE99D302D59771FCC108473E0700.jpg,,,2024-11-06T23:59:59.999999999Z,PROSPECTUS,11,1,,,
1279,5601151123362,1000.0,Bongo,Néctar de 8 frutos,Garrafa de 1 l,1.19,1.19,1000,L,€/L,,,https://driveimg1.intermarche.com/pt/Content/images/boitmal/produit/zoom/A385521CD93D23B64326FFF286275FD6.jpg,,,2024-11-06T23:59:59.999999999Z,PROSPECTUS,11,1,,,
13894,2891044000000,1000.0,Porco,Entremeada sem Entrecosto,Vendido ao peso a partir de 1 kg,4.88,4.88,0,,€/Kg,,,https://driveimg1.intermarche.com/pt/Content/images/boitmal/produit/zoom/C03EF63C56AFB4E4EA78E134436BF30C.jpg,,,2024-11-06T23:59:59.999999999Z,PROSPECTUS,11,1,,,
13947,2891125000000,150.0,Peru,Espetadas de Peru,1 un = 150 gr (aprox.),0.97,6.49,0,,€/Kg,,,https://driveimg1.intermarche.com/pt/Content/images/boitmal/produit/zoom/F64981E370592175339C16298CEA7C3B.jpg,,,2024-11-06T23:59:59.999999999Z,PROSPECTUS,11,1,,,
49084,5604260323562,300.0,PorSi,8 rissóis de carne,Embalagem de 300g,1.15,3.83,0,kg,€/Kg,,Tipo de stockagem,https://driveimg1.intermarche.com/pt/Content/images/boitmal/produit/zoom/217225786E9180EDB8CCAEEA81B08902.jpg,,,2024-11-06T23:59:59.999999999Z,PROSPECTUS,11,1,,,
1189,5601119007987,250.0,Nobre,Salsichas de porco,Lata de 250g,2.39,9.56,0,kg,€/Kg,,,https://driveimg1.intermarche.com/pt/Content/images/boitmal/produit/zoom/098AB25EB23B66D623E253A97FD15BDF.jpg,,,2024-11-06T23:59:59.999999999Z,PROSPECTUS,11,1,,,
1195,5601119230224,650.0,Nobre,Salsichas extra suculentas,Frasco de 650 g,2.09,3.22,0,kg,€/Kg,,,https://driveimg1.intermarche.com/pt/Content/images/boitmal/produit/zoom/8D9323C0AA785F7D26E063775F0C6C13.jpg,,,2024-11-06T23:59:59.999999999Z,PROSPECTUS,11,1,,,
13838,2891005000000,150.0,Novilho,Bife do Lombo,1 un= 150 gr (aprox.),3.75,24.98,0,,€/Kg,,,https://driveimg1.intermarche.com/pt/Content/images/boitmal/produit/zoom/E8004D30030C5BE75C3DEB9449E59D0A.jpg,,,2024-11-06T23:59:59.999999999Z,PROSPECTUS,11,1,,,
13956,2891205000000,50.0,Porco,Salsicha Brasileira,1 un = 50 gr (aprox.),0.25,4.99,0,,€/Kg,,,https://driveimg1.intermarche.com/pt/Content/images/boitmal/produit/zoom/14EAE52DCA3FF1BF75259E62B26E7BDF.jpg,,,2024-11-06T23:59:59.999999999Z,PROSPECTUS,11,1,,,
13977,2696106000000,,Pastelaria,Folhado de Maçã,1 unidade= 100 g,0.89,0.89,0,,€/Unidade,,,https://driveimg1.intermarche.com/pt/Content/images/boitmal/produit/zoom/E2A4FBB809D0E7BB4A2D714065081A4C.jpg,,,2024-11-06T23:59:59.999999999Z,PROSPECTUS,11,1,,,
18083,5601008200017,258.0,Vieira,Bolacha digestive aveia 258g,Embalagem de 258 g,1.79,6.94,0,kg,€/Kg,,,https://driveimg1.intermarche.com/pt/Content/images/boitmal/produit/zoom/F83AF875AA7966708505018927C302C1.jpg,,,2024-11-06T23:59:59.999999999Z,PROSPECTUS,11,1,,,
19022,5603722509742,800.0,Agros,Leite com Chocolate,Embalagem de 4 x 200 ml,1.49,1.86,800,L,€/L,,,https://driveimg1.intermarche.com/pt/Content/images/boitmal/produit/zoom/5E96016EA2C29977083D2986B4126E1A.jpg,,,2024-11-06T23:59:59.999999999Z,PROSPECTUS,11,1,,,
25861,5603722509759,800.0,Mimosa,Leite C/ Chocolate,Embalagem de 4 x 200 ml,1.39,1.74,800,L,€/L,,,https://driveimg1.intermarche.com/pt/Content/images/boitmal/produit/zoom/754E59DFB7314FD42DB15B9A65008D5F.jpg,,,2024-11-06T23:59:59.999999999Z,PROSPECTUS,11,1,,,
36745,2892275000000,300.0,Fruta,Pera conference categoria: II,Vendido ao peso a partir de 300 g,0.57,1.89,0,,€/Kg,,,https://driveimg1.intermarche.com/pt/Content/images/boitmal/produit/zoom/592E90297DE3CDE7F58E1FF322C66078.jpg,,,2024-11-06T23:59:59.999999999Z,PROSPECTUS,11,1,,,
43742,5604260309993,1000.0,PorSi,Batata Pré-Frita Croquettes,Embalagem de 1 kg,2.49,2.49,0,kg,€/Kg,,Tipo de stockagem,https://driveimg1.intermarche.com/pt/Content/images/boitmal/produit/zoom/FAC4D24D60D02864D9A3EC8DCBDEA709.jpg,,,2024-11-06T23:59:59.999999999Z,PROSPECTUS,11,1,,,
46922,5601897500021,,Matinados,Ovos de Galinha ao Ar Livre Classe M/L,12 unidades,2.79,2.79,0,,€/Unidade,,,https://driveimg1.intermarche.com/pt/Content/images/boitmal/produit/zoom/D418E60C080058753E8CC98EB5E81765.jpg,,,2024-11-06T23:59:59.999999999Z,PROSPECTUS,11,1,,,
8222,5411188553304,1000.0,Alpro,Bebida Vegetal de Soja com Cálcio,Embalagem de 1 l,1.69,1.69,1000,L,€/L,,,https://driveimg1.intermarche.com/pt/Content/images/boitmal/produit/zoom/78DF3F052531D173EC96A95A3D2BB9A8.jpg,,,2024-11-06T23:59:59.999999999Z,PROSPECTUS,11,1,,,
10094,8435257040776,640.0,Nestlé,"Iogurte líquido yoggi banana,  4 x 160 g",,1.99,3.11,0,kg,€/Kg,,,https://driveimg1.intermarche.com/pt/Content/images/boitmal/produit/zoom/7A1039A34E2D3851553F65DFE7093FB2.jpg,,,2024-11-06T23:59:59.999999999Z,PROSPECTUS,11,1,,,
10095,8435257040899,640.0,Nestlé,"Iogurte líquido yoggi morango,  4 x 160 g",,1.99,3.11,0,kg,€/Kg,,,https://driveimg1.intermarche.com/pt/Content/images/boitmal/produit/zoom/F1F347BA34EB28F1148C3C442A42CC17.jpg,,,2024-11-06T23:59:59.999999999Z,PROSPECTUS,11,1,,,
10509,8435250297955,256.0,Nestlé,"Iogurte mix-in smarties baunilha,  2 x 128 g",,1.99,7.77,0,kg,€/Kg,,,https://driveimg1.intermarche.com/pt/Content/images/boitmal/produit/zoom/4FC6F733C531A7A948940F213F0E604D.jpg,,,2024-11-06T23:59:59.999999999Z,PROSPECTUS,11,1,,,
1118,5601066301428,500.0,Nacional,Esparguete fino,Embalagem de 500g,1.26,2.52,0,kg,€/Kg,,,https://driveimg1.intermarche.com/pt/Content/images/boitmal/produit/zoom/67F0D19883C839DBA45E58C8EE2EE72B.jpg,,,2024-11-06T23:59:59.999999999Z,PROSPECTUS,11,1,,,
11963,5603722505775,250.0,Mimosa,Manteiga sem sal,Embalagem de 250g,2.24,8.96,0,kg,€/Kg,,,https://driveimg1.intermarche.com/pt/Content/images/boitmal/produit/zoom/328B59C6E2944F7ED81679344E5E6191.jpg,https://driveimg1.intermarche.com/pt/Content/images/boitmal/produit/zoom/1EA90F949357E7F98D48732996035C6E.jpg,https://driveimg1.intermarche.com/pt/Content/images/boitmal/produit/zoom/1F0AD169BB42B947BB5B96F6E89FDECD.jpg,2024-11-06T23:59:59.999999999Z,PROSPECTUS,11,1,,,
1228,5601146230518,1500.0,Joi,"Refrigerante sem gás, laranja","Garrafa de 1,5 l",1.79,1.19,1500,L,€/L,,,https://driveimg1.intermarche.com/pt/Content/images/boitmal/produit/zoom/277ED8947CD78C9CC5A552FB0B1FDBC2.jpg,,,2024-11-06T23:59:59.999999999Z,PROSPECTUS,11,1,,,
12519,8712100417054,416.0,Hellmann's,"Maionese, frasco",Embalagem de 420g,3.14,7.55,0,kg,€/Kg,,,https://driveimg1.intermarche.com/pt/Content/images/boitmal/produit/zoom/252D905CA391CC38A3FB504ED230564C.jpg,https://driveimg1.intermarche.com/pt/Content/images/boitmal/produit/zoom/6731B805B2B4B445CCCFD0D614219E37.jpg,https://driveimg1.intermarche.com/pt/Content/images/boitmal/produit/zoom/6731B805B2B4B445CCCFD0D614219E37.jpg,2024-11-06T23:59:59.999999999Z,PROSPECTUS,11,1,,,
13242,2893227000000,200.0,Peixaria,Robalo de Viveiro,de 200 a 600 g (aprox.),1.18,5.89,0,,€/Kg,,,https://driveimg1.intermarche.com/pt/Content/images/boitmal/produit/zoom/48561D1FC8B0542874DDBC21F2E9ADCA.jpg,,,2024-11-06T23:59:59.999999999Z,PROSPECTUS,11,1,,,
13844,2891011000000,800.0,Novilho,Carne p/ Assar,Vendido ao peso a partir de 800 g,7.18,8.98,0,,€/Kg,,,https://driveimg1.intermarche.com/pt/Content/images/boitmal/produit/zoom/5BE20A86BAEB137E382553205DC9D349.jpg,,,2024-11-06T23:59:59.999999999Z,PROSPECTUS,11,1,,,
13852,2891020000000,100.0,Novilho,Fígado,1 un = 100 gr (aprox.),0.7,6.99,0,,€/Kg,,,https://driveimg1.intermarche.com/pt/Content/images/boitmal/produit/zoom/7F21D014BF856223502CE366D77F0F5C.jpg,,,2024-11-06T23:59:59.999999999Z,PROSPECTUS,11,1,,,
14711,5601286402332,180.0,Nacional,Bolacha alfa,Embalagem de 180g,1.07,5.94,0,kg,€/Kg,,,https://driveimg1.intermarche.com/pt/Content/images/boitmal/produit/zoom/5276D08644D4F57D25BB338DF64F883B.jpg,,,2024-11-06T23:59:59.999999999Z,PROSPECTUS,11,1,,,
14726,8711100080060,400.0,Maizena,Farinha,Embalagem de 400g,1.64,4.1,0,kg,€/Kg,,,https://driveimg1.intermarche.com/pt/Content/images/boitmal/produit/zoom/B08373790D6917B03E052473E2AB175C.jpg,,,2024-11-06T23:59:59.999999999Z,PROSPECTUS,11,1,,,
14908,2893723000000,600.0,Peixaria,Dourada Pequena,"Vendido ao peso, de 200 a 600 g",4.49,7.49,0,,€/Kg,,,https://driveimg1.intermarche.com/pt/Content/images/boitmal/produit/zoom/71281EF345546B53934FBD5F0D1B6558.jpg,,,2024-11-06T23:59:59.999999999Z,PROSPECTUS,11,1,,,
1538,5601489134153,500.0,Du Bois de la Roche,Bolachas crackers s/ sal,Embalagem de 500g,2.99,5.98,0,kg,€/Kg,,,https://driveimg1.intermarche.com/pt/Content/images/boitmal/produit/zoom/73329C1C7148B60B4FEE5767CC439BEF.jpg,,,2024-11-06T23:59:59.999999999Z,PROSPECTUS,11,1,,,
15979,5601119242364,650.0,Nobre,Salsichas de Aves Extra Suculentas,frasco de 650g,2.09,3.22,0,kg,€/Kg,,,https://driveimg1.intermarche.com/pt/Content/images/boitmal/produit/zoom/96E028FA4B876A7EDCC2B01C6774E1B0.jpg,,,2024-11-06T23:59:59.999999999Z,PROSPECTUS,11,1,,,
16022,5601146703609,5000.0,Sagres,Cerveja Mini,20 x 0.25 l,9.99,2.0,5000,L,€/L,,,https://driveimg1.intermarche.com/pt/Content/images/boitmal/produit/zoom/FF51CCF9441973386AEED91491E4E439.jpg,,,2024-11-06T23:59:59.999999999Z,PROSPECTUS,11,1,,,
16706,5601260592608,67.0,Cigala,Noodles de Carne Banzai,Embalagem de 70g,1.09,16.27,0,kg,€/Kg,,,https://driveimg1.intermarche.com/pt/Content/images/boitmal/produit/zoom/48D264BBA6C231F829A9294EFE385289.jpg,,,2024-11-06T23:59:59.999999999Z,PROSPECTUS,11,1,,,
17402,8412600027233,700.0,Bimbo,Pão forma familiar normal,embalagem de 700 g,1.99,2.84,0,kg,€/Kg,,,https://driveimg1.intermarche.com/pt/Content/images/boitmal/produit/zoom/DE8CCFFBC376CC9F4596A72F8ABC4CE5.jpg,,,2024-11-06T23:59:59.999999999Z,PROSPECTUS,11,1,,,
18024,2696283000000,250.0,Pastelaria,"Baguete Constance Cereais, 250 g",,0.99,3.96,0,kg,€/Kg,,,https://driveimg1.intermarche.com/pt/Content/images/boitmal/produit/zoom/685E2D57DF9ABD650B27DD54077FB84E.jpg,,,2024-11-06T23:59:59.999999999Z,PROSPECTUS,11,1,,,
18079,5601066400923,180.0,Nacional,Bolacha shortcake,Embalagem de 180g,1.24,6.89,0,kg,€/Kg,,,https://driveimg1.intermarche.com/pt/Content/images/boitmal/produit/zoom/A284E5FC1A6E1FA3EC9C3B429775498D.jpg,,,2024-11-06T23:59:59.999999999Z,PROSPECTUS,11,1,,,
23353,5000116112197,375.0,Capitão Iglo,18 nuggets de frango,Embalagem de 380g,4.99,13.31,0,kg,€/Kg,,Tipo de stockagem,https://driveimg1.intermarche.com/pt/Content/images/boitmal/produit/zoom/9D484954D4D236D651A8F338A7717B74.jpg,,,2024-11-06T23:59:59.999999999Z,PROSPECTUS,11,1,,,
25881,5601151155257,3000.0,Serra da estrela,Água s/ gás,"Pack 6 x 0,50 l",1.69,0.56,3000,L,€/L,,,https://driveimg1.intermarche.com/pt/Content/images/boitmal/produit/zoom/9CF77A1C934CC8E61A27D917F276D515.jpg,,,2024-11-06T23:59:59.999999999Z,PROSPECTUS,11,1,,,
26772,5449000106186,3500.0,Coca-Cola,Refrigerante c/ gás,pack 2 x 1.75 l,3.68,1.05,3500,L,€/L,,,https://driveimg1.intermarche.com/pt/Content/images/boitmal/produit/zoom/1D4EC82F15980642AA3BE6E246545A05.jpg,,,2024-11-06T23:59:59.999999999Z,PROSPECTUS,11,1,,,
29899,2696008000000,,Padaria,Bola Rústica,85 g,0.27,0.27,0,,€/Unidade,,,https://driveimg1.intermarche.com/pt/Content/images/boitmal/produit/zoom/DCA7C0FA6B23BAB7806B1D133929F516.jpg,,,2024-11-06T23:59:59.999999999Z,PROSPECTUS,11,1,,,
31610,8434165459991,265.0,Cuétara,Bolacha maria de chocolate,Embalagem de 265g,1.69,6.38,0,kg,€/Kg,,,https://driveimg1.intermarche.com/pt/Content/images/boitmal/produit/zoom/EA7F768C9D6BD3D58A9FB0D7679D15BE.jpg,,,2024-11-06T23:59:59.999999999Z,PROSPECTUS,11,1,,,
31908,8001090134226,,Dodot,Toalhita Azul,Embalagem de 64 un.,0.89,0.89,0,,€/Unidade,,,https://driveimg1.intermarche.com/pt/Content/images/boitmal/produit/zoom/A40107D24C6ED2C9535BA1C356D2F9D5.jpg,,,2024-11-06T23:59:59.999999999Z,PROSPECTUS,11,1,,,
32342,5603722517334,200.0,Milhafre,Queijo açoriano fatias de textura cremosa,Embalagem de 200g,2.09,10.45,0,kg,€/Kg,,,https://driveimg1.intermarche.com/pt/Content/images/boitmal/produit/zoom/ED1DA3BFDC83B30FF20CB1A8441640A4.jpg,,,2024-11-06T23:59:59.999999999Z,PROSPECTUS,11,1,,,
35983,5601027972735,700.0,Bimbo,Pão de forma torradas familiares,Embalagem de 700 g,1.99,2.84,0,kg,€/Kg,,,https://driveimg1.intermarche.com/pt/Content/images/boitmal/produit/zoom/235876653DE3C23FDDF51ADFA446C532.jpg,,,2024-11-06T23:59:59.999999999Z,PROSPECTUS,11,1,,,
37701,5601066401036,300.0,Nacional,Bolacha de aveia e chia,Embalagem de 300 g,1.64,5.47,0,kg,€/Kg,,,https://driveimg1.intermarche.com/pt/Content/images/boitmal/produit/zoom/F2CB06452A56DA05E0C970686532D62B.jpg,,,2024-11-06T23:59:59.999999999Z,PROSPECTUS,11,1,,,
37987,5601809011539,550.0,Riberalves,Lombos de bacalhau 4 meses de cura,Embalagem de 550 g,12.99,23.62,0,kg,€/Kg,,Tipo de stockagem,https://driveimg1.intermarche.com/pt/Content/images/boitmal/produit/zoom/2291F4E21CB67C219B35D2AA6ACCF056.jpg,,,2024-11-06T23:59:59.999999999Z,PROSPECTUS,11,1,,,
40652,5604260303250,1000.0,PorSi,Batata pré-frita noisette,Embalagem de 1 kg,2.99,2.99,0,kg,€/Kg,,Tipo de stockagem,https://driveimg1.intermarche.com/pt/Content/images/boitmal/produit/zoom/EDA22D9D4595E9502C57E47AD9D6288C.jpg,,,2024-11-06T23:59:59.999999999Z,PROSPECTUS,11,1,,,
40825,7613038901954,7.0,Nescafé,Café Dolce Gusto Marrakech,Embalagem com 16 cápsulas,5.49,784.29,0,kg,€/Kg,,,https://driveimg1.intermarche.com/pt/Content/images/boitmal/produit/zoom/9084DC6531DE00DFA958339359EFC3B3.jpg,,,2024-11-06T23:59:59.999999999Z,PROSPECTUS,11,1,,,
41298,5601050036541,440.0,Danone,"Iogurte oikos natural,  4 x 110g",,2.49,5.66,0,kg,€/Kg,,,https://driveimg1.intermarche.com/pt/Content/images/boitmal/produit/zoom/1E39B56DE0869E56503E420B563E33DD.jpg,,,2024-11-06T23:59:59.999999999Z,PROSPECTUS,11,1,,,
41651,5604260303229,1000.0,PorSi,Batata pré-frita palitos finos,Embalagem de 1 kg,1.99,1.99,0,kg,€/Kg,,Tipo de stockagem,https://driveimg1.intermarche.com/pt/Content/images/boitmal/produit/zoom/C077A1AE2F6955E1731A6174BFF04764.jpg,,,2024-11-06T23:59:59.999999999Z,PROSPECTUS,11,1,,,
47102,5603722520198,250.0,Mimosa,Manteiga com sal e sem lactose,Embalagem de 250g,2.29,9.16,0,kg,€/Kg,,,https://driveimg1.intermarche.com/pt/Content/images/boitmal/produit/zoom/B591AEA7549E84BED541D0651A14575A.jpg,https://driveimg1.intermarche.com/pt/Content/images/boitmal/produit/zoom/03F85375587D6FDFB4925819A11BDAE0.jpg,https://driveimg1.intermarche.com/pt/Content/images/boitmal/produit/zoom/851EE75BBBA7A9986AE9578DEC17E3F9.jpg,2024-11-06T23:59:59.999999999Z,PROSPECTUS,11,1,,,
49085,5604260323555,300.0,PorSi,8 rissóis de camarão,Embalagem de 300g,1.09,3.63,0,kg,€/Kg,,Tipo de stockagem,https://driveimg1.intermarche.com/pt/Content/images/boitmal/produit/zoom/D126C42EDA26B0D368147D17B093DA22.jpg,,,2024-11-06T23:59:59.999999999Z,PROSPECTUS,11,1,,,
49460,7613287300362,99.0,Nescafé,Café Buondi Intensidade 8,16 cápsulas,4.99,50.4,0,kg,€/Kg,,,https://driveimg1.intermarche.com/pt/Content/images/boitmal/produit/zoom/EC288379EB7F6CFC99A360964ED51E3E.jpg,,,2024-11-06T23:59:59.999999999Z,PROSPECTUS,11,1,,,
50377,8445290351357,,Nescafé,Dolce gusto sical espresso cafés,Embalagem de 16 unidades,4.29,4.29,0,,€/Unidade,,,https://driveimg1.intermarche.com/pt/Content/images/boitmal/produit/zoom/74D43FC39DC3AF44789D53D3E092BB88.jpg,,,2024-11-06T23:59:59.999999999Z,PROSPECTUS,11,1,,,
51329,5600961167498,40.0,Prozis,"Energy crunch bar bolacha, 40g",,0.84,21.0,0,kg,€/Kg,,,https://driveimg1.intermarche.com/pt/Content/images/boitmal/produit/zoom/EA4C8E05B38046E9B4929C0686B20CB1.jpg,,,2024-11-06T23:59:59.999999999Z,PROSPECTUS,11,1,,,
51896,8719200253377,400.0,Planta,"Creme Vegetal para Barrar Original, 400g",,2.63,6.58,0,kg,€/Kg,,,https://driveimg1.intermarche.com/pt/Content/images/boitmal/produit/zoom/7E3E893F11A83F74C9C78D45FF4B6FD0.jpg,,,2024-11-06T23:59:59.999999999Z,PROSPECTUS,11,1,,,
52856,5411188137993,400.0,Alpro,"Yofu Mirtilo, 400g",,1.99,4.98,0,kg,€/Kg,,,https://driveimg1.intermarche.com/pt/Content/images/boitmal/produit/zoom/11533D920C6F50B230FF02F2A50E7E1F.jpg,,,2024-11-06T23:59:59.999999999Z,PROSPECTUS,11,1,,,
54361,8410104915186,,Finish,"Detergente Loiça Máquina Quantum Limão, 28 Pastilhas",,5.99,5.99,0,,€/Unidade,,,https://driveimg1.intermarche.com/pt/Content/images/boitmal/produit/zoom/1475A3F2DD398EC394FA4FC5F2649CB1.jpg,,,2024-11-06T23:59:59.999999999Z,PROSPECTUS,11,1,,,
7126,2895005000000,100.0,PorSi,Queijo flamengo barra,"Vendido ao peso, fatiado a partir de 100 gr",0.65,6.49,0,,€/Kg,,,https://driveimg1.intermarche.com/pt/Content/images/boitmal/produit/zoom/16C1EB46F4F37242994168D0C6EEE2EA.jpg,https://driveimg1.intermarche.com/pt/Content/images/boitmal/produit/zoom/429C8DD5EB6268845AF5C452EB2A1C3C.jpg,,2024-11-06T23:59:59.999999999Z,PROSPECTUS,11,1,,,
8384,5601049133992,1000.0,Mimosa,Leite uht magro,Embalagem de 1 litro,0.84,0.84,1000,L,€/L,,,https://driveimg1.intermarche.com/pt/Content/images/boitmal/produit/zoom/F5320FAD88ED459A5E33FEB47EAEF410.jpg,https://driveimg1.intermarche.com/pt/Content/images/boitmal/produit/zoom/8C350978140C257D0AAD7365CD133F0C.jpg,https://driveimg1.intermarche.com/pt/Content/images/boitmal/produit/zoom/B9BED9F397071733FB4D36CBE39ECDBA.jpg,2024-11-06T23:59:59.999999999Z,PROSPECTUS,11,1,,,
8396,5601049614330,250.0,Milhafre,Manteiga com sal,Embalagem de 250g,1.99,7.96,0,kg,€/Kg,,,https://driveimg1.intermarche.com/pt/Content/images/boitmal/produit/zoom/8DCB9F2F3B36086D35B7173891ABA268.jpg,,,2024-11-06T23:59:59.999999999Z,PROSPECTUS,11,1,,,
8534,5601119957183,120.0,Campofrio,Peito peru forno lenha  fatias clássicas,Embalagem de 120g,2.39,19.92,0,kg,€/Kg,,,https://driveimg1.intermarche.com/pt/Content/images/boitmal/produit/zoom/963799DA88555602C0BE8ACB0150C34E.jpg,,,2024-11-06T23:59:59.999999999Z,PROSPECTUS,11,1,,,
8538,5601119957213,120.0,Campofrio,Peito frango forno lenha fatias finas,Embalagem de 120g,2.39,19.92,0,kg,€/Kg,,,https://driveimg1.intermarche.com/pt/Content/images/boitmal/produit/zoom/A07912C7AB7FD404926F35358863642D.jpg,,,2024-11-06T23:59:59.999999999Z,PROSPECTUS,11,1,,,
9184,5602348062754,70.0,Damatta,Presunto sabor português fatiado,Embalagem de 70 g,2.29,32.71,0,kg,€/Kg,,,https://driveimg1.intermarche.com/pt/Content/images/boitmal/produit/zoom/0A14ED361A0023E1AFBFC3FC3C5833B1.jpg,,,2024-11-06T23:59:59.999999999Z,PROSPECTUS,11,1,,,
929,5601001187803,630.0,Nestlé,Cereais chocapic,Embalagem de 630g,3.49,5.54,0,kg,€/Kg,,,https://driveimg1.intermarche.com/pt/Content/images/boitmal/produit/zoom/24F5DB132F7E18A7786689AD5CB8DB19.jpg,,,2024-11-06T23:59:59.999999999Z,PROSPECTUS,11,1,,,
9311,5603722502064,250.0,Mimosa,Manteiga fácil de barrar,Embalagem de 250g,2.09,8.36,0,kg,€/Kg,,,https://driveimg1.intermarche.com/pt/Content/images/boitmal/produit/zoom/4BF7FA2397A9EAF9E6403C8BF847293A.jpg,https://driveimg1.intermarche.com/pt/Content/images/boitmal/produit/zoom/A8C47E9F1F12DFE2439D3530C38E2D87.jpg,https://driveimg1.intermarche.com/pt/Content/images/boitmal/produit/zoom/2EE410FD3A0147BBB442FA96902FFF46.jpg,2024-11-06T23:59:59.999999999Z,PROSPECTUS,11,1,,,
996,5601038005064,80.0,Knorr,Caldo de legumes 8 cubos,Embalagem de 80g,1.69,21.13,0,kg,€/Kg,,,https://driveimg1.intermarche.com/pt/Content/images/boitmal/produit/zoom/3606EB29BAB8193115549EA3C4464D95.jpg,,,2024-11-06T23:59:59.999999999Z,PROSPECTUS,11,1,,,
1010,5601038300091,240.0,Knorr,Caldo de galinha 24 cubos,Embalagem de 240g,2.49,10.38,0,kg,€/Kg,,,https://driveimg1.intermarche.com/pt/Content/images/boitmal/produit/zoom/4EAB67797AD4AB1D62B7E64BA0380D8B.jpg,,,2024-11-06T23:59:59.999999999Z,PROSPECTUS,11,1,,,
10513,8435250439591,236.0,Nestlé,"Iogurte mix-in chocapic,  2 x 118 g",,1.99,8.43,0,kg,€/Kg,,,https://driveimg1.intermarche.com/pt/Content/images/boitmal/produit/zoom/0789BA3D2E6EA8E7B9EBDD728E77A7C3.jpg,,,2024-11-06T23:59:59.999999999Z,PROSPECTUS,11,1,,,
10639,8712566395514,60.0,Knorr,"Sopa gourmet, cogumelos",Embalagem de 60g,2.19,36.5,0,kg,€/Kg,,,https://driveimg1.intermarche.com/pt/Content/images/boitmal/produit/zoom/B0DE93CCE9C882CDFCAF84912313B4E5.jpg,,,2024-11-06T23:59:59.999999999Z,PROSPECTUS,11,1,,,
1072,5601063000881,35.0,Margão,"Pimenta preta, com moinho, no  frasco",Embalagem de 35g,2.85,81.43,0,kg,€/Kg,,,https://driveimg1.intermarche.com/pt/Content/images/boitmal/produit/zoom/A3BAB691B5ACCB15830C8C86CA874878.jpg,,,2024-11-06T23:59:59.999999999Z,PROSPECTUS,11,1,,,
1073,5601063000898,20.0,Margão,Moinho com 5 bagas,Embalagem de 20g,2.85,142.5,0,kg,€/Kg,,,https://driveimg1.intermarche.com/pt/Content/images/boitmal/produit/zoom/CB9EEA6479AC4E3D0B9D2EA5BF177FA1.jpg,,,2024-11-06T23:59:59.999999999Z,PROSPECTUS,11,1,,,
1104,5601066200301,1000.0,Nacional,Farinha p/ bolos fina,Embalagem de 1Kg,1.19,1.19,0,kg,€/Kg,,,https://driveimg1.intermarche.com/pt/Content/images/boitmal/produit/zoom/965F30777B80FEC78D369BAAC5FF5AF1.jpg,,,2024-11-06T23:59:59.999999999Z,PROSPECTUS,11,1,,,
1108,5601066300087,500.0,Nacional,Massa de cotovelinhos,Embalagem de 500g,0.89,1.78,0,kg,€/Kg,,,https://driveimg1.intermarche.com/pt/Content/images/boitmal/produit/zoom/3C947C343F18C9B0CC5D66D04FA630B6.jpg,,,2024-11-06T23:59:59.999999999Z,PROSPECTUS,11,2,,,
1114,5601066300780,500.0,Nacional,Massa de macarrão riscado,Embalagem de 500g,0.89,1.78,0,kg,€/Kg,,,https://driveimg1.intermarche.com/pt/Content/images/boitmal/produit/zoom/4E586B0F43C13026DBE291FFB6AC87A9.jpg,,,2024-11-06T23:59:59.999999999Z,PROSPECTUS,11,2,,,
1120,5601066301718,500.0,Nacional,Massa de espirais,Embalagem de 500g,0.89,1.78,0,kg,€/Kg,,,https://driveimg1.intermarche.com/pt/Content/images/boitmal/produit/zoom/53CA28E35AF8AD40FCE8516799A2B51B.jpg,,,2024-11-06T23:59:59.999999999Z,PROSPECTUS,11,2,,,
11471,5601029004076,120.0,Bom Petisco,Atum posta ao natural,Embalagem de 120 g,1.29,10.75,0,kg,€/Kg,,,https://driveimg1.intermarche.com/pt/Content/images/boitmal/produit/zoom/3740C19A3967CA1D1D99F6625E0A4BA4.jpg,,,2024-11-06T23:59:59.999999999Z,PROSPECTUS,11,2,,,
11496,5601049213991,200.0,Mimosa,Nata uht,embalagem de 200 ml,0.79,3.95,200,L,€/L,,,https://driveimg1.intermarche.com/pt/Content/images/boitmal/produit/zoom/887C5343F4688DBB2FEDBF4E6D25399A.jpg,,,2024-11-06T23:59:59.999999999Z,PROSPECTUS,11,2,,,
11501,5601049612084,130.0,Mimosa,Manteiga com sal,Embalagem de 130g,1.29,9.92,0,kg,€/Kg,,,https://driveimg1.intermarche.com/pt/Content/images/boitmal/produit/zoom/DC7A16E0542B828D039563A6AD9E73FE.jpg,https://driveimg1.intermarche.com/pt/Content/images/boitmal/produit/zoom/1207D37BB442FDD5C918BE023189F00C.jpg,,2024-11-06T23:59:59.999999999Z,PROSPECTUS,11,2,,,
11656,5601195510128,1000.0,Pedras Salgadas,Água com gás limão,pack 4 x 0.25 l,1.99,1.99,1000,L,€/L,,,https://driveimg1.intermarche.com/pt/Content/images/boitmal/produit/zoom/9870F7D10B9ED7376F5917B0306BAC76.jpg,,,2024-11-06T23:59:59.999999999Z,PROSPECTUS,11,2,,,
11755,5601511000623,400.0,Limiano,"Queijo fatias -50% de gordura, 400g",,4.09,10.23,0,kg,€/Kg,,,https://driveimg1.intermarche.com/pt/Content/images/boitmal/produit/zoom/0ADAA02E1446E8C0B207669B95BD76E3.jpg,,,2024-11-06T23:59:59.999999999Z,PROSPECTUS,11,2,,,
1230,5601146232512,1500.0,Joi,"Refrigerante sem gás, maracujá e la","Garrafa de 1,5 l",1.79,1.19,1500,L,€/L,,,https://driveimg1.intermarche.com/pt/Content/images/boitmal/produit/zoom/D23ED4125E0EF0BCF408343FFE16E2DF.jpg,,,2024-11-06T23:59:59.999999999Z,PROSPECTUS,11,2,,,
1270,5601151023150,500.0,Compal,Polpa de tomate com cebola e alho,Embalagem de 500g,1.39,2.78,0,kg,€/Kg,,,https://driveimg1.intermarche.com/pt/Content/images/boitmal/produit/zoom/D455823659AE027A7D3A2F64537EA4D9.jpg,,,2024-11-06T23:59:59.999999999Z,PROSPECTUS,11,2,,,
1307,5601151962152,1000.0,Compal,Polpa de tomate em garrafa,Embalagem de 1 kg,2.09,2.09,0,kg,€/Kg,,,https://driveimg1.intermarche.com/pt/Content/images/boitmal/produit/zoom/188D8B739A75F9183E13BB6E462F65B0.jpg,,,2024-11-06T23:59:59.999999999Z,PROSPECTUS,11,2,,,
13095,2893071000000,100.0,Peixaria,Carapau Pequeno,1 un = 100 g (aprox.),0.3,2.99,0,,€/Kg,,,https://driveimg1.intermarche.com/pt/Content/images/boitmal/produit/zoom/A6FA4A5C89011F3F27A60AD959FD9913.jpg,,,2024-11-06T23:59:59.999999999Z,PROSPECTUS,11,2,,,
1310,5601151979969,140.0,Compal,Compal da horta concentrado tomate,Embalagem de 140g,0.99,7.07,0,kg,€/Kg,,,https://driveimg1.intermarche.com/pt/Content/images/boitmal/produit/zoom/9A5812864404A787E39139B51FC70102.jpg,,,2024-11-06T23:59:59.999999999Z,PROSPECTUS,11,2,,,
1328,5601165005760,20.0,Lipton,10 saquetas infusão de cidreira,Embalagem de 20g,0.74,37.0,0,kg,€/Kg,,,https://driveimg1.intermarche.com/pt/Content/images/boitmal/produit/zoom/CD0E912EDCBC0F88CCB88A275A3DBF8A.jpg,,,2024-11-06T23:59:59.999999999Z,PROSPECTUS,11,2,,,
13541,2893533000000,250.0,Congelado de Aquicultura,Camarão Congelado 60/80,1 un = 250 gr  (aprox.),1.75,6.99,0,,€/Kg,,Avantages !,https://driveimg1.intermarche.com/pt/Content/images/boitmal/produit/zoom/29A2DFA509FFDAFCD18E7F308BD753B4.jpg,,,2024-11-06T23:59:59.999999999Z,PROSPECTUS,11,2,,,
13599,2893594000000,550.0,Peixaria,Red Fish Grande Congelado,1 un = 500 gr (aprox.),3.29,5.99,0,,€/Kg,,Avantages !,https://driveimg1.intermarche.com/pt/Content/images/boitmal/produit/zoom/A3E98972B338DCF46BAA412A17BB9B0C.jpg,,,2024-11-06T23:59:59.999999999Z,PROSPECTUS,11,2,,,
13890,2891017000000,400.0,Novilho,Costeleta,1 un= 400 gr aprox.,5.6,13.99,0,,€/Kg,,,https://driveimg1.intermarche.com/pt/Content/images/boitmal/produit/zoom/1E30B29CED8DE853BBFB70B478C1AF58.jpg,,,2024-11-06T23:59:59.999999999Z,PROSPECTUS,11,2,,,
14169,5601151734452,1000.0,Compal,Sumo 100% maçã,1 litro,1.69,1.69,1000,L,€/L,,,https://driveimg1.intermarche.com/pt/Content/images/boitmal/produit/zoom/735FEA93558F1E10BCABBD50D558E72B.jpg,,,2024-11-06T23:59:59.999999999Z,PROSPECTUS,11,2,,,
14308,5000116124138,204.0,Iglo,2 crocantes frango  recheio alho&ervas 204g,Embalagem de 200g,3.99,19.56,0,kg,€/Kg,,Tipo de stockagem,https://driveimg1.intermarche.com/pt/Content/images/boitmal/produit/zoom/327E2C86DAFAD6DB9B0C7D64096CB3A0.jpg,,,2024-11-06T23:59:59.999999999Z,PROSPECTUS,11,2,,,
1434,5601260037109,1000.0,Cigala,Arroz agulha,Embalagem de 1 kg,1.69,1.69,0,kg,€/Kg,,,https://driveimg1.intermarche.com/pt/Content/images/boitmal/produit/zoom/9B1F36F6AAAF2732F8672B52B380B44F.jpg,,,2024-11-06T23:59:59.999999999Z,PROSPECTUS,11,2,,,
1437,5601260046101,1000.0,Saludães,Arroz Carolino,Embalagem de 1 kg,1.39,1.39,0,kg,€/Kg,,,https://driveimg1.intermarche.com/pt/Content/images/boitmal/produit/zoom/1AF2CC85F100279586424D4415352EF6.jpg,,,2024-11-06T23:59:59.999999999Z,PROSPECTUS,11,2,,,
14914,2892088000000,500.0,Legumes,Mandioca,1 un=500 gr (aprox.),1.45,2.89,0,,€/Kg,,,https://driveimg1.intermarche.com/pt/Content/images/boitmal/produit/zoom/245947474965D9E23A1A5C2C57D52994.jpg,,,2024-11-06T23:59:59.999999999Z,PROSPECTUS,11,2,,,
14932,2696115000000,,Pastelaria,Super Napolitana Creme 125 g,1 un = 125 g (aprox.),0.89,0.89,0,,€/Unidade,,,https://driveimg1.intermarche.com/pt/Content/images/boitmal/produit/zoom/76250070FCD56608C777F351771B1F20.jpg,,,2024-11-06T23:59:59.999999999Z,PROSPECTUS,11,2,,,
1552,5601517181104,250.0,Paladin,"Vinagre balsâmico, spray",Garrafa de 250 ml,1.35,5.4,250,L,€/L,,,https://driveimg1.intermarche.com/pt/Content/images/boitmal/produit/zoom/45E1C27CE51B4948E7636A8A9A4FA5EF.jpg,,,2024-11-06T23:59:59.999999999Z,PROSPECTUS,11,2,,,
1558,5601517311419,80.0,Paladin,"Piripiri sacana, extra forte",Garrafa de 80 ml,1.25,15.63,80,L,€/L,,,https://driveimg1.intermarche.com/pt/Content/images/boitmal/produit/zoom/CEFDAA1DD4836275B6F55392B06CF7D8.jpg,,,2024-11-06T23:59:59.999999999Z,PROSPECTUS,11,2,,,
15741,7613034945808,1500.0,Friskies,Ração para gato bolas de pelo com frango,"Embalagem de 1,5kg",5.84,3.89,0,kg,€/Kg,,,https://driveimg1.intermarche.com/pt/Content/images/boitmal/produit/zoom/07080EB115E04D4F8CE83D62B5121029.jpg,,,2024-11-06T23:59:59.999999999Z,PROSPECTUS,11,2,,,
15955,7613032408794,90.0,Purina Gourmet,Comida húmida para gato duplo prazer com peixe do oceano,Embalagem de 90g,0.87,9.67,0,kg,€/Kg,,,https://driveimg1.intermarche.com/pt/Content/images/boitmal/produit/zoom/DBE7166FBADAD4BECDB0C2B9DB9A4BC4.jpg,,,2024-11-06T23:59:59.999999999Z,PROSPECTUS,11,2,,,
16042,8410022000025,200.0,Donuts,Donuts classic,Embalagem de 200g,2.19,10.95,0,kg,€/Kg,,,https://driveimg1.intermarche.com/pt/Content/images/boitmal/produit/zoom/9DE87D45842580C95F36B655B1BA5FC5.jpg,,,2024-11-06T23:59:59.999999999Z,PROSPECTUS,11,2,,,
16066,7509546064864,75.0,Colgate,Pasta de dentes max white expert white,Embalagem de 75 ml,3.84,51.2,75,L,€/L,,,https://driveimg1.intermarche.com/pt/Content/images/boitmal/produit/zoom/0EA2A285777A75857921065AAC674A4A.jpg,,,2024-11-06T23:59:59.999999999Z,PROSPECTUS,11,2,,,
16229,8712561587495,4000.0,Comfort,"Amaciador de roupa, pure",Garrafa de 4 l,4.99,1.25,4000,L,€/L,,,https://driveimg1.intermarche.com/pt/Content/images/boitmal/produit/zoom/AAE7E7461FE5C9CAA68CFDC37842673D.jpg,,,2024-11-06T23:59:59.999999999Z,PROSPECTUS,11,2,,,
16693,5601066400916,120.0,Nacional,Bolacha chocomax mini,Embalagem de 120 g,1.04,8.67,0,kg,€/Kg,,,https://driveimg1.intermarche.com/pt/Content/images/boitmal/produit/zoom/369CF09991D63A6D8505CD9C805BD57F.jpg,,,2024-11-06T23:59:59.999999999Z,PROSPECTUS,11,2,,,
18488,5600744051013,220.0,Saborosa,Bolacha de manteiga belga original,Embalagem de 220g,1.39,6.32,0,kg,€/Kg,,,https://driveimg1.intermarche.com/pt/Content/images/boitmal/produit/zoom/E47AEEFDB6078E82F552ABDA38861231.jpg,,,2024-11-06T23:59:59.999999999Z,PROSPECTUS,11,2,,,
18770,5449000138026,1500.0,Fanta,Refrigerante c/ gás de laranja zero,"Garrafa de 1,5 l",0.99,0.66,1500,L,€/L,,,https://driveimg1.intermarche.com/pt/Content/images/boitmal/produit/zoom/42C12268B3BC23315C825D0012A62086.jpg,,,2024-11-06T23:59:59.999999999Z,PROSPECTUS,11,2,,,
19046,5000116110414,480.0,Capitão Iglo,8 hamburguers s/ glúten frango,Embalagem de 480g,6.99,14.56,0,kg,€/Kg,,Tipo de stockagem,https://driveimg1.intermarche.com/pt/Content/images/boitmal/produit/zoom/1C35A366EB207E26898D1AC0CE188CE6.jpg,,,2024-11-06T23:59:59.999999999Z,PROSPECTUS,11,2,,,
2010,5604260127320,300.0,PorSi,"Mini rissóis de carne, 20 unidades",Embalagem de 300 g,1.99,6.63,0,kg,€/Kg,,Tipo de stockagem,https://driveimg1.intermarche.com/pt/Content/images/boitmal/produit/zoom/6C097338C8C7394E49965985FF60BE98.jpg,,,2024-11-06T23:59:59.999999999Z,PROSPECTUS,11,2,,,
21291,2891140000000,1000.0,Porco,Cachaço s/ Osso,Vendido ao peso a partir de 1 kg,5.38,5.38,0,,€/Kg,,,https://driveimg1.intermarche.com/pt/Content/images/boitmal/produit/zoom/5959AA495A4B146D941DA93F1CFF6837.jpg,,,2024-11-06T23:59:59.999999999Z,PROSPECTUS,11,2,,,
22164,5601260254056,500.0,Saludães,Arroz doce especial,Embalagem de 500g,0.83,1.66,0,kg,€/Kg,,,https://driveimg1.intermarche.com/pt/Content/images/boitmal/produit/zoom/878854BE9F8FAA6F9C6C65945CC1655C.jpg,,,2024-11-06T23:59:59.999999999Z,PROSPECTUS,11,2,,,
24414,8410436297691,1300.0,Sonasol,"Lava tudo camomila e flor de laranjeira, 1,3l",,2.09,1.61,1300,L,€/L,,,https://driveimg1.intermarche.com/pt/Content/images/boitmal/produit/zoom/3B18B6CCDC35A0C75589B9509520BFD6.jpg,,,2024-11-06T23:59:59.999999999Z,PROSPECTUS,11,2,,,
2492,7613032881399,85.0,Purina Gourmet,Comida húmida para gato terrine com frango,85g,0.87,10.24,0,kg,€/Kg,,,https://driveimg1.intermarche.com/pt/Content/images/boitmal/produit/zoom/14E577C5F356B2FBDEF4652CB3C737D7.jpg,,,2024-11-06T23:59:59.999999999Z,PROSPECTUS,11,2,,,
24922,5601063052408,50.0,Margão,Tempero segredos alho c/ pimenta,Embalagem de 50g,2.19,43.8,0,kg,€/Kg,,,https://driveimg1.intermarche.com/pt/Content/images/boitmal/produit/zoom/E716104778E88510346A3BFC8BD680FC.jpg,,,2024-11-06T23:59:59.999999999Z,PROSPECTUS,11,2,,,
2500,7613033129025,250.0,Cerelac,Papa infantil não láctea bolacha maria +6 meses,Embalagem de 250g,2.39,9.56,0,kg,€/Kg,,,https://driveimg1.intermarche.com/pt/Content/images/boitmal/produit/zoom/1A288A774960D901AD4DC15008F92E64.jpg,,,2024-11-06T23:59:59.999999999Z,PROSPECTUS,11,2,,,
25275,5775345121578,700.0,Sunquick,Concentrado de laranja,Garrafa de 700 ml,5.19,7.41,700,L,€/L,,,https://driveimg1.intermarche.com/pt/Content/images/boitmal/produit/zoom/8F6159314AFA9ACA4FB2EC88A7BBF04D.jpg,,,2024-11-06T23:59:59.999999999Z,PROSPECTUS,11,2,,,
26153,8001090229083,,Ausonia,Pensos Higiênicos com Abas Super,embalagem com 12 un.,1.94,1.94,0,,€/Unidade,,,https://driveimg1.intermarche.com/pt/Content/images/boitmal/produit/zoom/219E0B3EF05D6DA4905EC8A4376099AF.jpg,,,2024-11-06T23:59:59.999999999Z,PROSPECTUS,11,2,,,
26594,8711000357613,52.0,L'or,Café colombia,Embalagem de 50g,3.29,63.27,0,kg,€/Kg,,,https://driveimg1.intermarche.com/pt/Content/images/boitmal/produit/zoom/D21968ECC01B0E37036DFC520D71E940.jpg,,,2024-11-06T23:59:59.999999999Z,PROSPECTUS,11,2,,,
26596,8711000357484,52.0,L'or,Café forza intensidade 9,Embalagem de 50g,3.39,65.19,0,kg,€/Kg,,,https://driveimg1.intermarche.com/pt/Content/images/boitmal/produit/zoom/1A172850120A422A0767FFBE5086A5FE.jpg,,,2024-11-06T23:59:59.999999999Z,PROSPECTUS,11,2,,,
2740,8410063016627,400.0,Pescanova,4 filetes de pescada panados c/ limão,Embalagem de 400g,4.69,11.73,0,kg,€/Kg,,Tipo de stockagem,https://driveimg1.intermarche.com/pt/Content/images/boitmal/produit/zoom/3032EB7CA68A0B391F99FAEA119599B8.jpg,,,2024-11-06T23:59:59.999999999Z,PROSPECTUS,11,2,,,
27547,7613036101417,240.0,Cerelac,Seleção da natureza papa infantil láctea aveia manga banana +6 meses,Embalagem de 240g,2.99,12.46,0,kg,€/Kg,,,https://driveimg1.intermarche.com/pt/Content/images/boitmal/produit/zoom/B4BF463DF8546C060EF3BFEFEEB3E2A2.jpg,,,2024-11-06T23:59:59.999999999Z,PROSPECTUS,11,2,,,
27891,3600523586387,400.0,Elvive,Champô Reconstrutor Dream Long,Embalagem de 400 ml,3.99,9.98,400,L,€/L,,,https://driveimg1.intermarche.com/pt/Content/images/boitmal/produit/zoom/84CC356C36067BE7C6654BA5E8036F86.jpg,,,2024-11-06T23:59:59.999999999Z,PROSPECTUS,11,2,,,
282,0000080361497,90.0,Purina Gourmet,Comida húmida para gato pedacinhos em molho com salmão,Embalagem de 90g,0.87,9.67,0,kg,€/Kg,,,https://driveimg1.intermarche.com/pt/Content/images/boitmal/produit/zoom/1D36D1D26CE1E6B956E8DD30F4956BCC.jpg,,,2024-11-06T23:59:59.999999999Z,PROSPECTUS,11,2,,,
30566,5601066401005,180.0,Nacional,Bolachas my cookies xl com pepitas de chocolate de leite,Embalagem de 180g,1.94,10.78,0,kg,€/Kg,,,https://driveimg1.intermarche.com/pt/Content/images/boitmal/produit/zoom/DBD48492800FCB04E8BDF289C04473DF.jpg,,,2024-11-06T23:59:59.999999999Z,PROSPECTUS,11,2,,,
30966,3155250213117,400.0,Nestlé,Iogurte para bebé frutas variadas,Embalagem de 4 x 100 g,1.99,4.98,0,kg,€/Kg,,,https://driveimg1.intermarche.com/pt/Content/images/boitmal/produit/zoom/6CA92F32E792BD541133EF778088EF27.jpg,,,2024-11-06T23:59:59.999999999Z,PROSPECTUS,11,2,,,
31526,8434165446960,200.0,Cuétara,"Bolacha Maria Oro, 200g",,0.85,4.25,0,kg,€/Kg,,,https://driveimg1.intermarche.com/pt/Content/images/boitmal/produit/zoom/EEE8084680FF8F4350A3E48514764260.jpg,,,2024-11-06T23:59:59.999999999Z,PROSPECTUS,11,2,,,
32279,8001090229168,,Ausonia,Pensos com Abas de Noite,embalagem com 9 un.,1.94,1.94,0,,€/Unidade,,,https://driveimg1.intermarche.com/pt/Content/images/boitmal/produit/zoom/C3F28E71F3D959B26F216E0A65A6AD71.jpg,,,2024-11-06T23:59:59.999999999Z,PROSPECTUS,11,2,,,
32560,8006540808610,440.0,Fairy,Detergente Manual Loiça Maxi Poder Limão,440 ml,2.99,6.8,440,L,€/L,,,https://driveimg1.intermarche.com/pt/Content/images/boitmal/produit/zoom/76939BBBBC7A9CB088990F95841C1714.jpg,,,2024-11-06T23:59:59.999999999Z,PROSPECTUS,11,2,,,
34117,8718951178779,500.0,Colgate,Elixir tripla ação,500 ml,3.74,7.48,500,L,€/L,,,https://driveimg1.intermarche.com/pt/Content/images/boitmal/produit/zoom/3B340797DE2A21209CC6F82D71A9B02E.jpg,,,2024-11-06T23:59:59.999999999Z,PROSPECTUS,11,2,,,
34201,5601066401029,150.0,Nacional,Bolachas com pepitas de chocolate my cookie!,Embalagem de 150 g,1.24,8.27,0,kg,€/Kg,,,https://driveimg1.intermarche.com/pt/Content/images/boitmal/produit/zoom/8733C55DE677087A69DC68FE9C7FC1FB.jpg,,,2024-11-06T23:59:59.999999999Z,PROSPECTUS,11,2,,,
35080,3574669909136,300.0,Johnson's Baby,Óleo regular,Embalagem de 300 ml,2.99,9.97,300,L,€/L,,,https://driveimg1.intermarche.com/pt/Content/images/boitmal/produit/zoom/0A0DF6921B8F076BE6F914B0C68A3A8A.jpg,,,2024-11-06T23:59:59.999999999Z,PROSPECTUS,11,2,,,
36170,5604260295654,1000.0,PorSi,Batata pré-frita palito,Embalagem de 1 kg,1.99,1.99,0,kg,€/Kg,,Tipo de stockagem,https://driveimg1.intermarche.com/pt/Content/images/boitmal/produit/zoom/D06EFE4569661A1EDCC4E5FE5333D9FF.jpg,,,2024-11-06T23:59:59.999999999Z,PROSPECTUS,11,2,,,
36183,5604736300097,100.0,Maria Batata,Batata doce frita,embalagem de 100 g,1.74,17.4,0,kg,€/Kg,,,https://driveimg1.intermarche.com/pt/Content/images/boitmal/produit/zoom/71A1C6E59EDA9EE5A4876F3C1F68F50F.jpg,,,2024-11-06T23:59:59.999999999Z,PROSPECTUS,11,2,,,
36657,5601217132673,500.0,Cillitbang,"Spray lixívia e higiene, de 500 ml",,2.49,4.98,500,L,€/L,,,https://driveimg1.intermarche.com/pt/Content/images/boitmal/produit/zoom/B883369E3F8FD2106485DC8F041B61F8.jpg,,,2024-11-06T23:59:59.999999999Z,PROSPECTUS,11,2,,,
37702,5601066401043,300.0,Nacional,Bolacha de alfarroba e chocolate,Embalagem de 300 g,1.67,5.57,0,kg,€/Kg,,,https://driveimg1.intermarche.com/pt/Content/images/boitmal/produit/zoom/29CEACE96341E2A0CAA4AC72DB2E1479.jpg,,,2024-11-06T23:59:59.999999999Z,PROSPECTUS,11,2,,,
38148,5603722519123,1000.0,Milhafre,Leite de Pastagem Biológico Meio Gordo,1 litro,1.14,1.14,1000,L,€/L,,Produtos Bio,https://driveimg1.intermarche.com/pt/Content/images/boitmal/produit/zoom/2257B1DDB3999CD244A662F9C30070FE.jpg,,,2024-11-06T23:59:59.999999999Z,PROSPECTUS,11,2,,,
38330,7613036886994,400.0,Yogolino,Yogolino pêssego banana 0% açúcares adicionados 4x100g,Embalagem de 400g,2.54,6.35,0,kg,€/Kg,,,https://driveimg1.intermarche.com/pt/Content/images/boitmal/produit/zoom/49B9954C83771AA9EBC8A7C302D392D9.jpg,,,2024-11-06T23:59:59.999999999Z,PROSPECTUS,11,2,,,
38418,5411188125808,400.0,Alpro,"Yofu soja e manga sem açúcar adicionado,  400g",,2.39,5.98,0,kg,€/Kg,,,https://driveimg1.intermarche.com/pt/Content/images/boitmal/produit/zoom/A85554D28E4CB90A14D66D29DE19B5ED.jpg,,,2024-11-06T23:59:59.999999999Z,PROSPECTUS,11,2,,,
388,8712566156115,70.0,Knorr,"Sopa de rabo de boi, 70g",,1.69,24.14,0,kg,€/Kg,,,https://driveimg1.intermarche.com/pt/Content/images/boitmal/produit/zoom/3119D8C67F6BF71B6E1A9D2753C65A49.jpg,,,2024-11-06T23:59:59.999999999Z,PROSPECTUS,11,2,,,
393,8712566173945,70.0,Knorr,Creme marisco,Embalagem de 70g,1.69,24.14,0,kg,€/Kg,,,https://driveimg1.intermarche.com/pt/Content/images/boitmal/produit/zoom/5AC7DB72DD40FCC73A38BA936E17E369.jpg,,,2024-11-06T23:59:59.999999999Z,PROSPECTUS,11,2,,,
39305,5601195640122,1000.0,Pedras Salgadas,Pedras maracujá,Pack 4 x 25 cl,1.99,1.99,1000,L,€/L,,,https://driveimg1.intermarche.com/pt/Content/images/boitmal/produit/zoom/4C945380FED2FA4017377501F2ADC0B7.jpg,,,2024-11-06T23:59:59.999999999Z,PROSPECTUS,11,2,,,
40720,5604260302932,100.0,PorSi,Comida húmida para gato de salmão,Embalagem de 100 g,0.39,3.9,0,kg,€/Kg,,,https://driveimg1.intermarche.com/pt/Content/images/boitmal/produit/zoom/88EA7A67DAFF9DCC6E4F972325624EE8.jpg,,,2024-11-06T23:59:59.999999999Z,PROSPECTUS,11,2,,,
41299,5601050036565,440.0,Danone,"Iogurte oikos maracujá,  4 x 110g",,1.99,4.52,0,kg,€/Kg,,,https://driveimg1.intermarche.com/pt/Content/images/boitmal/produit/zoom/FCB02F5884DDCB459FDF089F080D1348.jpg,,,2024-11-06T23:59:59.999999999Z,PROSPECTUS,11,2,,,
41302,5601050036558,440.0,Danone,"Iogurte oikos natural açucarado,  4 x 110g",,2.49,5.66,0,kg,€/Kg,,,https://driveimg1.intermarche.com/pt/Content/images/boitmal/produit/zoom/37C118CA3F2185A0C3815DF236ECC625.jpg,,,2024-11-06T23:59:59.999999999Z,PROSPECTUS,11,2,,,
415,8718114840291,90.0,Knorr,Sopa de tomate,Embalagem de 90g,1.69,18.78,0,kg,€/Kg,,,https://driveimg1.intermarche.com/pt/Content/images/boitmal/produit/zoom/242C36A57E5B35CE57DC33C8EF848B24.jpg,,,2024-11-06T23:59:59.999999999Z,PROSPECTUS,11,2,,,
41895,5000116125784,220.0,Capitão Iglo,12 nuggets frango polme americano,Embalagem de 220g,2.99,13.59,0,kg,€/Kg,,Tipo de stockagem,https://driveimg1.intermarche.com/pt/Content/images/boitmal/produit/zoom/4A36D918CE859C1F06A618542B06F111.jpg,,,2024-11-06T23:59:59.999999999Z,PROSPECTUS,11,2,,,
42699,5604260307241,100.0,PorSi,Alimento húmido para gato rico em atum,Embalagem de 100g,0.39,3.9,0,kg,€/Kg,,,https://driveimg1.intermarche.com/pt/Content/images/boitmal/produit/zoom/3A5442FEB8C5F21336C9C1AAC836D32E.jpg,https://driveimg1.intermarche.com/pt/Content/images/boitmal/produit/zoom/FA68A1A9B234AA6C56A0F450AEA07327.jpg,,2024-11-06T23:59:59.999999999Z,PROSPECTUS,11,2,,,
438,8722700140139,20.0,Lipton,20 saquetas infusão de cidreira,Embalagem de 20g,1.49,74.5,0,kg,€/Kg,,,https://driveimg1.intermarche.com/pt/Content/images/boitmal/produit/zoom/5BD4BD05824B7246D1659F44FE1CD00E.jpg,,,2024-11-06T23:59:59.999999999Z,PROSPECTUS,11,2,,,
43903,3600522107385,150.0,L'oreal Men Expert,Desodorizante Spray Carbon Ice,Embalagem de 150 ml,2.84,18.93,150,L,€/L,,,https://driveimg1.intermarche.com/pt/Content/images/boitmal/produit/zoom/D440A2BDB65E62CF7FEFD9145C107680.jpg,,,2024-11-06T23:59:59.999999999Z,PROSPECTUS,11,2,,,
44809,7613035593756,1000.0,Nesquik,Achocolatado em saco,Embalagem de 1 kg,6.39,6.39,0,kg,€/Kg,,,https://driveimg1.intermarche.com/pt/Content/images/boitmal/produit/zoom/7A82F6A4FFDD5A747845650B2714ACA6.jpg,,,2024-11-06T23:59:59.999999999Z,PROSPECTUS,11,2,,,
45456,5604260315550,400.0,PorSi,Bifes do pojadouro de novilho,Embalagem de 400 g,5.19,12.98,0,kg,€/Kg,,,https://driveimg1.intermarche.com/pt/Content/images/boitmal/produit/zoom/72F163C4A7056918BC8D8E53B9C488E4.jpg,,,2024-11-06T23:59:59.999999999Z,PROSPECTUS,11,2,,,
46162,3083681106480,400.0,Bonduelle,Salteado parisino,Embalagem de 400g,2.59,6.48,0,kg,€/Kg,,Tipo de stockagem,https://driveimg1.intermarche.com/pt/Content/images/boitmal/produit/zoom/06D3269CF888DEE604E81717FC556DB1.jpg,,,2024-11-06T23:59:59.999999999Z,PROSPECTUS,11,2,,,
477,3010470159051,2000.0,Friskies,"Ração para gato adulto com coelho, frango e legumes",Embalagem de 2kg,6.74,3.37,0,kg,€/Kg,,,https://driveimg1.intermarche.com/pt/Content/images/boitmal/produit/zoom/2B3FF876EA273999E91E87B3A45EA82A.jpg,,,2024-11-06T23:59:59.999999999Z,PROSPECTUS,11,2,,,
48030,7613287495259,1200.0,Felix,Fantastic Seleção de Peixes em Gelatina,Embalagem de 12x100g,5.99,4.99,0,kg,€/Kg,,,https://driveimg1.intermarche.com/pt/Content/images/boitmal/produit/zoom/6D8479CC6C659A75FA2F079AE890F80C.jpg,,,2024-11-06T23:59:59.999999999Z,PROSPECTUS,11,2,,,
48281,8718951465756,75.0,Colgate,Pasta de Dentes Original,Embalagem de 75 ml,2.54,33.87,75,L,€/L,,,https://driveimg1.intermarche.com/pt/Content/images/boitmal/produit/zoom/49BB359E9C7607165895D2460C62E204.jpg,,,2024-11-06T23:59:59.999999999Z,PROSPECTUS,11,2,,,
48737,7613287785886,100.0,Yogolino,Nestle yogolino alimento lacteo banana +6m 90g,Embalagem de 100g,0.89,8.9,0,kg,€/Kg,,,https://driveimg1.intermarche.com/pt/Content/images/boitmal/produit/zoom/D34ACCA4A6B704E84864E42B8BE11568.jpg,,,2024-11-06T23:59:59.999999999Z,PROSPECTUS,11,2,,,
49307,5601151969656,1000.0,Compal,Sumo 100% fruta multifrutos,1 litro,1.69,1.69,1000,L,€/L,,,https://driveimg1.intermarche.com/pt/Content/images/boitmal/produit/zoom/8424532B43AB37AC24D6326C5A80BA55.jpg,,,2024-11-06T23:59:59.999999999Z,PROSPECTUS,11,2,,,
49346,5601008102786,174.0,Vieira,"Bolacha digestive maçã, canela e corintos thin - vieira de castro",Embalagem de 174g,1.99,11.44,0,kg,€/Kg,,,https://driveimg1.intermarche.com/pt/Content/images/boitmal/produit/zoom/B5D20795831B71DEC94AD574C202A337.jpg,,,2024-11-06T23:59:59.999999999Z,PROSPECTUS,11,2,,,
49712,5604260319916,750.0,Labell,Gel de Banho Aveia,Embalagem com 750 ml,1.42,1.89,750,L,€/L,,,https://driveimg1.intermarche.com/pt/Content/images/boitmal/produit/zoom/C5B07D3A6199001C9ABD5510D3E02F49.jpg,,,2024-11-06T23:59:59.999999999Z,PROSPECTUS,11,2,,,
49995,8445290170736,800.0,NAN,Leite Transição Optipro 3 +10 Meses,Embalagem de 800g,11.63,14.54,0,kg,€/Kg,,,https://driveimg1.intermarche.com/pt/Content/images/boitmal/produit/zoom/53CE34AD7F33A270497E2AEE0B34046D.jpg,,,2024-11-06T23:59:59.999999999Z,PROSPECTUS,11,2,,,
50367,5604260326129,300.0,PorSi,8 rissóis de pescada,Embalagem de 300g,0.99,3.3,0,kg,€/Kg,,Tipo de stockagem,https://driveimg1.intermarche.com/pt/Content/images/boitmal/produit/zoom/66808786B3FF6C3E96EF19274B692EA7.jpg,,,2024-11-06T23:59:59.999999999Z,PROSPECTUS,11,2,,,
50386,8445290290014,30.0,Maggi,"Molho Suculento Frango no Forno com Alho e Cebola em Saqueta, 30g",,0.89,29.67,0,kg,€/Kg,,,https://driveimg1.intermarche.com/pt/Content/images/boitmal/produit/zoom/0CA9D0BA31C0E8C3087456EA0E4676B5.jpg,,,2024-11-06T23:59:59.999999999Z,PROSPECTUS,11,2,,,
50452,5603722521027,160.0,Mimosa,"Manteiga com salsa e alho, 160g",,2.29,14.31,0,kg,€/Kg,,,https://driveimg1.intermarche.com/pt/Content/images/boitmal/produit/zoom/1CD8B81F49E4375F5654FDF0B89E11D8.jpg,,,2024-11-06T23:59:59.999999999Z,PROSPECTUS,11,2,,,
50630,5603722521461,1208.0,Mimosa,"Iogurte magro liquido de ananas e manga, 8x151ml",,2.89,2.39,1208,L,€/L,,,https://driveimg1.intermarche.com/pt/Content/images/boitmal/produit/zoom/57AA4F959AC0E156C9A5EE1FBB6645F0.jpg,,,2024-11-06T23:59:59.999999999Z,PROSPECTUS,11,2,,,
5127,5601068015347,1000.0,Sun,Sal para máquina de loiça,Embalagem de 1 kg,1.49,1.49,0,kg,€/Kg,,,https://driveimg1.intermarche.com/pt/Content/images/boitmal/produit/zoom/525B9A3DF59B77ABB2076A5D4B0DCD09.jpg,,,2024-11-06T23:59:59.999999999Z,PROSPECTUS,11,2,,,
51383,8434165608023,150.0,Cuétara,Cuet marinheiros chia-quinoa-lin *9,Embalagem de 150g,1.49,9.93,0,kg,€/Kg,,,https://driveimg1.intermarche.com/pt/Content/images/boitmal/produit/zoom/5C8205D363D4015627AE56BB6ED62258.jpg,,,2024-11-06T23:59:59.999999999Z,PROSPECTUS,11,2,,,
51749,8410104895518,750.0,Vanish,"Aditivo Tira Nódoas Gel Oxi Advance White, garrafa de 750 ml",,5.99,7.99,750,L,€/L,,,https://driveimg1.intermarche.com/pt/Content/images/boitmal/produit/zoom/ACB6F9E8C49F6C229ABDB8C49005EC07.jpg,,,2024-11-06T23:59:59.999999999Z,PROSPECTUS,11,2,,,
52377,8720181385131,,Skip,Detergente Máquina Roupa Líquido Sabão Natural,100 Doses,10.99,10.99,0,,€/Unidade,,,https://driveimg1.intermarche.com/pt/Content/images/boitmal/produit/zoom/C8D069DB25783C2FC7889DE8456B0590.jpg,,,2024-11-06T23:59:59.999999999Z,PROSPECTUS,11,2,,,
52598,5601217137975,1710.0,Quanto,"Amaciador Roupa Concentrado Frutos Silvestres, 95 doses",,3.49,2.04,1710,L,€/L,,,https://driveimg1.intermarche.com/pt/Content/images/boitmal/produit/zoom/425B618E435B239C500E88642C038EB6.jpg,,,2024-11-06T23:59:59.999999999Z,PROSPECTUS,11,2,,,
52599,5601217137968,1710.0,Quanto,"Amaciador Roupa Concentrado Violetas do Bosque, 95 doses",,3.49,2.04,1710,L,€/L,,,https://driveimg1.intermarche.com/pt/Content/images/boitmal/produit/zoom/158716B89DDA66C93B622A001C4C974A.jpg,,,2024-11-06T23:59:59.999999999Z,PROSPECTUS,11,2,,,
52600,5601217137951,1710.0,Quanto,"Amaciador Roupa Concentrado Ouro e Orquídea Branca, 95 doses",,3.49,2.04,1710,L,€/L,,,https://driveimg1.intermarche.com/pt/Content/images/boitmal/produit/zoom/A89E9019D654EFABC7388FF37B1BF310.jpg,,,2024-11-06T23:59:59.999999999Z,PROSPECTUS,11,2,,,
52602,5601217137937,1710.0,Quanto,"Amaciador Roupa Concentrado Lirios e Frutos Vermelhos, 95 doses",,3.49,2.04,1710,L,€/L,,,https://driveimg1.intermarche.com/pt/Content/images/boitmal/produit/zoom/563FAA46B02CF60B1C429C7EDCFFBB40.jpg,,,2024-11-06T23:59:59.999999999Z,PROSPECTUS,11,2,,,
52887,5603722523137,200.0,Mimosa,"Natas para Massas, 200 ml",,0.99,4.95,200,L,€/L,,,https://driveimg1.intermarche.com/pt/Content/images/boitmal/produit/zoom/F3EDAE46E372CBB78EE7DEA3A9DB3BD9.jpg,,,2024-11-06T23:59:59.999999999Z,PROSPECTUS,11,2,,,
52966,5411188137955,400.0,Alpro,"Yofu de Baunilha, 400g",,1.99,4.98,0,kg,€/Kg,,,https://driveimg1.intermarche.com/pt/Content/images/boitmal/produit/zoom/9A8FDC3ACACA1D479CEC3263207FB011.jpg,https://driveimg1.intermarche.com/pt/Content/images/boitmal/produit/zoom/C1B8A31DBA4EB07280B40964777055ED.jpg,https://driveimg1.intermarche.com/pt/Content/images/boitmal/produit/zoom/C1B8A31DBA4EB07280B40964777055ED.jpg,2024-11-06T23:59:59.999999999Z,PROSPECTUS,11,2,,,
53600,3574669907880,300.0,Johnson's Baby,Champô Bebé,Embalagem de 300ml,2.99,9.97,300,L,€/L,,,https://driveimg1.intermarche.com/pt/Content/images/boitmal/produit/zoom/D7E04E8BF4FE5FD17D4197B700F06D91.jpg,,,2024-11-06T23:59:59.999999999Z,PROSPECTUS,11,3,,,
53727,8006540213872,340.0,Fairy,Detergente Manual Loiça Jasmim Rosa,Embalagem de 340ml,1.59,4.68,340,L,€/L,,,https://driveimg1.intermarche.com/pt/Content/images/boitmal/produit/zoom/5CCCE87F658551BD9363E76DA9F89670.jpg,,,2024-11-06T23:59:59.999999999Z,PROSPECTUS,11,3,,,
53800,8410436435574,2250.0,Xtra,Detergente Máquina Roupa Líquido Gel Total Color,Embalagem de 50 Doses,7.99,3.55,2250,L,€/L,,,https://driveimg1.intermarche.com/pt/Content/images/boitmal/produit/zoom/4E596594043A409630F2B3B70BA9B24B.jpg,,,2024-11-06T23:59:59.999999999Z,PROSPECTUS,11,3,,,
54305,5601217138897,,Air Wick,"Sticks Frescura Roupa Limpa, 1un.",,5.99,5.99,0,,€/Unidade,,,https://driveimg1.intermarche.com/pt/Content/images/boitmal/produit/zoom/F4F8FEAA23B4CE09E1B508997FE49094.jpg,,,2024-11-06T23:59:59.999999999Z,PROSPECTUS,11,3,,,
54320,8718951559721,100.0,Colgate,"Pasta De Dentes Maximum Caries Protection, 100ml",,1.95,19.5,100,L,€/L,,,https://driveimg1.intermarche.com/pt/Content/images/boitmal/produit/zoom/3307B8514AC5F0DDBC9E6D628C947BDB.jpg,https://driveimg1.intermarche.com/pt/Content/images/boitmal/produit/zoom/3694932EDFE660C6F958943C13CEE297.jpg,https://driveimg1.intermarche.com/pt/Content/images/boitmal/produit/zoom/3694932EDFE660C6F958943C13CEE297.jpg,2024-11-06T23:59:59.999999999Z,PROSPECTUS,11,3,,,
54365,8410104915209,,Finish,"Detergente Loiça Máquina Quantum Limão, 64 Pastilhas",,12.49,12.49,0,,€/Unidade,,,https://driveimg1.intermarche.com/pt/Content/images/boitmal/produit/zoom/F6DF7BFCDD347E21DA57485E1E5A20C4.jpg,,,2024-11-06T23:59:59.999999999Z,PROSPECTUS,11,3,,,
6278,8410001103877,,Scotch Brite,"Esfregão com Esponja Salva Unhas Fibra Verde Gama Classic, 2 unidades",,0.99,0.99,0,,€/Unidade,,,https://driveimg1.intermarche.com/pt/Content/images/boitmal/produit/zoom/E718E77E4D972A0ADC7B7B914A9452B5.jpg,,,2024-11-06T23:59:59.999999999Z,PROSPECTUS,11,3,,,
6477,8410437531008,750.0,Cif,Desinfetante em gel p/ wc,Garrafa de 750 ml,1.49,1.99,750,L,€/L,,,https://driveimg1.intermarche.com/pt/Content/images/boitmal/produit/zoom/F80AEED5DC0E17CB3B3BE1F09E46AB95.jpg,,,2024-11-06T23:59:59.999999999Z,PROSPECTUS,11,3,,,
7043,2894074000000,150.0,Campofrio,Peito de peru forno lenha,1 un = 150 gr (aprox.),2.32,15.49,0,,€/Kg,,,https://driveimg1.intermarche.com/pt/Content/images/boitmal/produit/zoom/EF3CEFEECAD2391EED6F65839052F87D.jpg,,,2024-11-06T23:59:59.999999999Z,PROSPECTUS,11,3,,,
7231,3059941005008,750.0,Harpic,Gel wc tripla ação c/ lixívia,Garrafa de 750 ml,1.99,2.65,750,L,€/L,,,https://driveimg1.intermarche.com/pt/Content/images/boitmal/produit/zoom/4F4DC0D04FEFE2E1C1396B2DF4E1E13C.jpg,,,2024-11-06T23:59:59.999999999Z,PROSPECTUS,11,3,,,
816,5000116106219,300.0,Iglo,Bacalhau à brás,Embalagem de 300g,4.99,16.63,0,kg,€/Kg,,Tipo de stockagem,https://driveimg1.intermarche.com/pt/Content/images/boitmal/produit/zoom/7A85C477C17A36A7F44D15AC8BFAF728.jpg,,,2024-11-06T23:59:59.999999999Z,PROSPECTUS,11,3,,,
8415,8410500007836,600.0,Actimel Danone,"Actimel tutti-frutti,  6 x 100g",,2.89,4.82,0,kg,€/Kg,,,https://driveimg1.intermarche.com/pt/Content/images/boitmal/produit/zoom/DB1D3FA2CAFD2F870E694DAF87E93AD5.jpg,,,2024-11-06T23:59:59.999999999Z,PROSPECTUS,11,3,,,
8417,8410500006020,600.0,Actimel Danone,"Actimel magro natural, 6 x 100g",,2.89,4.82,0,kg,€/Kg,,,https://driveimg1.intermarche.com/pt/Content/images/boitmal/produit/zoom/A2430A64FD53561F7EC58DE4F4A24642.jpg,,,2024-11-06T23:59:59.999999999Z,PROSPECTUS,11,3,,,
979,5601024134471,750.0,Oliveira da Serra,Azeite Virgem,Embalagem de 750 ml,6.99,9.32,750,L,€/L,,,https://driveimg1.intermarche.com/pt/Content/images/boitmal/produit/zoom/32A5EFAE1A78DF80856528FEA48BA60C.jpg,,,2024-11-06T23:59:59.999999999Z,PROSPECTUS,11,3,,,
999,5601038101001,250.0,Maizena,Base para molho express,Embalagem de 250g,2.09,8.36,0,kg,€/Kg,,,https://driveimg1.intermarche.com/pt/Content/images/boitmal/produit/zoom/F22C9158930D65B4FBF9484059A48D90.jpg,,,2024-11-06T23:59:59.999999999Z,PROSPECTUS,11,3,,,
7039,2894063000000,150.0,PorSi,Fiambre da Pá,1 un = 150 gr (aprox.),0.9,5.99,0,,€/Kg,,,https://driveimg1.intermarche.com/pt/Content/images/boitmal/produit/zoom/B87BAC127B58478623C2B11B6464A879.jpg,,,2024-11-06T23:59:59.999999999Z,PROSPECTUS,11,3,,,
1293,5601151398104,630.0,Compal,Pack de 3 embalagens de polpa de tomate,Embalagem de 630g,1.49,2.37,0,kg,€/Kg,,,https://driveimg1.intermarche.com/pt/Content/images/boitmal/produit/zoom/2F7BD591A6A78BA4615EC03A19AC4973.jpg,,,2024-11-06T23:59:59.999999999Z,PROSPECTUS,11,3,,,
13950,2891145000000,100.0,Porco,Salsicha Fresca,1 un = 100 gr (aprox.),0.5,4.99,0,,€/Kg,,,https://driveimg1.intermarche.com/pt/Content/images/boitmal/produit/zoom/2E1CED7EDF010F56C2BF0E6CDF74D52B.jpg,,,2024-11-06T23:59:59.999999999Z,PROSPECTUS,11,3,,,
32423,5604260285280,1000.0,PorSi,Leite UHT Meio Gordo,1 l,0.79,0.79,1000,L,€/L,,,https://driveimg1.intermarche.com/pt/Content/images/boitmal/produit/zoom/9331FDC9015062509F74D59CA36F356A.jpg,,,2024-11-06T23:59:59.999999999Z,PROSPECTUS,11,3,,,
8413,8410500008932,600.0,Actimel Danone,"Actimel morango, 6 x 100g",,2.89,4.82,0,kg,€/Kg,,,https://driveimg1.intermarche.com/pt/Content/images/boitmal/produit/zoom/F6EB1A175778A171D463316E7A3FAC27.jpg,,,2024-11-06T23:59:59.999999999Z,PROSPECTUS,11,3,,,
49463,8445290250322,600.0,Nestum,Flocos Cereais Mel,Embalagem de 600g,3.29,5.48,0,kg,€/Kg,,,https://driveimg1.intermarche.com/pt/Content/images/boitmal/produit/zoom/9F028579C623CFF4FC3FA9CCEB955938.jpg,,,2024-11-06T23:59:59.999999999Z,PROSPECTUS,11,3,,,
38049,8001841361079,340.0,Fairy,Detergente liquido para loiça limão,Embalagem de 340 ml,1.59,4.68,340,L,€/L,,,https://driveimg1.intermarche.com/pt/Content/images/boitmal/produit/zoom/BED1AA3039C8B605B08FD8155BD78E2E.jpg,,,2024-11-06T23:59:59.999999999Z,PROSPECTUS,11,3,,,
11959,5603722504945,200.0,Mimosa,Nata para culinária ligeira,Embalagem de 200 ml,0.84,4.2,200,L,€/L,,,https://driveimg1.intermarche.com/pt/Content/images/boitmal/produit/zoom/A0377F70E8B13E785737B9E790570BDE.jpg,,,2024-11-06T23:59:59.999999999Z,PROSPECTUS,11,3,,,
6398,8410372182303,75.0,Colgate,Dentifríco Flúor Gel,Embalagem de 75 ml,1.99,26.53,75,L,€/L,,,https://driveimg1.intermarche.com/pt/Content/images/boitmal/produit/zoom/151B05A6AAEB6CE1CB58AF02C5B0B452.jpg,,,2024-11-06T23:59:59.999999999Z,PROSPECTUS,11,3,,,
48210,5604260323111,4300.0,PorSi,Detergente líquido máquina de roupa sabão natural,86 Doses,6.79,1.58,4300,L,€/L,,,https://driveimg1.intermarche.com/pt/Content/images/boitmal/produit/zoom/74777F45E8AED1EC283F1182071F1C1E.jpg,,,2024-11-06T23:59:59.999999999Z,PROSPECTUS,11,3,,,
36263,5601027973060,480.0,Bimbo,Pão de forma integral,Embalagem de 480 g,1.84,3.83,0,kg,€/Kg,,,https://driveimg1.intermarche.com/pt/Content/images/boitmal/produit/zoom/706CDDCF91F9F779ABC5B2D4D8D2F75F.jpg,,,2024-11-06T23:59:59.999999999Z,PROSPECTUS,11,3,,,
1305,5601151862155,500.0,Compal,Polpa de tomate em garrafa,Embalagem de 500g,1.24,2.48,0,kg,€/Kg,,,https://driveimg1.intermarche.com/pt/Content/images/boitmal/produit/zoom/AAB3292CC676B25102611CA57B6FA818.jpg,,,2024-11-06T23:59:59.999999999Z,PROSPECTUS,11,3,,,
22335,5000116110940,420.0,Capitão Iglo,15 douradinhos,Embalagem de 420g,7.14,17.0,0,kg,€/Kg,,Tipo de stockagem,https://driveimg1.intermarche.com/pt/Content/images/boitmal/produit/zoom/A875E63BB10AF2CF300666B64DC69107.jpg,,,2024-11-06T23:59:59.999999999Z,PROSPECTUS,11,3,,,
29738,8410436324533,1300.0,Sonasol,"Lava Tudo Flores Montanha, 1.3 l",,2.09,1.61,1300,L,€/L,,,https://driveimg1.intermarche.com/pt/Content/images/boitmal/produit/zoom/619CC29EDCFB8BA35BEA4FA4EA1CE5DD.jpg,,,2024-11-06T23:59:59.999999999Z,PROSPECTUS,11,3,,,
1135,5601082022758,250.0,Delta,Café torrado lote chávena máquina,Embalagem de 250g,2.49,9.96,0,kg,€/Kg,,,https://driveimg1.intermarche.com/pt/Content/images/boitmal/produit/zoom/CD7C2612036EC6C8F8AE6969B5FDE5AD.jpg,,,2024-11-06T23:59:59.999999999Z,PROSPECTUS,11,3,,,
1035,5601045105313,6000.0,Serra da estrela,Água mineral sem gás,pack 4 x 1.5 l,1.79,0.3,6000,L,€/L,,,https://driveimg1.intermarche.com/pt/Content/images/boitmal/produit/zoom/2AD57C02BC703D78494AE14A0BEFDA49.jpg,,,2024-11-06T23:59:59.999999999Z,PROSPECTUS,11,3,,,
30526,5449000087775,3000.0,Fanta,Fanta go laranja,pack 2 x 1.5 l,1.98,0.66,3000,L,€/L,,,https://driveimg1.intermarche.com/pt/Content/images/boitmal/produit/zoom/593BAD71F5135741DD23AA781A57779F.jpg,,,2024-11-06T23:59:59.999999999Z,PROSPECTUS,11,3,,,
1226,5601146001507,1500.0,Joi,Refrigerante sem gás de manga/laran,"Garrafa de 1,5 l",1.79,1.19,1500,L,€/L,,,https://driveimg1.intermarche.com/pt/Content/images/boitmal/produit/zoom/1A97DFBCD44C528D834B0680C492C91A.jpg,,,2024-11-06T23:59:59.999999999Z,PROSPECTUS,11,3,,,
17174,2891285000000,1000.0,Novilho,Costeletão,Vendido ao peso a partir de 1 kg,8.98,8.98,0,,€/Kg,,,https://driveimg1.intermarche.com/pt/Content/images/boitmal/produit/zoom/3119B572BBCB66D5B0D8D4234718B722.jpg,,,2024-11-06T23:59:59.999999999Z,PROSPECTUS,11,3,,,
5272,5601164902312,4800.0,Super Bock,Cerveja Mini,pack 24 x 0.20 l ,8.99,1.87,4800,L,€/L,,,https://driveimg1.intermarche.com/pt/Content/images/boitmal/produit/zoom/2912E3195E8AA342B174CBFEDFDDDFEF.jpg,https://driveimg1.intermarche.com/pt/Content/images/boitmal/produit/zoom/C2C2858ADC421F33AF17C6115D108100.jpg,,2024-11-06T23:59:59.999999999Z,PROSPECTUS,11,3,,,
24415,8410436299961,1300.0,Sonasol,"Lava tudo lavanda, 1,3l",,2.09,1.61,1300,L,€/L,,,https://driveimg1.intermarche.com/pt/Content/images/boitmal/produit/zoom/4C901B46EE167F7ABAA5D085E91578A1.jpg,,,2024-11-06T23:59:59.999999999Z,PROSPECTUS,11,3,,,
13566,2893560000000,250.0,Congelado de Aquicultura,Camarão Congelado 20/30,1 un = 250 gr  (aprox.),2.62,10.49,0,,€/Kg,,Avantages !,https://driveimg1.intermarche.com/pt/Content/images/boitmal/produit/zoom/863DB9F10BE616A55736AB7A17BC6BB5.jpg,,,2024-11-06T23:59:59.999999999Z,PROSPECTUS,11,3,,,
21052,8435257034270,640.0,Nestlé,"Iogurte líquido yoggi, sem lactose, morango/banana,  4 x 160 g",,2.19,3.42,0,kg,€/Kg,,,https://driveimg1.intermarche.com/pt/Content/images/boitmal/produit/zoom/93C63CDCCE271351E42C385AFD3AE69F.jpg,,,2024-11-06T23:59:59.999999999Z,PROSPECTUS,11,3,,,
42700,5604260307258,100.0,PorSi,Alimento húmido para gato rico em vaca,Embalagem de 100g,0.39,3.9,0,kg,€/Kg,,,https://driveimg1.intermarche.com/pt/Content/images/boitmal/produit/zoom/86C5215ABEA4EECD5FC00FA709991B35.jpg,,,2024-11-06T23:59:59.999999999Z,PROSPECTUS,11,3,,,
13577,2893572000000,200.0,Peixaria,Pota Inteira Congelada,1 un= 200 gr (aprox.),1.0,4.99,0,,€/Kg,,Avantages !,https://driveimg1.intermarche.com/pt/Content/images/boitmal/produit/zoom/B2D6321EA80C5271A6C9DE3162C36D95.jpg,,,2024-11-06T23:59:59.999999999Z,PROSPECTUS,11,3,,,
5119,5601066200073,1000.0,Nacional,Farinha p/ bolos extra fina,Embalagem de 1 kg,1.09,1.09,0,kg,€/Kg,,,https://driveimg1.intermarche.com/pt/Content/images/boitmal/produit/zoom/0B9B49E51908C76AC70076ED3709B8D2.jpg,,,2024-11-06T23:59:59.999999999Z,PROSPECTUS,11,3,,,
21019,2892020000000,100.0,Legumes,Cogumelo portobello grande,vendido ao peso,0.55,5.49,0,,€/Kg,,,https://driveimg1.intermarche.com/pt/Content/images/boitmal/produit/zoom/3D5D6393BB9ED3E6D377DF71608F2AA1.jpg,,,2024-11-06T23:59:59.999999999Z,PROSPECTUS,11,3,,,
21051,8435257034300,640.0,Nestlé,"Iogurte líquido yoggi, sem lactose, morango,  4 x 160 g",,2.19,3.42,0,kg,€/Kg,,,https://driveimg1.intermarche.com/pt/Content/images/boitmal/produit/zoom/EDE6B117FB886E95B7257B2282F005D2.jpg,,,2024-11-06T23:59:59.999999999Z,PROSPECTUS,11,3,,,
13529,2893521000000,1000.0,Peixaria,Pescada do Chile Congelada Nº3,1 un= 1 kg (aprox.),7.99,7.99,0,,€/Kg,,Avantages !,https://driveimg1.intermarche.com/pt/Content/images/boitmal/produit/zoom/40D57D35BBDBDF72027C959F41A6E90C.jpg,,,2024-11-06T23:59:59.999999999Z,PROSPECTUS,11,3,,,
17667,2894441000000,100.0,Salsicharia Limiana,Chourição,1 un = 100 gr (aprox.),0.8,7.99,0,,€/Kg,,,https://driveimg1.intermarche.com/pt/Content/images/boitmal/produit/zoom/5CBAE8286CA636C8895C6C56B7142118.jpg,,,2024-11-06T23:59:59.999999999Z,PROSPECTUS,11,3,,,
24413,8410436297783,1300.0,Sonasol,"Lava tudo PH neutro, embalagem de 1,3l",,2.09,1.61,1300,L,€/L,,,https://driveimg1.intermarche.com/pt/Content/images/boitmal/produit/zoom/F7DD11C0EABB6452E24AA720E593B0B5.jpg,,,2024-11-06T23:59:59.999999999Z,PROSPECTUS,11,3,,,
37992,5601027943551,650.0,Bimbo,"Pão de forma sem côdea 10 cereais, embalagem 650 g",,2.29,3.52,0,kg,€/Kg,,,https://driveimg1.intermarche.com/pt/Content/images/boitmal/produit/zoom/E65A0CCDAE1A5FCAC2C1D9A9BA0AFBC6.jpg,,,2024-11-06T23:59:59.999999999Z,PROSPECTUS,11,3,,,
41384,5601050036602,440.0,Danone,"Iogurte grego oikos stracciatella,  4 x 110 g",,1.99,4.52,0,kg,€/Kg,,,https://driveimg1.intermarche.com/pt/Content/images/boitmal/produit/zoom/A0A6F59B7D5832D67ED1CDB718D78849.jpg,,,2024-11-06T23:59:59.999999999Z,PROSPECTUS,11,3,,,
419,8718114882536,50.0,Knorr,Sopa de cebola,Embalagem de 50g,1.69,33.8,0,kg,€/Kg,,,https://driveimg1.intermarche.com/pt/Content/images/boitmal/produit/zoom/ED2CDBB9018393062912BF3E0AF214D1.jpg,,,2024-11-06T23:59:59.999999999Z,PROSPECTUS,11,3,,,
17900,8001480023277,700.0,Neoblanc,"Lixívia Spray Mousse Flor, 700ml",,2.59,3.7,700,L,€/L,,,https://driveimg1.intermarche.com/pt/Content/images/boitmal/produit/zoom/FA98D871A88B2DCD779EA51368257E43.jpg,,,2024-11-06T23:59:59.999999999Z,PROSPECTUS,11,3,,,
24412,8410436297660,1300.0,Sonasol,"Lava tudo aloe vera e flores brancas, 1,3l",,2.09,1.61,1300,L,€/L,,,https://driveimg1.intermarche.com/pt/Content/images/boitmal/produit/zoom/99177C313800E1C306087975E7A5D1E7.jpg,,,2024-11-06T23:59:59.999999999Z,PROSPECTUS,11,3,,,
41118,5604260301935,100.0,PorSi,Comida húmida para gato truta e espinafres,Embalagem de 100 g,0.39,3.9,0,kg,€/Kg,,,https://driveimg1.intermarche.com/pt/Content/images/boitmal/produit/zoom/CA40CFAB4BDD4A7F8FCD1943C6843AE7.jpg,,,2024-11-06T23:59:59.999999999Z,PROSPECTUS,11,3,,,
50405,8445290489173,900.0,Cerelac,Papa Infantil + 6 meses,Embalagem de 900g,6.29,6.99,0,kg,€/Kg,,,https://driveimg1.intermarche.com/pt/Content/images/boitmal/produit/zoom/AC49BEE482A5844CB7C28462BEA4C70C.jpg,,,2024-11-06T23:59:59.999999999Z,PROSPECTUS,11,3,,,
12230,7613034192264,250.0,Cerelac,Papa infantil para preparar com leite +6 meses,Embalagem de 250g,1.84,7.36,0,kg,€/Kg,,,https://driveimg1.intermarche.com/pt/Content/images/boitmal/produit/zoom/9FAA017CC3BC08A98F0EF54D61B67C5D.jpg,,,2024-11-06T23:59:59.999999999Z,PROSPECTUS,11,3,,,
25735,5000116112173,208.0,Capitão Iglo,10 nuggets peito de frango e queijo,Embalagem de 210g,2.99,14.38,0,kg,€/Kg,,Tipo de stockagem,https://driveimg1.intermarche.com/pt/Content/images/boitmal/produit/zoom/E9A162F74796CC7150848F5AAF7336C9.jpg,,,2024-11-06T23:59:59.999999999Z,PROSPECTUS,11,3,,,
5093,5601050033755,620.0,Danone,"Iogurte activia líquido 0% morango/kiwi,  4 x 155 g",,1.99,3.21,0,kg,€/Kg,,,https://driveimg1.intermarche.com/pt/Content/images/boitmal/produit/zoom/29B41AE598716D0550D815AA0FE86025.jpg,,,2024-11-06T23:59:59.999999999Z,PROSPECTUS,11,3,,,
6819,8712566125982,420.0,Olá,Gelado perna de pau,Embalagem de 6 x 70 ml,3.09,7.36,420,L,€/L,,Tipo de stockagem,https://driveimg1.intermarche.com/pt/Content/images/boitmal/produit/zoom/BF8A8D36D858A4A7866707A764C6448A.jpg,https://driveimg1.intermarche.com/pt/Content/images/boitmal/produit/zoom/CDF3DFE8D09454EBB2363B5EF224B65F.jpg,https://driveimg1.intermarche.com/pt/Content/images/boitmal/produit/zoom/CDF3DFE8D09454EBB2363B5EF224B65F.jpg,2024-11-06T23:59:59.999999999Z,PROSPECTUS,11,3,,,
8400,5601050033779,620.0,Danone,"Iogurte activia líquido cereais,  4 x 155 g",,1.99,3.21,0,kg,€/Kg,,,https://driveimg1.intermarche.com/pt/Content/images/boitmal/produit/zoom/3AC3707CF655B8CC61D2C80E4828D7C8.jpg,,,2024-11-06T23:59:59.999999999Z,PROSPECTUS,11,3,,,
1117,5601066301404,500.0,Nacional,Linguini,Embalagem de 500g,0.94,1.88,0,kg,€/Kg,,,https://driveimg1.intermarche.com/pt/Content/images/boitmal/produit/zoom/5543DBB1F6781E2C307E0B4DE4206633.jpg,,,2024-11-06T23:59:59.999999999Z,PROSPECTUS,11,3,,,
12471,8435257040868,640.0,Nestlé,"Iogurte líquido yoggi morango/banana,  4 x 160 g",,1.99,3.11,0,kg,€/Kg,,,https://driveimg1.intermarche.com/pt/Content/images/boitmal/produit/zoom/93A52C02113750956F92B7DD59810765.jpg,,,2024-11-06T23:59:59.999999999Z,PROSPECTUS,11,3,,,
1272,5601151060254,500.0,Compal,Tomate triturado,Embalagem de 500g,1.39,2.78,0,kg,€/Kg,,,https://driveimg1.intermarche.com/pt/Content/images/boitmal/produit/zoom/8578E2260B46D071F7AECDA37452145B.jpg,,,2024-11-06T23:59:59.999999999Z,PROSPECTUS,11,3,,,
15020,2892199000000,150.0,Fruta,Maçã Golden,1 un = 150 gr (aprox.),0.27,1.79,0,,€/Kg,,,https://driveimg1.intermarche.com/pt/Content/images/boitmal/produit/zoom/AF46783081FB13FAA6C2471644DF937C.jpg,,,2024-11-06T23:59:59.999999999Z,PROSPECTUS,11,3,,,
44264,5603722517136,200.0,Mimosa,"Nata cremosa sem lactose, 200 ml",,0.99,4.95,200,L,€/L,,,https://driveimg1.intermarche.com/pt/Content/images/boitmal/produit/zoom/505AB5A758F0033F2C092C6776B8A3D2.jpg,,,2024-11-06T23:59:59.999999999Z,PROSPECTUS,11,3,,,
8319,5601028017305,,Renova,Papel Higiénico Olé Branco 2 Folhas,38 Rolos + 10 Rolos Grátis,6.99,6.99,0,,€/Unidade,,,https://driveimg1.intermarche.com/pt/Content/images/boitmal/produit/zoom/18B44B31A794DF5C40216850F86918EF.jpg,,,2024-11-06T23:59:59.999999999Z,PROSPECTUS,11,3,,,
8391,5601049159992,1000.0,Mimosa,Leite especial cálcio + vitamina d magro,Garrafa de 1 l,0.89,0.89,1000,L,€/L,,,https://driveimg1.intermarche.com/pt/Content/images/boitmal/produit/zoom/9A4AD44FB60B5A45579B826AAB547587.jpg,,,2024-11-06T23:59:59.999999999Z,PROSPECTUS,11,3,,,
13837,2891004000000,250.0,Novilho,Bife da Alcatra,1 un = 250 gr (aprox.),3.25,12.99,0,,€/Kg,,,https://driveimg1.intermarche.com/pt/Content/images/boitmal/produit/zoom/0DB4E73429948AD44AC689613310FABC.jpg,,,2024-11-06T23:59:59.999999999Z,PROSPECTUS,11,3,,,
14056,2891280000000,800.0,Novilho,Bife do Acém,Vendido ao peso a partir de 800 g,7.98,9.98,0,,€/Kg,,,https://driveimg1.intermarche.com/pt/Content/images/boitmal/produit/zoom/552F67FF75CD62F25CC9EE25BCCA669C.jpg,,,2024-11-06T23:59:59.999999999Z,PROSPECTUS,11,3,,,
14510,5411188116592,1000.0,Alpro,Bebida Vegetal Coco,Embalagem de 1L,1.99,1.99,1000,L,€/L,,,https://driveimg1.intermarche.com/pt/Content/images/boitmal/produit/zoom/2A1628939CE92BFC72918A1FD003F491.jpg,,,2024-11-06T23:59:59.999999999Z,PROSPECTUS,11,3,,,
15489,7613031884247,4000.0,Friskies,"Ração para gato adulto com vaca, frango",Embalagem de 4kg,10.79,2.7,0,kg,€/Kg,,,https://driveimg1.intermarche.com/pt/Content/images/boitmal/produit/zoom/3758935B87F55535F41EEF08B41E8342.jpg,,,2024-11-06T23:59:59.999999999Z,PROSPECTUS,11,3,,,
20988,5601260593605,67.0,Cigala,Noodles de Galinha Banzai,Embalagem de 70g,1.09,16.27,0,kg,€/Kg,,,https://driveimg1.intermarche.com/pt/Content/images/boitmal/produit/zoom/F7AC63D0A0C791A61F74299B35A01A13.jpg,,,2024-11-06T23:59:59.999999999Z,PROSPECTUS,11,3,,,
22395,8712100745614,412.0,Hellmann's,Mionese top down,Embalagem de 410g,3.14,7.62,0,kg,€/Kg,,,https://driveimg1.intermarche.com/pt/Content/images/boitmal/produit/zoom/C642A36EEC291CE47645FCCBF50ED41C.jpg,https://driveimg1.intermarche.com/pt/Content/images/boitmal/produit/zoom/8441A970BF19CB238C08CCCD9712CAB2.jpg,https://driveimg1.intermarche.com/pt/Content/images/boitmal/produit/zoom/8441A970BF19CB238C08CCCD9712CAB2.jpg,2024-11-06T23:59:59.999999999Z,PROSPECTUS,11,3,,,
2506,7613033269707,400.0,Friskies,Ração para gato adulto com atum e legumes selecionados,Embalagem de 400g,1.86,4.65,0,kg,€/Kg,,,https://driveimg1.intermarche.com/pt/Content/images/boitmal/produit/zoom/312085192EC38A0CD177D73C362AF824.jpg,,,2024-11-06T23:59:59.999999999Z,PROSPECTUS,11,3,,,
25262,5000116112166,208.0,Capitão Iglo,10 nuggets de frango,Embalagem de 210g,2.99,14.38,0,kg,€/Kg,,Tipo de stockagem,https://driveimg1.intermarche.com/pt/Content/images/boitmal/produit/zoom/4CF12EA727EBC42ED8634368F0F21B4F.jpg,,,2024-11-06T23:59:59.999999999Z,PROSPECTUS,11,3,,,
41783,5604260303014,100.0,PorSi,Alimento húmido para gato pato e coelho,Embalagem de 100g,0.39,3.9,0,kg,€/Kg,,,https://driveimg1.intermarche.com/pt/Content/images/boitmal/produit/zoom/D72ECF1FB41AC14D938C261F4C55B98C.jpg,,,2024-11-06T23:59:59.999999999Z,PROSPECTUS,11,3,,,
41874,8718951313316,75.0,Colgate,Pasta Dentífrica Cool Mint,75 ml,1.99,26.53,75,L,€/L,,,https://driveimg1.intermarche.com/pt/Content/images/boitmal/produit/zoom/95E99633062C9804102696C315945CDF.jpg,,,2024-11-06T23:59:59.999999999Z,PROSPECTUS,11,3,,,
53469,5601028019941,,Renova,Rolo Cozinha Máxima Absorção Extra XXL,Embalagem de 2 unidades,1.99,1.99,2,,€/Unidade,,,https://driveimg1.intermarche.com/pt/Content/images/boitmal/produit/zoom/CC4799D932DD202B86A18A616DE89926.jpg,,,2024-11-06T23:59:59.999999999Z,PROSPECTUS,11,3,,,
8399,5601050033809,620.0,Danone,"Iogurte activia líquido morango,  4 x 155 g",,1.99,3.21,0,kg,€/Kg,,,https://driveimg1.intermarche.com/pt/Content/images/boitmal/produit/zoom/D308B1FB4C89B3E5388CD017CB0E1529.jpg,,,2024-11-06T23:59:59.999999999Z,PROSPECTUS,11,3,,,
10669,8714789703046,360.0,Palmolive,Sabonete sensitive,Embalagem de 4x90 g,3.59,9.97,0,kg,€/Kg,,,https://driveimg1.intermarche.com/pt/Content/images/boitmal/produit/zoom/E1B6CB90823C0471DEECAE12A1EACB59.jpg,,,2024-11-06T23:59:59.999999999Z,PROSPECTUS,11,3,,,
1438,5601260047108,1000.0,Saludães,Arroz agulha,Embalagem de 1kg,1.34,1.34,0,kg,€/Kg,,,https://driveimg1.intermarche.com/pt/Content/images/boitmal/produit/zoom/A47E0478F621CD18819B801F7F6528A1.jpg,,,2024-11-06T23:59:59.999999999Z,PROSPECTUS,11,3,,,
16493,8718951037939,500.0,Ajax,"Limpa vidros pistola, cristal, embalagem de 500 ml",,1.95,3.9,500,L,€/L,,,https://driveimg1.intermarche.com/pt/Content/images/boitmal/produit/zoom/E563EF990460546D67BF949773E0A516.jpg,,,2024-11-06T23:59:59.999999999Z,PROSPECTUS,11,3,,,
24411,8410436297752,1300.0,Sonasol,"Lava tudo rosas e jasmim, 1,3l",,2.09,1.61,1300,L,€/L,,,https://driveimg1.intermarche.com/pt/Content/images/boitmal/produit/zoom/46E3798C4C5509E4EFB8DA2E52D80035.jpg,,,2024-11-06T23:59:59.999999999Z,PROSPECTUS,11,3,,,
32306,8718951202979,500.0,Palmolive,Gel de banho naturals amêndoa e leite,500 ml,2.65,5.3,500,L,€/L,,,https://driveimg1.intermarche.com/pt/Content/images/boitmal/produit/zoom/679D3CFCC9969DD874FD147C2208C882.jpg,,,2024-11-06T23:59:59.999999999Z,PROSPECTUS,11,3,,,
37948,5601217132697,500.0,Cillitbang,Spray limpeza casa de banho,Embalagem de 500 ml,2.49,4.98,500,L,€/L,,,https://driveimg1.intermarche.com/pt/Content/images/boitmal/produit/zoom/62E5A8E0A6D5CF81B7A29AA6D1070117.jpg,,,2024-11-06T23:59:59.999999999Z,PROSPECTUS,11,3,,,
41582,5601050036626,440.0,Danone,"Iogurte grego café,  4 x 110 g",,1.99,4.52,0,kg,€/Kg,,,https://driveimg1.intermarche.com/pt/Content/images/boitmal/produit/zoom/AA81C6F13D10195F1596F127A0BC3ACE.jpg,,,2024-11-06T23:59:59.999999999Z,PROSPECTUS,11,3,,,
476,3010470159020,400.0,Friskies,"Ração para gato adulto com coelho, frango e legumes",Embalagem de 400g,1.86,4.65,0,kg,€/Kg,,,https://driveimg1.intermarche.com/pt/Content/images/boitmal/produit/zoom/910C940E517160C08ABDD9D62AF704F9.jpg,,,2024-11-06T23:59:59.999999999Z,PROSPECTUS,11,3,,,
951,5601010131217,120.0,Ramirez,Atum posta em óleo,Embalagem de 120g,1.16,9.67,0,kg,€/Kg,,,https://driveimg1.intermarche.com/pt/Content/images/boitmal/produit/zoom/5BE3B05F210FF0425C989109F8B84C66.jpg,,,2024-11-06T23:59:59.999999999Z,PROSPECTUS,11,3,,,
10148,8410188012092,500.0,Kellogg's,Cereais corn flakes,Embalagem de 500g,3.49,6.98,0,kg,€/Kg,,,https://driveimg1.intermarche.com/pt/Content/images/boitmal/produit/zoom/C494CDD8BB9B6EC79E340F8D86153FE2.jpg,,,2024-11-06T23:59:59.999999999Z,PROSPECTUS,11,3,,,
10666,8714789700472,360.0,Palmolive,Sabonete leite & mel,Embalagem de 4x90 g,3.59,9.97,0,kg,€/Kg,,,https://driveimg1.intermarche.com/pt/Content/images/boitmal/produit/zoom/6DA48FA699B13C5AAD7C8FEC3222BF79.jpg,,,2024-11-06T23:59:59.999999999Z,PROSPECTUS,11,3,,,
20101,5601010131231,120.0,Ramirez,Atum em azeite,Embalagem de 120g,1.54,12.83,0,kg,€/Kg,,,https://driveimg1.intermarche.com/pt/Content/images/boitmal/produit/zoom/2C3AFEA545E0483E06B1434C41105979.jpg,,,2024-11-06T23:59:59.999999999Z,PROSPECTUS,11,3,,,
20264,5000116110872,180.0,Iglo,Crocantes frango parmesão e ervas,Embalagem de 180g,3.74,20.78,0,kg,€/Kg,,Tipo de stockagem,https://driveimg1.intermarche.com/pt/Content/images/boitmal/produit/zoom/D8CF2D65B55930225EB9E80FCB37828C.jpg,,,2024-11-06T23:59:59.999999999Z,PROSPECTUS,11,3,,,
20653,5449000003751,1500.0,Fanta,"Refrigerante com gás de ananás, garrafa de 1,5 l",,0.99,0.66,1500,L,€/L,,,https://driveimg1.intermarche.com/pt/Content/images/boitmal/produit/zoom/E02106088F5A281D124D7D74DB00421E.jpg,,,2024-11-06T23:59:59.999999999Z,PROSPECTUS,11,3,,,
2589,7622300281182,150.0,Oreo,"Bolachas, tubo",Embalagem de 150g,1.34,8.93,0,kg,€/Kg,,,https://driveimg1.intermarche.com/pt/Content/images/boitmal/produit/zoom/A967EF8D7DC66A4DE384AFCA6E356DB8.jpg,,,2024-11-06T23:59:59.999999999Z,PROSPECTUS,11,3,,,
25906,8412600071144,650.0,Bimbo,"Pão de forma especial torradas s/ côdea, 650g",,2.09,3.22,0,kg,€/Kg,,,https://driveimg1.intermarche.com/pt/Content/images/boitmal/produit/zoom/FE072CBAE2B254D11818DC4B4A08F173.jpg,,,2024-11-06T23:59:59.999999999Z,PROSPECTUS,11,3,,,
29356,8718951202856,500.0,Palmolive,Gel de banho natural leite e mel,500 ml,2.65,5.3,500,L,€/L,,,https://driveimg1.intermarche.com/pt/Content/images/boitmal/produit/zoom/03DDD6064F175B5617E28ECB6E66862A.jpg,,,2024-11-06T23:59:59.999999999Z,PROSPECTUS,11,3,,,
29374,5601146530304,500.0,Bandida do Pomar,Sidra maçã,Lata de 500 ml,1.19,2.38,500,L,€/L,,,https://driveimg1.intermarche.com/pt/Content/images/boitmal/produit/zoom/57CDF902BE68D0923B8FF79F40E5361C.jpg,,,2024-11-06T23:59:59.999999999Z,PROSPECTUS,11,3,,,
44763,5449000013231,1500.0,Sprite,"Refrigerante Lima Limão Zero Açúcar, garrafa 1.5 L",,0.99,0.66,1500,L,€/L,,,https://driveimg1.intermarche.com/pt/Content/images/boitmal/produit/zoom/17AB303344211787482CED5E74F35A1B.jpg,,,2024-11-06T23:59:59.999999999Z,PROSPECTUS,11,3,,,
45424,5449000205551,1500.0,Sprite,Refrigerante com gás lima limão,Garrafa de 1.5 l,0.99,0.66,1500,L,€/L,,,https://driveimg1.intermarche.com/pt/Content/images/boitmal/produit/zoom/435BA3924DACD7858B68099757279D0D.jpg,,,2024-11-06T23:59:59.999999999Z,PROSPECTUS,11,3,,,
46768,5601082046068,55.0,Delta Q,Café Qalidus XXL,Embalagem com 60 cápsulas,14.99,272.55,0,kg,€/Kg,,,https://driveimg1.intermarche.com/pt/Content/images/boitmal/produit/zoom/2FDABFD124B07CB91B7546AA7A8E4A79.jpg,,,2024-11-06T23:59:59.999999999Z,PROSPECTUS,11,3,,,
8537,5601119957206,120.0,Campofrio,Peito frango forno lenha  fatias clássicas,Embalagem de 120g,2.39,19.92,0,kg,€/Kg,,,https://driveimg1.intermarche.com/pt/Content/images/boitmal/produit/zoom/316713CBE56425C1457B9A3672568B05.jpg,,,2024-11-06T23:59:59.999999999Z,PROSPECTUS,11,3,,,
10091,8410100059839,360.0,Nestlé,"Queijinho petit nesquik,  6 x 60 g",,2.79,7.75,0,kg,€/Kg,,,https://driveimg1.intermarche.com/pt/Content/images/boitmal/produit/zoom/DBBACE0B574A9C35FF94ECEF6B014E4C.jpg,,,2024-11-06T23:59:59.999999999Z,PROSPECTUS,11,3,,,
12468,8435250439584,256.0,Nestlé,"Iogurte mix-in smarties morango,  2 x 128 g",,1.99,7.77,0,kg,€/Kg,,,https://driveimg1.intermarche.com/pt/Content/images/boitmal/produit/zoom/A56FAF9000F1827F93D14D3DAF96AF68.jpg,,,2024-11-06T23:59:59.999999999Z,PROSPECTUS,11,4,,,
20621,5601260591601,67.0,Cigala,"Noodles de Caril Banzai, 70g",,1.09,16.27,0,kg,€/Kg,,,https://driveimg1.intermarche.com/pt/Content/images/boitmal/produit/zoom/113F4050880E65E8AAFFDB7F24C4F1E8.jpg,,,2024-11-06T23:59:59.999999999Z,PROSPECTUS,11,4,,,
25107,5601027001213,450.0,Panrico,Pão de forma s/ côdea,Embalagem de 450g,1.74,3.87,0,kg,€/Kg,,,https://driveimg1.intermarche.com/pt/Content/images/boitmal/produit/zoom/B264606A4EA34F454125E964EFE063AE.jpg,,,2024-11-06T23:59:59.999999999Z,PROSPECTUS,11,4,,,
41297,5601050036534,440.0,Danone,"Iogurte oikos pêssego,  4 x 110g",,1.99,4.52,0,kg,€/Kg,,,https://driveimg1.intermarche.com/pt/Content/images/boitmal/produit/zoom/86E0EE086DC0214DA576A0DB5E10BF28.jpg,,,2024-11-06T23:59:59.999999999Z,PROSPECTUS,11,4,,,
48246,8718951465848,75.0,Colgate,Pasta de Dentes Branqueadora,Embalagem de 75 ml,2.59,34.53,75,L,€/L,,,https://driveimg1.intermarche.com/pt/Content/images/boitmal/produit/zoom/2547C946AEFC081BD73394BED3137189.jpg,,,2024-11-06T23:59:59.999999999Z,PROSPECTUS,11,4,,,
10111,8410104402501,200.0,Vanish,"Pré-lavagem power gel, garrafa de 200 ml",,3.89,19.45,200,L,€/L,,,https://driveimg1.intermarche.com/pt/Content/images/boitmal/produit/zoom/43BF12F00EF01640414435278CB9BD77.jpg,,,2024-11-06T23:59:59.999999999Z,PROSPECTUS,11,4,,,
11672,5601217126399,1650.0,Woolite,Detergente líquido p/ máquina lavar roupa cores escuras,"Garrafa de 1,65 l",6.99,4.24,1650,L,€/L,,,https://driveimg1.intermarche.com/pt/Content/images/boitmal/produit/zoom/F70AD128C36B39364F81379E51C417C0.jpg,,,2024-11-06T23:59:59.999999999Z,PROSPECTUS,11,4,,,
12819,3600522023883,400.0,Elvive,Champô total repair,Embalagem de 400 ml,3.99,9.98,400,L,€/L,,,https://driveimg1.intermarche.com/pt/Content/images/boitmal/produit/zoom/EA7D6E07CD09475944FC0B7344377C93.jpg,,,2024-11-06T23:59:59.999999999Z,PROSPECTUS,11,4,,,
19094,4084500330955,1500.0,Fairy,"Detergente líquido, manual loiça, original, 1,5 l",,7.29,4.86,1500,L,€/L,,,https://driveimg1.intermarche.com/pt/Content/images/boitmal/produit/zoom/239DD1C8A0266CF207624C4D2BE653E1.jpg,,,2024-11-06T23:59:59.999999999Z,PROSPECTUS,11,4,,,
25375,5601050033441,620.0,Danone,"Iogurte activia líquido manga e papaia,  4 x 155 g",,1.99,3.21,0,kg,€/Kg,,,https://driveimg1.intermarche.com/pt/Content/images/boitmal/produit/zoom/A96AE19E74579E9FA5D5277C47DE6D86.jpg,,,2024-11-06T23:59:59.999999999Z,PROSPECTUS,11,4,,,
25513,8410063074924,320.0,Pescanova,4 filetes de pescada tipo caseiro s/ gluten,Embalagem com 320 g,3.79,11.84,0,kg,€/Kg,,Tipo de stockagem,https://driveimg1.intermarche.com/pt/Content/images/boitmal/produit/zoom/A60F8C5A32524AE2D0CCAE712BE129EE.jpg,,,2024-11-06T23:59:59.999999999Z,PROSPECTUS,11,4,,,
32318,2891008000000,800.0,Novilho,Bife da Rabadilha,Vendido ao peso a partir de 800 g,9.58,11.98,0,,€/Kg,,,https://driveimg1.intermarche.com/pt/Content/images/boitmal/produit/zoom/6FF7AD5E41DE4EA33707216209323350.jpg,,,2024-11-06T23:59:59.999999999Z,PROSPECTUS,11,4,,,
32326,8002205352009,2000.0,Friskies,Ração para gato adulto com salmão e legumes,Embalagem de 2 kg,6.74,3.37,0,kg,€/Kg,,,https://driveimg1.intermarche.com/pt/Content/images/boitmal/produit/zoom/5A66DCF50E18EB50FA1AC8028C8508C6.jpg,,,2024-11-06T23:59:59.999999999Z,PROSPECTUS,11,4,,,
35888,5601151973752,3500.0,Sumol,Refrigerante com gás de ananás,2 x 1.75 l,2.49,0.71,3500,L,€/L,,,https://driveimg1.intermarche.com/pt/Content/images/boitmal/produit/zoom/68773B223AE7A67890FF88C1F868EAA5.jpg,,,2024-11-06T23:59:59.999999999Z,PROSPECTUS,11,4,,,
40762,2708171000000,500.0,PorSi,Peito peito de peru Programa Origens,Vendido ao peso,4.5,8.99,0,,€/Kg,,,https://driveimg1.intermarche.com/pt/Content/images/boitmal/produit/zoom/0A62C4A780EB4CF2F225FCE0EFDC4EA0.jpg,,,2024-11-06T23:59:59.999999999Z,PROSPECTUS,11,4,,,
4236,3600521519479,400.0,Elvive,Champô color-vive,Embalagem de 400 ml,3.99,9.98,400,L,€/L,,,https://driveimg1.intermarche.com/pt/Content/images/boitmal/produit/zoom/9488D59592F5790FC0E9B4078309C960.jpg,,,2024-11-06T23:59:59.999999999Z,PROSPECTUS,11,4,,,
42890,8001841677279,,Dodot,Fralda cueca T7 | +17 kg,Embalagem com 23 unidades,7.98,7.98,0,,€/Unidade,,,https://driveimg1.intermarche.com/pt/Content/images/boitmal/produit/zoom/BD1B5C08FDBFA6C0333FD58AADF1496E.jpg,,,2024-11-06T23:59:59.999999999Z,PROSPECTUS,11,4,,,
43520,8411300478116,400.0,Elvive,Champô argila cabelos normais,Embalagem com 400ml,3.99,9.98,400,L,€/L,,,https://driveimg1.intermarche.com/pt/Content/images/boitmal/produit/zoom/4FA9549FFEB000EE016E8AB88BD8B66F.jpg,,,2024-11-06T23:59:59.999999999Z,PROSPECTUS,11,4,,,
52519,5601217137722,,Finish,Detergente Máquina Loiça Power Limão,85 pastilhas,10.99,10.99,0,,€/Unidade,,,https://driveimg1.intermarche.com/pt/Content/images/boitmal/produit/zoom/3576E5A6ED5BA2F347AECBE74F8833BD.jpg,,,2024-11-06T23:59:59.999999999Z,PROSPECTUS,11,4,,,
543,3228881083241,30.0,Lipton,20 saquetas chá digestão fácil,Embalagem de 30g,2.09,69.67,0,kg,€/Kg,,,https://driveimg1.intermarche.com/pt/Content/images/boitmal/produit/zoom/28A1713A439B692F2535F37C60AAED17.jpg,,,2024-11-06T23:59:59.999999999Z,PROSPECTUS,11,4,,,
8631,5601151123355,600.0,Bongo,Néctar 8 frutos,Pack 3 x 200 ml,1.27,2.12,600,L,€/L,,,https://driveimg1.intermarche.com/pt/Content/images/boitmal/produit/zoom/8BAF12E62C24AA53D4D4C5A5073D4AC9.jpg,,,2024-11-06T23:59:59.999999999Z,PROSPECTUS,11,4,,,
950,5601008100058,125.0,Vieira de Castro,Bolachas de água e sal,Embalagem de 125 g,0.74,5.92,0,kg,€/Kg,,,https://driveimg1.intermarche.com/pt/Content/images/boitmal/produit/zoom/5BC4A3164BD6082587D987B4AF0BA107.jpg,,,2024-11-06T23:59:59.999999999Z,PROSPECTUS,11,4,,,
10859,3023290400395,230.0,Nestlé,"Iogurte mix-in kit kat,  2 x 115 g",,1.99,8.65,0,kg,€/Kg,,,https://driveimg1.intermarche.com/pt/Content/images/boitmal/produit/zoom/D24FD8641E9037F3EAA23A9C6F869324.jpg,,,2024-11-06T23:59:59.999999999Z,PROSPECTUS,11,4,,,
1138,5601082022796,250.0,Delta,Café em grão,Embalagem de 250g,2.49,9.96,0,kg,€/Kg,,,https://driveimg1.intermarche.com/pt/Content/images/boitmal/produit/zoom/BA324D27E9E0B51C555781B151251CD4.jpg,,,2024-11-06T23:59:59.999999999Z,PROSPECTUS,11,4,,,
11671,5601217126382,1650.0,Woolite,Detergente líquido p/ máquina lavar roupa cores,"Garrafa de 1,65 l",6.99,4.24,1650,L,€/L,,,https://driveimg1.intermarche.com/pt/Content/images/boitmal/produit/zoom/50465693868DD35972833B1D4D848AC2.jpg,,,2024-11-06T23:59:59.999999999Z,PROSPECTUS,11,4,,,
11950,5603722495106,200.0,Mimosa,Nata uht light,Embalagem de 200 ml,0.84,4.2,200,L,€/L,,,https://driveimg1.intermarche.com/pt/Content/images/boitmal/produit/zoom/6E7D8A653C78B6ADF8DDAFC11006499D.jpg,,,2024-11-06T23:59:59.999999999Z,PROSPECTUS,11,4,,,
13979,2696114000000,,Pastelaria,Super Napolitana de Chocolate,1 un = 120 g (aprox.),0.89,0.89,0,,€/Unidade,,,https://driveimg1.intermarche.com/pt/Content/images/boitmal/produit/zoom/BBA0D646E12CE5CCF1DE738BDD6D81A2.jpg,,,2024-11-06T23:59:59.999999999Z,PROSPECTUS,11,4,,,
14339,3387390325911,630.0,Nestlé,Cereais fitness,Embalagem de 630g,4.59,7.29,0,kg,€/Kg,,,https://driveimg1.intermarche.com/pt/Content/images/boitmal/produit/zoom/B3B7D0C0554F9B07E610EDBBFFBD0CD0.jpg,,,2024-11-06T23:59:59.999999999Z,PROSPECTUS,11,4,,,
15952,7613032918729,3000.0,Friskies,Ração para gato adulto de interior,Embalagem de 3 kg,8.74,2.91,0,kg,€/Kg,,,https://driveimg1.intermarche.com/pt/Content/images/boitmal/produit/zoom/7CA805A2F980FE0091D14971E5B8D99F.jpg,,,2024-11-06T23:59:59.999999999Z,PROSPECTUS,11,4,,,
16492,8718951037847,500.0,Ajax,"Limpa vidros pistola, tripla acção, embalagem de 500 ml",,1.97,3.94,500,L,€/L,,,https://driveimg1.intermarche.com/pt/Content/images/boitmal/produit/zoom/B2E06550937917C2E4B1E74DDD7CCA54.jpg,,,2024-11-06T23:59:59.999999999Z,PROSPECTUS,11,4,,,
17920,5602417101575,5000.0,Courelas d'Alqueva,Vinho bag-in-box tinto,Garrafa de 5 l,5.99,1.2,5000,L,€/L,,,https://driveimg1.intermarche.com/pt/Content/images/boitmal/produit/zoom/3A1B0A00FBDAC36268BCC5ECC3F70018.jpg,,,2024-11-06T23:59:59.999999999Z,PROSPECTUS,11,4,,,
18080,5601008100560,168.0,Vieira,Bolachas água e sal doces,Embalagem de 170g,2.14,12.74,0,kg,€/Kg,,,https://driveimg1.intermarche.com/pt/Content/images/boitmal/produit/zoom/8B7FFF96649C214D2C1F59409B1A23A6.jpg,,,2024-11-06T23:59:59.999999999Z,PROSPECTUS,11,4,,,
18771,5449000022646,1500.0,Fanta,Refrigerante c/ gás de uva,"Garrafa de 1,5 l",0.99,0.66,1500,L,€/L,,,https://driveimg1.intermarche.com/pt/Content/images/boitmal/produit/zoom/426C4CD2BDF4748C7D7AECCA8EEA510D.jpg,,,2024-11-06T23:59:59.999999999Z,PROSPECTUS,11,4,,,
2009,5604260127313,300.0,PorSi,20 mini rissóis de camarão,Embalagem de 300 g,1.99,6.63,0,kg,€/Kg,,Tipo de stockagem,https://driveimg1.intermarche.com/pt/Content/images/boitmal/produit/zoom/ACD7B768273B4663A89068C8841BA8DE.jpg,,,2024-11-06T23:59:59.999999999Z,PROSPECTUS,11,4,,,
2503,7613033156212,90.0,Purina Gourmet,Comida húmida para gato mousse com salmão,Embalagem de 90g,0.87,9.67,0,kg,€/Kg,,,https://driveimg1.intermarche.com/pt/Content/images/boitmal/produit/zoom/E6110F0DFBC3666EF2D6AC557FBB5E9E.jpg,,,2024-11-06T23:59:59.999999999Z,PROSPECTUS,11,4,,,
25153,5000146400042,750.0,Harpic,Líquido wc duraguard pinho da montanha,Garrafa de 750 ml,1.99,2.65,750,L,€/L,,,https://driveimg1.intermarche.com/pt/Content/images/boitmal/produit/zoom/4436EFCC1EEADD9FE9996407752961F9.jpg,,,2024-11-06T23:59:59.999999999Z,PROSPECTUS,11,4,,,
2518,7613033814693,400.0,Nestlé,Fruta para bebé 7 frutos +6 meses,Embalagem de 4 x 100 g,2.44,6.1,0,kg,€/Kg,,,https://driveimg1.intermarche.com/pt/Content/images/boitmal/produit/zoom/5C71B6B9B51E8496D30C8FC7F83397E6.jpg,,,2024-11-06T23:59:59.999999999Z,PROSPECTUS,11,4,,,
2778,8410168399939,4000.0,Friskies,Ração para gato adulto com coelho,Embalagem de 4 kg,10.79,2.7,0,kg,€/Kg,,,https://driveimg1.intermarche.com/pt/Content/images/boitmal/produit/zoom/D77E234EEC231A513DCFB3E4E6B53BA0.jpg,,,2024-11-06T23:59:59.999999999Z,PROSPECTUS,11,4,,,
35631,8410436329545,100.0,Sonasol,Bloco sanitário desinfectante duplo floral,Embalagem de 2 x 50 g,2.99,29.9,0,kg,€/Kg,,,https://driveimg1.intermarche.com/pt/Content/images/boitmal/produit/zoom/4B512DA095664E6F814B383EE3473F2D.jpg,,,2024-11-06T23:59:59.999999999Z,PROSPECTUS,11,4,,,
3642,3059943009080,250.0,Air Wick,Ambientador recarga lavanda,Garrafa de 250 ml,3.59,14.36,250,L,€/L,,,https://driveimg1.intermarche.com/pt/Content/images/boitmal/produit/zoom/756F620C8BCD41CE49D260CCD66BCDF2.jpg,,,2024-11-06T23:59:59.999999999Z,PROSPECTUS,11,4,,,
391,8712566173648,70.0,Knorr,"Sopa de cozido, 70g",,1.69,24.14,0,kg,€/Kg,,,https://driveimg1.intermarche.com/pt/Content/images/boitmal/produit/zoom/C0EE5A12F75937ABFCDAF9A5E610D848.jpg,,,2024-11-06T23:59:59.999999999Z,PROSPECTUS,11,4,,,
4254,3600521848449,50.0,L'oreal Men Expert,Desodorizante roll-on fresh extra,Embalagem de 50 ml,2.69,53.8,50,L,€/L,,,https://driveimg1.intermarche.com/pt/Content/images/boitmal/produit/zoom/E57536F1DBA38F68B80006805ED4ECFF.jpg,,,2024-11-06T23:59:59.999999999Z,PROSPECTUS,11,4,,,
49258,8718951476271,75.0,Colgate,Pasta de Dentes Gengivas Limpeza Interdentária,Embalagem de 75 ml,3.24,43.2,75,L,€/L,,,https://driveimg1.intermarche.com/pt/Content/images/boitmal/produit/zoom/E7FF1C0096CE044713C2591A9F09FD0E.jpg,,,2024-11-06T23:59:59.999999999Z,PROSPECTUS,11,4,,,
50629,5603722521454,1208.0,Mimosa,"Iogurte magro liquido de morango e framboesa, 8 x 151ml",,2.89,2.39,1208,L,€/L,,,https://driveimg1.intermarche.com/pt/Content/images/boitmal/produit/zoom/D754EA086EB368BBBC0D9470F68EFC4B.jpg,,,2024-11-06T23:59:59.999999999Z,PROSPECTUS,11,4,,,
5126,5601068014494,750.0,Cif,Desinfetante em gel c/ lixívia,Garrafa de 750 ml,1.49,1.99,750,L,€/L,,,https://driveimg1.intermarche.com/pt/Content/images/boitmal/produit/zoom/DD01BA25A9A9F730D8ADD335AE8FD21F.jpg,,,2024-11-06T23:59:59.999999999Z,PROSPECTUS,11,4,,,
51947,8719200253087,200.0,Planta,"Planteiga com Sal Vegan, 200g",,1.49,7.45,0,kg,€/Kg,,,https://driveimg1.intermarche.com/pt/Content/images/boitmal/produit/zoom/1C8192B5C8DA466AD648BB6546E3F415.jpg,,,2024-11-06T23:59:59.999999999Z,PROSPECTUS,11,4,,,
52872,8711327574236,350.0,Olá,"Gelado Mini Milk, 10 x 35ml",,3.09,8.83,350,L,€/L,,Tipo de stockagem,https://driveimg1.intermarche.com/pt/Content/images/boitmal/produit/zoom/8FC5865ACA0C922AAC2AF492CD9FE50B.jpg,,,2024-11-06T23:59:59.999999999Z,PROSPECTUS,11,4,,,
544,3228881083326,30.0,Lipton,20 saquetas chá noite tranquila,Embalagem de 30g,2.09,69.67,0,kg,€/Kg,,,https://driveimg1.intermarche.com/pt/Content/images/boitmal/produit/zoom/4B6373E8CCC5E41A695E3EDADC8DBB53.jpg,,,2024-11-06T23:59:59.999999999Z,PROSPECTUS,11,4,,,
6277,8410001103754,,Scotch Brite,Pano amarelo Multiusos,Embalagem de 1 unidades,1.08,1.08,1,,€/Unidade,,,https://driveimg1.intermarche.com/pt/Content/images/boitmal/produit/zoom/4EDC51C03E14CCEABAB0D6C2E4C33CFE.jpg,,,2024-11-06T23:59:59.999999999Z,PROSPECTUS,11,4,,,
6818,8712566118625,390.0,Olá,Gelado supermaxi,Embalagem de 6 x 65 ml,3.09,7.92,390,L,€/L,,Tipo de stockagem,https://driveimg1.intermarche.com/pt/Content/images/boitmal/produit/zoom/EDD74C84414985483D339FDE915214FB.jpg,https://driveimg1.intermarche.com/pt/Content/images/boitmal/produit/zoom/C78EEEF4719F48D1D9E8F75D0F700815.jpg,https://driveimg1.intermarche.com/pt/Content/images/boitmal/produit/zoom/C78EEEF4719F48D1D9E8F75D0F700815.jpg,2024-11-06T23:59:59.999999999Z,PROSPECTUS,11,4,,,
8435,5601050033953,620.0,Danone,"Iogurte activia líquido 0% de pêssego/maracujá,  4 x 155 g",,1.99,3.21,0,kg,€/Kg,,,https://driveimg1.intermarche.com/pt/Content/images/boitmal/produit/zoom/748ECF51AF6234B1BD1ECDB41529BE95.jpg,,,2024-11-06T23:59:59.999999999Z,PROSPECTUS,11,4,,,
1136,5601082022765,250.0,Delta,Café torrado lote chávena saco,Embalagem de 250g,2.49,9.96,0,kg,€/Kg,,,https://driveimg1.intermarche.com/pt/Content/images/boitmal/produit/zoom/0AEF7D0EDAE9B582F5CDCC0D6F5BEB93.jpg,,,2024-11-06T23:59:59.999999999Z,PROSPECTUS,11,4,,,
14653,5601119225442,110.0,Nobre,Fiambre da perna extra fatias finas cuida-t+,Embalagem de 110g,2.39,21.73,0,kg,€/Kg,,,https://driveimg1.intermarche.com/pt/Content/images/boitmal/produit/zoom/D5E0C522AAF17703A5791C561676C67A.jpg,,,2024-11-06T23:59:59.999999999Z,PROSPECTUS,11,4,,,
15889,5000116112180,208.0,Capitão Iglo,10 nuggets de frango com cereais integrais,Embalagem de 208 g,2.99,14.38,0,kg,€/Kg,,Tipo de stockagem,https://driveimg1.intermarche.com/pt/Content/images/boitmal/produit/zoom/33E37BD94FEA9CE794B6269CFF0B46F4.jpg,,,2024-11-06T23:59:59.999999999Z,PROSPECTUS,11,4,,,
16382,8010265640202,380.0,Kellogg's,Cereais Corn Flakes Original,Embalagem de 380g,2.79,7.34,0,kg,€/Kg,,,https://driveimg1.intermarche.com/pt/Content/images/boitmal/produit/zoom/2625D8FEF46F0E1A9B9CEDF32FC77B35.jpg,,,2024-11-06T23:59:59.999999999Z,PROSPECTUS,11,4,,,
17114,5000116110148,320.0,Capitão Iglo,4 hamburguers vaca s/ glúten,Embalagem de 320g,3.99,12.47,0,kg,€/Kg,,Tipo de stockagem,https://driveimg1.intermarche.com/pt/Content/images/boitmal/produit/zoom/8E7F8CBEF475C7DF0459EA1D70B35576.jpg,,,2024-11-06T23:59:59.999999999Z,PROSPECTUS,11,4,,,
18535,5601066400947,180.0,Nacional,Bolacha shortcake chocolate,Embalagem de 180g,1.24,6.89,0,kg,€/Kg,,,https://driveimg1.intermarche.com/pt/Content/images/boitmal/produit/zoom/754864DD20A4E61DA2C651C2F705265E.jpg,,,2024-11-06T23:59:59.999999999Z,PROSPECTUS,11,4,,,
21465,5449000085474,1500.0,Fanta,Refrigerante c/ gás de maracujá,"Garrafa de 1,5 l",0.99,0.66,1500,L,€/L,,,https://driveimg1.intermarche.com/pt/Content/images/boitmal/produit/zoom/C81E25D918677872BE4E0C409C0ECCC4.jpg,,,2024-11-06T23:59:59.999999999Z,PROSPECTUS,11,4,,,
21523,5602417101582,5000.0,Courelas d'Alqueva,Vinho bag-in-box branco,Garrafa de 5 l,5.99,1.2,5000,L,€/L,,,https://driveimg1.intermarche.com/pt/Content/images/boitmal/produit/zoom/2F5FCD58BADE3ED17E2D7C7BE74ADFB2.jpg,,,2024-11-06T23:59:59.999999999Z,PROSPECTUS,11,4,,,
25276,5775345121585,700.0,Sunquick,Concentrado de frutas tropicais,Garrafa de 700 ml,5.19,7.41,700,L,€/L,,,https://driveimg1.intermarche.com/pt/Content/images/boitmal/produit/zoom/4BD6A03207C4644AA25F7ED6571B6B74.jpg,,,2024-11-06T23:59:59.999999999Z,PROSPECTUS,11,4,,,
283,0000080393313,90.0,Purina Gourmet,Comida húmida para gato mousse com peixe do oceano,Embalagem de 90g,0.87,9.67,0,kg,€/Kg,,,https://driveimg1.intermarche.com/pt/Content/images/boitmal/produit/zoom/FC45D2E0082FFF04927048592B060917.jpg,,,2024-11-06T23:59:59.999999999Z,PROSPECTUS,11,4,,,
29355,8718951202795,500.0,Palmolive,Gel de banho natural leite oliva,500 ml,2.65,5.3,500,L,€/L,,,https://driveimg1.intermarche.com/pt/Content/images/boitmal/produit/zoom/77171253CA8BE22F47735182D75DE702.jpg,,,2024-11-06T23:59:59.999999999Z,PROSPECTUS,11,4,,,
35418,8410436321167,100.0,Sonasol,Bloco sanitário desinfetante eucalipto,Embalagem de 2 x 50 g,2.99,29.9,0,kg,€/Kg,,,https://driveimg1.intermarche.com/pt/Content/images/boitmal/produit/zoom/A918F313F68359F1E7193674B093B10C.jpg,,,2024-11-06T23:59:59.999999999Z,PROSPECTUS,11,4,,,
