identifier,produitEan13,capacite,marque,libelle,conditionnement,prix,unitPrice,volume,typeProduit_uniteByCode,unit_value,pictogrammes_0,pictogrammes_libelleCategorie,images_0,images_1,images_2,images_3,avantages_dateFin,avantages_categorie,nro_paginas,page,images_4,images_5,images_6,images_7
50394,8720181192111,150.0,Axe,"Desodorizante aero epic fresh, de 150 ml",,2.99,19.93,150,L,€/L,,,https://driveimg1.intermarche.com/pt/Content/images/boitmal/produit/zoom/3C80774091E79B2789B93D66067912AF.jpg,,,,2026-03-18T23:59:59Z,PROSPECTUS,15,1,,,,
5521,5601692071214,1000.0,Bom sucesso,"Arroz agulha, embalagem de 1 kg",,1.09,1.09,0,kg,€/Kg,,,https://driveimg1.intermarche.com/pt/Content/images/boitmal/produit/zoom/393929D01B09747982258DD594BE66FB.jpg,,,,2026-03-18T23:59:59Z,PROSPECTUS,15,1,,,,
38970,5603722518805,,Castelões,"Queijo curado -30% gordura, 500 g",,5.89,5.89,1,,€/Unidade,,,https://driveimg1.intermarche.com/pt/Content/images/boitmal/produit/zoom/72A7031F9A56666D6A179BF7A6411A71.jpg,,,,2026-03-18T23:59:59Z,PROSPECTUS,15,1,,,,
1297,5601151543313,1000.0,Compal,"Néctar de pêssego, embalagem de 1l",,0.99,0.99,1000,L,€/L,,,https://driveimg1.intermarche.com/pt/Content/images/boitmal/produit/zoom/08E04D043544808C4F3901CA5FF6A2F4.jpg,,,,2026-03-18T23:59:59Z,PROSPECTUS,15,1,,,,
41299,5601050036565,440.0,Danone,"Iogurte oikos maracujá, embalagem de 4 x 110g",,1.89,4.3,0,kg,€/Kg,,,https://driveimg1.intermarche.com/pt/Content/images/boitmal/produit/zoom/29553156A2F0422FEBEDFC7E0CF7883D.jpg,,,,2026-03-18T23:59:59Z,PROSPECTUS,15,1,,,,
57585,3600523586349,400.0,Elvive,"Champô Elvive Dream Long, emb. 400 ml",,3.79,9.48,400,L,€/L,,,https://driveimg1.intermarche.com/pt/Content/images/boitmal/produit/zoom/A08AAA160D70335374868EE6F725FC69.jpg,,,,2026-03-18T23:59:59Z,PROSPECTUS,15,1,,,,
54396,3600523625741,300.0,Elvive,"Condicionador Dream Long, 300ml",,3.79,12.63,300,L,€/L,,,https://driveimg1.intermarche.com/pt/Content/images/boitmal/produit/zoom/5B861BB844DCC60C232A0802F8263CAF.jpg,,,,2026-03-18T23:59:59Z,PROSPECTUS,15,1,,,,
15489,7613031884247,4000.0,Friskies,"Ração para gato adulto com vaca, frango, embalagem de 4kg",,9.99,2.5,0,kg,€/Kg,,,https://driveimg1.intermarche.com/pt/Content/images/boitmal/produit/zoom/AA74DE430E0D577781082E763F8D5C13.jpg,,,,2026-03-18T23:59:59Z,PROSPECTUS,15,1,,,,
44059,5601363012683,160.0,LayS,"Batata frita lisas originais, embalagem de 160g",,1.34,8.38,0,kg,€/Kg,,,https://driveimg1.intermarche.com/pt/Content/images/boitmal/produit/zoom/D6B617CBD0A985504B50100E928DB47C.jpg,,,,2026-03-18T23:59:59Z,PROSPECTUS,15,1,,,,
1467,5601286236784,500.0,Milaneza,"Massa de espirais, embalagem de 500g",,0.97,1.94,0,kg,€/Kg,,,https://driveimg1.intermarche.com/pt/Content/images/boitmal/produit/zoom/90F3AD9985391E2BB3C76374F1217643.jpg,,,,2026-03-18T23:59:59Z,PROSPECTUS,15,1,,,,
11496,5601049213991,200.0,Mimosa,"Nata uht, embalagem de 200 ml",,0.85,4.25,200,L,€/L,,,https://driveimg1.intermarche.com/pt/Content/images/boitmal/produit/zoom/8FC5ABCE23EB48F851FFE29C53BFA5D9.jpg,,,,2026-03-18T23:59:59Z,PROSPECTUS,15,1,,,,
54983,8445290957382,200.0,Nestle,"Bebida Cereais e Fibra Bolero, 200g",,2.38,11.9,0,kg,€/Kg,,,https://driveimg1.intermarche.com/pt/Content/images/boitmal/produit/zoom/F397CD628FE22B9AB72F479CD53D8BF2.jpg,,,,2026-03-18T23:59:59Z,PROSPECTUS,15,1,,,,
2309,5604260271801,2000.0,PorSi,Cola Zero 2l,,0.75,0.38,2000,L,€/L,,,https://driveimg1.intermarche.com/pt/Content/images/boitmal/produit/zoom/B3B2D30749328B98E0A5409203C1AF4C.jpg,,,,2026-03-18T23:59:59Z,PROSPECTUS,15,1,,,,
2778,8410168399939,4000.0,Purina Friskies,"Ração para Gato Adulto Coelho, Frango e Legumes, emb. 4 kg",,9.99,2.5,0,kg,€/Kg,,,https://driveimg1.intermarche.com/pt/Content/images/boitmal/produit/zoom/48E426D2CA0EFD97E75332E6A0553A7B.jpg,,,,2026-03-18T23:59:59Z,PROSPECTUS,15,1,,,,
19414,5601028024716,,Renova,"Papel Higiénico Puríssimo 3 Folhas, embalagem c/ 12 rolos",,4.79,4.79,0,,€/Unidade,,,https://driveimg1.intermarche.com/pt/Content/images/boitmal/produit/zoom/6371FB49C9F37CFE36AA4E28DFBAAFF4.jpg,,,,2026-03-18T23:59:59Z,PROSPECTUS,15,1,,,,
49359,5601146700066,6000.0,Sagres,"Cerveja com Álcool Mini, emb. 24 x 25 cl",,10.99,1.83,6000,L,€/L,,,https://driveimg1.intermarche.com/pt/Content/images/boitmal/produit/zoom/F20A269CA928E43FDC723A9CF664F032.jpg,,,,2026-03-18T23:59:59Z,PROSPECTUS,15,1,,,,
44048,5054563101846,75.0,Sensodyne,Dentífrico branqueador,Embalagem de 75 ml,2.79,37.2,75,L,€/L,,,https://driveimg1.intermarche.com/pt/Content/images/boitmal/produit/zoom/3FCEF381523EF43D48FAABB009CAAFFA.jpg,,,,2026-03-18T23:59:59Z,PROSPECTUS,15,1,,,,
16343,5601151978856,6000.0,Serra da estrela,"Água sem gás, garrafão de 6l",,1.39,0.23,6000,L,€/L,,,https://driveimg1.intermarche.com/pt/Content/images/boitmal/produit/zoom/8D402342781DACEBEA13B36CE32D8EBF.jpg,,,,2026-03-18T23:59:59Z,PROSPECTUS,15,1,,,,
55261,8445291133563,220.0,Sical,"Café Moído Moagem Grossa Int 10, emb. 220 gr",,3.89,17.68,0,kg,€/Kg,,,https://driveimg1.intermarche.com/pt/Content/images/boitmal/produit/zoom/26E77AAA63D51AF821232FF21D1A167F.jpg,,,,2026-03-18T23:59:59Z,PROSPECTUS,15,1,,,,
8672,5601164902589,5000.0,Super Bock,"Cerveja com Álcool Mini, emb. 20 x 25 cl",,9.69,1.94,5000,L,€/L,,,https://driveimg1.intermarche.com/pt/Content/images/boitmal/produit/zoom/2F3621A27B73789EDA7DDA7347F7A8AE.jpg,,,,2026-03-18T23:59:59Z,PROSPECTUS,15,1,,,,
12997,2892527000000,300.0,Legumes,Courgette Categoria II,,0.66,2.19,0,,€/Kg,,,https://driveimg1.intermarche.com/pt/Content/images/boitmal/produit/zoom/323B806C0CB557ED0F5B2CB32A998FDE.jpg,,,,2026-03-18T23:59:59Z,PROSPECTUS,15,1,,,,
13866,2891048000000,1000.0,Porco,Bifanas,Vendido ao peso a partir de 1 kg,3.99,3.99,0,,€/Kg,,,https://driveimg1.intermarche.com/pt/Content/images/boitmal/produit/zoom/72DE0DA6B485199AC995C629E3E4D279.jpg,,,,2026-03-18T23:59:59Z,PROSPECTUS,15,1,,,,
54632,5603722523045,1000.0,Gresso,"Leite UHT Meio Gordo, 1L",,0.87,0.87,1000,L,€/L,,,https://driveimg1.intermarche.com/pt/Content/images/boitmal/produit/zoom/ECF816693AC2579C9FB595FD8ABD96D7.jpg,,,,2026-03-18T23:59:59Z,PROSPECTUS,15,1,,,,
13813,2892489000000,250.0,Legumes,Batata Doce,1 un = 250 gr  (aprox.),0.37,1.49,0,,€/Kg,,,https://driveimg1.intermarche.com/pt/Content/images/boitmal/produit/zoom/B0785A3D8A1A6773EB1FB43B119AC4D9.jpg,,,,2026-03-18T23:59:59Z,PROSPECTUS,15,1,,,,
13897,2891053000000,1000.0,Porco,Lombo sem Osso,Vendido ao peso a partir de 1 kg,4.99,4.99,0,,€/Kg,,,https://driveimg1.intermarche.com/pt/Content/images/boitmal/produit/zoom/415564DA70574ED3C1D7475F1F28BDB6.jpg,,,,2026-03-18T23:59:59Z,PROSPECTUS,15,1,,,,
36926,5604260296729,200.0,PorSi,Queijo Flamengo Ralado 200g,,1.49,7.45,0,kg,€/Kg,,,https://driveimg1.intermarche.com/pt/Content/images/boitmal/produit/zoom/F6D59516B9D2618D85900EEE413C27AC.jpg,,,,2026-03-18T23:59:59Z,PROSPECTUS,15,1,,,,
13947,2891125000000,150.0,Peru,Espetadas de Peru,1 un = 150 gr (aprox.),1.02,6.79,0,,€/Kg,,,https://driveimg1.intermarche.com/pt/Content/images/boitmal/produit/zoom/7051DD49B64096A6B46E7815DD618A85.jpg,,,,2026-03-18T23:59:59Z,PROSPECTUS,15,1,,,,
52364,5604260329939,820.0,PorSi,Pão de Forma com Côdea 820 G,,1.49,1.82,0,kg,€/Kg,,,https://driveimg1.intermarche.com/pt/Content/images/boitmal/produit/zoom/B78834FE4BC9A22E77BF6F3F4EDC530F.jpg,,,,2026-03-18T23:59:59Z,PROSPECTUS,15,1,,,,
14882,2891118000000,1600.0,Frango,Frango Inteiro Grande,1 un = 1.6 kg (aprox.),3.98,2.49,0,,€/Kg,,,https://driveimg1.intermarche.com/pt/Content/images/boitmal/produit/zoom/3581EC31F0B1F288A68020FE172EC513.jpg,,,,2026-03-18T23:59:59Z,PROSPECTUS,15,1,,,,
15279,5604260276356,200.0,PorSi,Queijo Flamengo Fatiado 200g,,1.89,9.45,0,kg,€/Kg,,,https://driveimg1.intermarche.com/pt/Content/images/boitmal/produit/zoom/85DD1F9692D11A8FD3C2C7B23D4282CC.jpg,,,,2026-03-18T23:59:59Z,PROSPECTUS,15,1,,,,
34877,5604260285464,1500.0,PorSi,Maçã royal gala categoria II Programa Origens,Embalagem de 1.5 kg,1.99,1.33,0,kg,€/Kg,,,https://driveimg1.intermarche.com/pt/Content/images/boitmal/produit/zoom/F091E3663EBAE6E7A8981702DFBCC609.jpg,,,,2026-03-18T23:59:59Z,PROSPECTUS,15,1,,,,
40750,5604260304165,1000.0,PorSi,Detergente Loiça Limão 1l,Garrafa de 1 litro,0.89,0.89,1000,L,€/L,,,https://driveimg1.intermarche.com/pt/Content/images/boitmal/produit/zoom/2532D260202FF646D416E5D63E3F4DF5.jpg,,,,2026-03-18T23:59:59Z,PROSPECTUS,15,1,,,,
12909,2892005000000,250.0,Fruta,Laranja Económica,1 un = 250 gr  (aprox.),0.25,0.99,0,,€/Kg,,,https://driveimg1.intermarche.com/pt/Content/images/boitmal/produit/zoom/67E13FD34B36BCD37E12339EB836171D.jpg,,,,2026-03-18T23:59:59Z,PROSPECTUS,15,1,,,,
54646,8720181542121,,Skip,"Detergente Máquina Roupa Líquido Active Clean, 100D",,14.99,14.99,0,,€/Unidade,,,https://driveimg1.intermarche.com/pt/Content/images/boitmal/produit/zoom/D3E9B1DE5F09D8B3FD221502F3C133F1.jpg,,,,2026-03-18T23:59:59Z,PROSPECTUS,15,1,,,,
13892,2891041000000,1000.0,Porco,Costeletas do Lombo,Vendido ao peso a partir de 1 kg,3.99,3.99,0,,€/Kg,,,https://driveimg1.intermarche.com/pt/Content/images/boitmal/produit/zoom/589E4AFE71E19AF7FEB32FB0C0E176FF.jpg,,,,2026-03-18T23:59:59Z,PROSPECTUS,15,1,,,,
1434,5601260037109,1000.0,Cigala,"Arroz agulha, embalagem de 1 kg",,1.38,1.38,0,kg,€/Kg,,,https://driveimg1.intermarche.com/pt/Content/images/boitmal/produit/zoom/B3D52BC13D571B9BC6634FD987C80F3C.jpg,,,,2026-03-18T23:59:59Z,PROSPECTUS,15,1,,,,
52774,5604260329748,630.0,PorSi,Polpa Tomate Tetra 3x210g,,1.39,2.21,0,kg,€/Kg,,,https://driveimg1.intermarche.com/pt/Content/images/boitmal/produit/zoom/9D676468F00FF559F0BECC7FC3D16CCA.jpg,,,,2026-03-18T23:59:59Z,PROSPECTUS,15,1,,,,
53044,8720181368769,4320.0,Omo,"Detergente roupa máquina líquido, 96 doses",,8.99,2.08,4320,L,€/L,,,https://driveimg1.intermarche.com/pt/Content/images/boitmal/produit/zoom/30BA46CDC8291B3E0F7206BAD1197FAE.jpg,,,,2026-03-18T23:59:59Z,PROSPECTUS,15,1,,,,
11959,5603722504945,200.0,Mimosa,"Nata para culinária ligeira, embalagem de 200 ml",,0.85,4.25,200,L,€/L,,,https://driveimg1.intermarche.com/pt/Content/images/boitmal/produit/zoom/34074ECCE8C9D0028618D923D64DF04D.jpg,,,,2026-03-18T23:59:59Z,PROSPECTUS,15,1,,,,
23605,5601024335182,1000.0,Fula,"Óleo Alimentar Especial Fritura, emb. 1 lt",Garrafa de 1 l,1.89,1.89,1000,L,€/L,,,https://driveimg1.intermarche.com/pt/Content/images/boitmal/produit/zoom/69E445CB49A81927EAD36F899A4FF4A1.jpg,,,,2026-03-18T23:59:59Z,PROSPECTUS,15,1,,,,
5804,5604260055821,5000.0,PorSi,Lixívia Tradicional 5l,,1.69,0.34,5000,L,€/L,,,https://driveimg1.intermarche.com/pt/Content/images/boitmal/produit/zoom/E909BD5C18EE74B0FEB14034B22BB05A.jpg,,,,2026-03-18T23:59:59Z,PROSPECTUS,15,1,,,,
13781,2892323000000,250.0,Fruta,Uva Red Globe,1 un = 250 gr  (aprox.),0.8,3.19,0,,€/Kg,,,https://driveimg1.intermarche.com/pt/Content/images/boitmal/produit/zoom/0CB9D5C0FE47F5D642EA2D42574AAC35.jpg,,,,2026-03-18T23:59:59Z,PROSPECTUS,15,1,,,,
17207,8006540943687,1800.0,Fairy,Detergente manual de loiça limão,Embalagem de 2 x 900 ml,6.99,3.88,1800,L,€/L,,,https://driveimg1.intermarche.com/pt/Content/images/boitmal/produit/zoom/B2EE328B1B3FB1BA0162E77ED87C40E9.jpg,,,,2026-03-18T23:59:59Z,PROSPECTUS,15,1,,,,
29899,2696008000000,,Padaria,Bola Rústica,85 g,0.24,0.24,0,,€/Unidade,,,https://driveimg1.intermarche.com/pt/Content/images/boitmal/produit/zoom/06C705452DA793A390CC49C0690F6BDD.jpg,,,,2026-03-18T23:59:59Z,PROSPECTUS,15,1,,,,
35138,5603722517655,960.0,Mimosa,"Iogurte sólido aroma morango, ananás e banana, 8 x 120 g",,1.89,1.97,0,kg,€/Kg,,,https://driveimg1.intermarche.com/pt/Content/images/boitmal/produit/zoom/7070B93AC2DB23DCF61734D801E40E6D.jpg,,,,2026-03-18T23:59:59Z,PROSPECTUS,15,1,,,,
3526,2894034000000,150.0,Nobre,Fiambre da Perna Extra,1 un = 150 gr (aprox.),2.4,15.99,0,,€/Kg,,,https://driveimg1.intermarche.com/pt/Content/images/boitmal/produit/zoom/C76D05EF052819EDC79567520AD2D260.jpg,,,,2026-03-18T23:59:59Z,PROSPECTUS,15,1,,,,
54633,5603722523052,1000.0,Gresso,"Leite Uht Magro, 1L",,0.87,0.87,1000,L,€/L,,,https://driveimg1.intermarche.com/pt/Content/images/boitmal/produit/zoom/62FAA0AA671FC5B53B3DDBACCC92B900.jpg,,,,2026-03-18T23:59:59Z,PROSPECTUS,15,1,,,,
56179,5604260337484,200.0,PorSi,Batatas Fritas Onduladas 200g,,1.25,6.25,0,kg,€/Kg,,,https://driveimg1.intermarche.com/pt/Content/images/boitmal/produit/zoom/8E306DE56A2D049222405B8FBC30F5F3.jpg,,,,2026-03-18T23:59:59Z,PROSPECTUS,15,1,,,,
7039,2894063000000,150.0,PorSi,Fiambre da Pá,1 un = 150 gr (aprox.),1.2,7.99,0,,€/Kg,,,https://driveimg1.intermarche.com/pt/Content/images/boitmal/produit/zoom/B263AAD24D8655825D397EE88CE54C25.jpg,,,,2026-03-18T23:59:59Z,PROSPECTUS,15,1,,,,
13893,2891043000000,1000.0,Porco,Entrecosto,Vendido ao peso a partir de 1 kg,5.99,5.99,0,,€/Kg,,,https://driveimg1.intermarche.com/pt/Content/images/boitmal/produit/zoom/AA05EE99D302D59771FCC108473E0700.jpg,,,,2026-03-18T23:59:59Z,PROSPECTUS,15,1,,,,
30414,4015400917304,480.0,Fairy,Detergente Liquido Loiça Original,480 ml,2.54,5.29,480,L,€/L,,,https://driveimg1.intermarche.com/pt/Content/images/boitmal/produit/zoom/BDA62A6B9333A70897E09AEAD0B62BBF.jpg,,,,2026-03-18T23:59:59Z,PROSPECTUS,15,1,,,,
1188,5601119007970,200.0,Nobre,"Salsichas Frankfurt Originais Lata 8 un, emb. 200 gr",,1.39,6.95,0,kg,€/Kg,,,https://driveimg1.intermarche.com/pt/Content/images/boitmal/produit/zoom/F480FC52D56464F3C1B867155F4A37B9.jpg,,,,2026-03-18T23:59:59Z,PROSPECTUS,15,1,,,,
12889,2892175000000,150.0,Fruta,Kiwi categoria II,1 un = 150 gr (aprox.),0.45,2.99,0,,€/Kg,,,https://driveimg1.intermarche.com/pt/Content/images/boitmal/produit/zoom/39D74C337E358C98856B0EB2FC79D7A8.jpg,,,,2026-03-18T23:59:59Z,PROSPECTUS,15,1,,,,
12998,2892529000000,200.0,Legumes,Cogumelos Granel,1 un = 200 gr (aprox.),0.9,4.49,0,,€/Kg,,,https://driveimg1.intermarche.com/pt/Content/images/boitmal/produit/zoom/21980CA05745F31B22EE237361B7FEB6.jpg,,,,2026-03-18T23:59:59Z,PROSPECTUS,15,1,,,,
13844,2891011000000,800.0,Novilho,Carne p/ Assar,Vendido ao peso a partir de 800 g,10.79,13.49,0,,€/Kg,,,https://driveimg1.intermarche.com/pt/Content/images/boitmal/produit/zoom/142925C351A68598D5F08763C55C20FE.jpg,,,,2026-03-18T23:59:59Z,PROSPECTUS,15,1,,,,
13884,2891106000000,2000.0,Porsi Select - Programa Origens,Frango do Campo Inteiro c/ Miúdos Programa Origens,Vendido ao peso,7.98,3.99,0,,€/Kg,,,https://driveimg1.intermarche.com/pt/Content/images/boitmal/produit/zoom/4004CE88E12A24D0AD85684C27210FBB.jpg,,,,2026-03-18T23:59:59Z,PROSPECTUS,15,1,,,,
13956,2891205000000,50.0,Porco,Salsicha Brasileira,1 un = 50 gr (aprox.),0.27,5.39,0,,€/Kg,,,https://driveimg1.intermarche.com/pt/Content/images/boitmal/produit/zoom/F6298C19D94A9653E5F3E3E4F0DEBFCF.jpg,,,,2026-03-18T23:59:59Z,PROSPECTUS,15,1,,,,
13966,2696019000000,450.0,Padaria,Pão Regional Rio Maior Inteiro,1 unidade= 450 g,1.09,2.42,0,kg,€/Kg,,,https://driveimg1.intermarche.com/pt/Content/images/boitmal/produit/zoom/868CC38F01B8F1FD056036A7F49504A8.jpg,,,,2026-03-18T23:59:59Z,PROSPECTUS,15,1,,,,
18755,2892287000000,120.0,Fruta,Pera Williams,1 un = 120 gr (aprox.),0.23,1.89,0,,€/Kg,,,https://driveimg1.intermarche.com/pt/Content/images/boitmal/produit/zoom/DE45F3C2CC0FFCD69615D3C8823B08EF.jpg,,,,2026-03-18T23:59:59Z,PROSPECTUS,15,1,,,,
19162,5604260276806,500.0,PorSi,Iogurte Tipo Grego Natural Açucarado 4x125g,,1.65,3.3,0,kg,€/Kg,,,https://driveimg1.intermarche.com/pt/Content/images/boitmal/produit/zoom/49BC1F6A4C2D86DE972031A4D090566C.jpg,,,,2026-03-18T23:59:59Z,PROSPECTUS,15,1,,,,
19415,5601028019798,,Renova,"Rolo de cozinha design xxl, 3 rolos",,1.99,1.99,3,,€/Unidade,,,https://driveimg1.intermarche.com/pt/Content/images/boitmal/produit/zoom/9A25E60B9B6B556C2D19CB0AC3EE543B.jpg,,,,2026-03-18T23:59:59Z,PROSPECTUS,15,1,,,,
40739,5604260302666,2000.0,PorSi,Lava Tudo Perfumado Camomila & Flor de Laranjeira,,0.99,0.5,2000,L,€/L,,,https://driveimg1.intermarche.com/pt/Content/images/boitmal/produit/zoom/EC235B47803E16EEB9720D84212A145E.jpg,,,,2026-03-18T23:59:59Z,PROSPECTUS,15,1,,,,
46325,5604260318612,154.0,PorSi,Bolachas Cacau & Cream 154g,,0.89,5.78,0,kg,€/Kg,,,https://driveimg1.intermarche.com/pt/Content/images/boitmal/produit/zoom/184E37E812A93A5E8EDD676EE72CA11A.jpg,,,,2026-03-18T23:59:59Z,PROSPECTUS,15,1,,,,
11935,5603124023273,545.0,Mistolin,"Tira gorduras pistola, 550 ml",,2.59,4.75,545,L,€/L,,,https://driveimg1.intermarche.com/pt/Content/images/boitmal/produit/zoom/61307002E6EA5352BB9A64A39F439A9A.jpg,,,,2026-03-18T23:59:59Z,PROSPECTUS,15,1,,,,
1468,5601286250780,500.0,Milaneza,"Massa maçarronete riscado, embalagem de 500g",,0.97,1.94,0,kg,€/Kg,,,https://driveimg1.intermarche.com/pt/Content/images/boitmal/produit/zoom/BA4109E5185276DFC6B9D6597899335A.jpg,,,,2026-03-18T23:59:59Z,PROSPECTUS,15,1,,,,
18376,5601027009769,480.0,Panrico,Pão de forma sem côdea 9 cereais,Embalagem de 480g,1.99,4.15,0,kg,€/Kg,,,https://driveimg1.intermarche.com/pt/Content/images/boitmal/produit/zoom/202DA3E3189533F2DED569B04263CF8C.jpg,,,,2026-03-18T23:59:59Z,PROSPECTUS,15,1,,,,
18864,5604260280506,500.0,PorSi,Iogurte Tipo Grego Stracciatella 4x125g,,1.79,3.58,0,kg,€/Kg,,,https://driveimg1.intermarche.com/pt/Content/images/boitmal/produit/zoom/334F1D6FB360E4136373288319BA5409.jpg,,,,2026-03-18T23:59:59Z,PROSPECTUS,15,1,,,,
251,2696001000000,400.0,Padaria,Baguete,400 g,0.79,1.98,0,kg,€/Kg,,,https://driveimg1.intermarche.com/pt/Content/images/boitmal/produit/zoom/42C2E126B9E5B84C243F0668DEC3869F.jpg,,,,2026-03-18T23:59:59Z,PROSPECTUS,15,1,,,,
34878,5604260285471,1500.0,PorSi,Maçã fuji categoria II Origens,Embalagem de 1.5 kg,1.99,1.33,0,kg,€/Kg,,,https://driveimg1.intermarche.com/pt/Content/images/boitmal/produit/zoom/4C54AE3F50E349B56A904BBA50CB93F2.jpg,,,,2026-03-18T23:59:59Z,PROSPECTUS,15,1,,,,
44956,2696878000000,,Padaria,Bola de mistura centeio Baviera,90 g,0.19,0.19,0,,€/Unidade,,,https://driveimg1.intermarche.com/pt/Content/images/boitmal/produit/zoom/09DB4B39AC0AAE5D11E868A906EFB364.jpg,,,,2026-03-18T23:59:59Z,PROSPECTUS,15,1,,,,
45773,5054563087829,75.0,Aquafresh,"Pasta dentífrica eucalipto, lima e menta",Embalagem de 75ml,1.84,24.53,75,L,€/L,,,https://driveimg1.intermarche.com/pt/Content/images/boitmal/produit/zoom/1F94A046F2A6C727F7B6BE2D468B428F.jpg,,,,2026-03-18T23:59:59Z,PROSPECTUS,15,1,,,,
50454,5603722521829,1208.0,Mimosa,"Iogurte líquido aroma banana e morango, 8 x 151 ml",,2.69,2.23,1208,L,€/L,,,https://driveimg1.intermarche.com/pt/Content/images/boitmal/produit/zoom/AA12AF3CF07E84D8BB18D68CC6DFA3EB.jpg,,,,2026-03-18T23:59:59Z,PROSPECTUS,15,1,,,,
5272,5601164902312,4800.0,Super Bock,"Cerveja com álcool, pack 24 x 0.20 l",,9.99,2.08,4800,L,€/L,,,https://driveimg1.intermarche.com/pt/Content/images/boitmal/produit/zoom/A98E5FF8E5DDF166F2B333F0EE0114E7.jpg,https://driveimg1.intermarche.com/pt/Content/images/boitmal/produit/zoom/C2C2858ADC421F33AF17C6115D108100.jpg,,,2026-03-18T23:59:59Z,PROSPECTUS,15,1,,,,
1189,5601119007987,250.0,Nobre,"Salsichas Frankfurt Originais Lata 10 un, emb. 250 gr",,1.67,6.68,0,kg,€/Kg,,,https://driveimg1.intermarche.com/pt/Content/images/boitmal/produit/zoom/0B023C2ECBDBE7AB09A89A8810925D65.jpg,,,,2026-03-18T23:59:59Z,PROSPECTUS,15,1,,,,
1291,5601151333457,1000.0,Compal,"Néctar clássico tutti frutti, embalagem de 1l",,0.99,0.99,1000,L,€/L,,,https://driveimg1.intermarche.com/pt/Content/images/boitmal/produit/zoom/72E1F82181A7A99589C5EAFAC26322FC.jpg,,,,2026-03-18T23:59:59Z,PROSPECTUS,15,1,,,,
13095,2893071000000,100.0,Peixaria,Carapau Pequeno,1 un = 100 g (aprox.),0.35,3.49,0,,€/Kg,,,https://driveimg1.intermarche.com/pt/Content/images/boitmal/produit/zoom/07606BE143D22CF4796A63CA9C752E5B.jpg,,,,2026-03-18T23:59:59Z,PROSPECTUS,15,1,,,,
1310,5601151979969,140.0,Compal,"Compal da horta concentrado tomate, embalagem de 140g",,0.99,7.07,0,kg,€/Kg,,,https://driveimg1.intermarche.com/pt/Content/images/boitmal/produit/zoom/AFB213C2AE47899B42B45E2988A779B7.jpg,,,,2026-03-18T23:59:59Z,PROSPECTUS,15,1,,,,
13839,2891006000000,800.0,Novilho,Bife da Pá,Vendido ao peso a partir de 800 g,10.79,13.49,0,,€/Kg,,,https://driveimg1.intermarche.com/pt/Content/images/boitmal/produit/zoom/5626B1315F40E59D057B37FBCA18064B.jpg,,,,2026-03-18T23:59:59Z,PROSPECTUS,15,1,,,,
13852,2891020000000,100.0,Novilho,Fígado,1 un = 100 gr (aprox.),0.6,5.99,0,,€/Kg,,,https://driveimg1.intermarche.com/pt/Content/images/boitmal/produit/zoom/7F21D014BF856223502CE366D77F0F5C.jpg,,,,2026-03-18T23:59:59Z,PROSPECTUS,15,1,,,,
16427,5604260277407,2000.0,PorSi,Lixívia Delicada 2l,,1.19,0.6,2000,L,€/L,,,https://driveimg1.intermarche.com/pt/Content/images/boitmal/produit/zoom/04D235A82CA5C93C045F731FF2ACAE42.jpg,,,,2026-03-18T23:59:59Z,PROSPECTUS,15,1,,,,
16492,8718951037847,500.0,Ajax,"Limpa vidros pistola, tripla acção, embalagem de 500 ml",,1.97,3.94,500,L,€/L,,,https://driveimg1.intermarche.com/pt/Content/images/boitmal/produit/zoom/835152AD536CA633AE488A10E244161F.jpg,,,,2026-03-18T23:59:59Z,PROSPECTUS,15,1,,,,
22994,5609765000048,600.0,Brioxa,Madalenas de Laranja,12 Unidades - Embalagem de 500 g,1.59,2.65,0,kg,€/Kg,,,https://driveimg1.intermarche.com/pt/Content/images/boitmal/produit/zoom/B86F1C9777D22DCE1E454CE43EAF77F8.jpg,,,,2026-03-18T23:59:59Z,PROSPECTUS,15,1,,,,
41981,5604260303618,5000.0,PorSi,Areia para Gato Aglomerante 5kg,,2.69,0.54,0,kg,€/Kg,,,https://driveimg1.intermarche.com/pt/Content/images/boitmal/produit/zoom/D280E7879828ADC3454C85EE455FB236.jpg,,,,2026-03-18T23:59:59Z,PROSPECTUS,15,1,,,,
43027,5604260309948,2000.0,PorSi,Amaciador Concentrado Aloé Vera 2l,,1.79,0.9,2000,L,€/L,,,https://driveimg1.intermarche.com/pt/Content/images/boitmal/produit/zoom/38E5CB2D2FE9DD479CEF7F7C95214B28.jpg,https://driveimg1.intermarche.com/pt/Content/images/boitmal/produit/zoom/8F5D9E9881CF7344832E8C38BDD4AAAF.jpg,https://driveimg1.intermarche.com/pt/Content/images/boitmal/produit/zoom/8F5D9E9881CF7344832E8C38BDD4AAAF.jpg,https://driveimg1.intermarche.com/pt/Content/images/boitmal/produit/zoom/8F5D9E9881CF7344832E8C38BDD4AAAF.jpg,2026-03-18T23:59:59Z,PROSPECTUS,15,1,,,,
48209,5604260322787,2000.0,PorSi,Detergente Máquina Roupa Delicada 66d,,2.79,1.4,2000,L,€/L,,,https://driveimg1.intermarche.com/pt/Content/images/boitmal/produit/zoom/D1552534B80C43B5DC20090AA96CB12B.jpg,,,,2026-03-18T23:59:59Z,PROSPECTUS,15,1,,,,
48393,2757509000000,200.0,PorSi,"Bifinhos do Lombo de Porco Finíssimos, embalagem de 200g (aprox.)",,1.59,7.96,0,,€/Kg,,,https://driveimg1.intermarche.com/pt/Content/images/boitmal/produit/zoom/27981781C3C214C992EEFDB89F8AAD1B.jpg,,,,2026-03-18T23:59:59Z,PROSPECTUS,15,1,,,,
49831,8445290157348,390.0,Nesquik,"Achocolatado em pó, embalagem de 390g",,3.49,8.95,0,kg,€/Kg,,,https://driveimg1.intermarche.com/pt/Content/images/boitmal/produit/zoom/1C8D0ADDD419DD646B2CF36E18D3378F.jpg,,,,2026-03-18T23:59:59Z,PROSPECTUS,15,1,,,,
5093,5601050033755,620.0,Danone,"Iogurte activia líquido 0% morango/kiwi, embalagem de 4 x 155 g",,1.99,3.21,0,kg,€/Kg,,,https://driveimg1.intermarche.com/pt/Content/images/boitmal/produit/zoom/29B41AE598716D0550D815AA0FE86025.jpg,,,,2026-03-18T23:59:59Z,PROSPECTUS,15,1,,,,
51955,5601151966518,1000.0,Compal,"Clássico néctar maçã, embalagem de 1 l",,0.99,0.99,1000,L,€/L,,,https://driveimg1.intermarche.com/pt/Content/images/boitmal/produit/zoom/AAC2B38FB8DA9D096749B1C613B9605A.jpg,,,,2026-03-18T23:59:59Z,PROSPECTUS,15,1,,,,
54316,4064035151324,,Scotch Brite,"Esfregão Esponja, emb. 2 + 1 GRÁTIS",,0.99,0.99,0,,€/Unidade,,,https://driveimg1.intermarche.com/pt/Content/images/boitmal/produit/zoom/A4B005D8CCAAFC71AAB327E2A5FE66C0.jpg,,,,2026-03-18T23:59:59Z,PROSPECTUS,15,1,,,,
56255,5604260336371,630.0,PorSi,Tomate Frito Tetra 3x210g,,1.39,2.21,0,kg,€/Kg,,,https://driveimg1.intermarche.com/pt/Content/images/boitmal/produit/zoom/7E2318A12844DDB9F5AF4A60AAB6D23D.jpg,,,,2026-03-18T23:59:59Z,PROSPECTUS,15,1,,,,
5925,5604260256891,2000.0,PorSi,Lava Tudo Perfumado Floral,,0.99,0.5,2000,L,€/L,,,https://driveimg1.intermarche.com/pt/Content/images/boitmal/produit/zoom/F01E0A9A550FA76DA5066F589EA8BBFA.jpg,,,,2026-03-18T23:59:59Z,PROSPECTUS,15,1,,,,
8434,5601050033731,620.0,Danone,"Iogurte activia líquido 0% lima/limão, embalagem de 4 x 155g",,1.99,3.21,0,kg,€/Kg,,,https://driveimg1.intermarche.com/pt/Content/images/boitmal/produit/zoom/B41EA750EA9360556362913E488E9E4D.jpg,,,,2026-03-18T23:59:59Z,PROSPECTUS,15,1,,,,
9999,8001480020535,4000.0,Neoblanc,Lixívia Tradicional,Embalagem de 4 l,3.09,0.77,4000,L,€/L,,,https://driveimg1.intermarche.com/pt/Content/images/boitmal/produit/zoom/9906959CB147C83320C04CF2C670E38F.jpg,,,,2026-03-18T23:59:59Z,PROSPECTUS,15,1,,,,
1010,5601038300091,240.0,Knorr,"Caldo de Galinha Cubos, emb. 240 gr (24 un)",,2.49,10.38,0,kg,€/Kg,,,https://driveimg1.intermarche.com/pt/Content/images/boitmal/produit/zoom/4E25834255892D5C9C1047A286FE9847.jpg,,,,2026-03-18T23:59:59Z,PROSPECTUS,15,1,,,,
10509,8435250297955,256.0,Nestlé,"Iogurte mix in smarties baunilha, embalagem de 2 x 128 g",,2.19,8.55,0,kg,€/Kg,,,https://driveimg1.intermarche.com/pt/Content/images/boitmal/produit/zoom/5355941DC0922592DB9EDB46788FEE19.jpg,,,,2026-03-18T23:59:59Z,PROSPECTUS,15,1,,,,
13595,2893590000000,1000.0,Peixaria,Pescada Pequena da Argentina Congelada,1 un= 1kg (aprox.),3.59,3.59,0,,€/Kg,,Avantages !,https://driveimg1.intermarche.com/pt/Content/images/boitmal/produit/zoom/5B60FCB79F0EE3DFB58E35C4371D7EFC.jpg,,,,2026-03-18T23:59:59Z,PROSPECTUS,15,1,,,,
17665,8712100745591,754.0,Calvé,"Maionese XXL Top Down, emb. 754 gr",,3.49,4.63,0,kg,€/Kg,,,https://driveimg1.intermarche.com/pt/Content/images/boitmal/produit/zoom/C6F00A8AA4D7D21E56D34CFA61170423.jpg,,,,2026-03-18T23:59:59Z,PROSPECTUS,15,1,,,,
19163,5604260278121,500.0,PorSi,Iogurte Tipo Grego Morango 4x125g,,1.65,3.3,0,kg,€/Kg,,,https://driveimg1.intermarche.com/pt/Content/images/boitmal/produit/zoom/C740D54E6D0772F5BD1CC74142029BCA.jpg,,,,2026-03-18T23:59:59Z,PROSPECTUS,15,1,,,,
26091,7613036115575,550.0,Nestlé,Cereais estrelitas,Embalagem de 550g,2.49,4.53,0,kg,€/Kg,,,https://driveimg1.intermarche.com/pt/Content/images/boitmal/produit/zoom/90505B63FB20AF187537F3B46DDB9B86.jpg,,,,2026-03-18T23:59:59Z,PROSPECTUS,15,1,,,,
2675,8410000802771,160.0,Chips Ahoy!,Bolachas mini chips ahoy,Embalagem de 160g,1.84,11.5,0,kg,€/Kg,,,https://driveimg1.intermarche.com/pt/Content/images/boitmal/produit/zoom/3707DD444CDD44D20F774875B91B068B.jpg,,,,2026-03-18T23:59:59Z,PROSPECTUS,15,2,,,,
40558,5604260301164,220.0,PorSi,Suisse Croc Morango 2x110g,,1.49,6.77,0,kg,€/Kg,,,https://driveimg1.intermarche.com/pt/Content/images/boitmal/produit/zoom/AA181D6FCE0CA0A44C9A0F2F8A8253EE.jpg,,,,2026-03-18T23:59:59Z,PROSPECTUS,15,2,,,,
40741,5604260302918,3000.0,PorSi,Óleo Girassol 3l,,4.99,1.66,3000,L,€/L,,,https://driveimg1.intermarche.com/pt/Content/images/boitmal/produit/zoom/F8BB67375CA1509EF026CE7D5296E9E5.jpg,,,,2026-03-18T23:59:59Z,PROSPECTUS,15,2,,,,
40749,5604260304158,1000.0,PorSi,Detergente Loiça Clássico 1l,Garrafa de 1 litro,0.89,0.89,1000,L,€/L,,,https://driveimg1.intermarche.com/pt/Content/images/boitmal/produit/zoom/AF2F1189F25F58E20EE8C7BA2141119A.jpg,,,,2026-03-18T23:59:59Z,PROSPECTUS,15,2,,,,
41041,8001480703001,700.0,Neoblanc,Tira nódoas em spray cores,Embalagem de 700 ml,1.99,2.84,700,L,€/L,,,https://driveimg1.intermarche.com/pt/Content/images/boitmal/produit/zoom/1B7BCC034AAC45310DFFCE9E289F80C7.jpg,,,,2026-03-18T23:59:59Z,PROSPECTUS,15,2,,,,
41715,5604260306381,500.0,PorSi,Iogurte Tipo Grego Caramelo Salgado 4x125g,,1.65,3.3,0,kg,€/Kg,,,https://driveimg1.intermarche.com/pt/Content/images/boitmal/produit/zoom/06B0DF990840E5BE19798110DA62E89E.jpg,,,,2026-03-18T23:59:59Z,PROSPECTUS,15,2,,,,
45700,5604260314249,680.0,PorSi,Detergente Máquina Loica Td1 Limão 40p,,4.1,6.03,0,kg,€/Kg,,,https://driveimg1.intermarche.com/pt/Content/images/boitmal/produit/zoom/E2AF666FA080D39884D54C761B4D071C.jpg,,,,2026-03-18T23:59:59Z,PROSPECTUS,15,2,,,,
48070,5604260320813,,PorSi,Pensos Higiénicos Ultrafinos Normal com Abas - 28 Unidades,,1.89,1.89,0,,€/Unidade,,,https://driveimg1.intermarche.com/pt/Content/images/boitmal/produit/zoom/0DFFDFEEB2AC2E065EADDE282CDFEEC2.jpg,,,,2026-03-18T23:59:59Z,PROSPECTUS,15,2,,,,
48297,5604260320721,200.0,Porsi Vivabem,Queijo Flamengo Light Fatiado 200g,,1.89,9.45,0,kg,€/Kg,,,https://driveimg1.intermarche.com/pt/Content/images/boitmal/produit/zoom/70AA2E56EA03F7DEC7BCFB6E81C245ED.jpg,,,,2026-03-18T23:59:59Z,PROSPECTUS,15,2,,,,
51751,8720181338502,435.0,Cif,"Spray remove bolores, 435 ml",,2.49,5.72,435,L,€/L,,,https://driveimg1.intermarche.com/pt/Content/images/boitmal/produit/zoom/380C503403FDBF9BBCD37132FDE8F56E.jpg,,,,2026-03-18T23:59:59Z,PROSPECTUS,15,2,,,,
54798,5603722521560,604.0,Mimosa,"Iogurte liquido frutos tropicais, 4 x 151 ml",,1.39,2.3,604,L,€/L,,,https://driveimg1.intermarche.com/pt/Content/images/boitmal/produit/zoom/49B490BBEC557A29CF9B663AE694D2B4.jpg,,,,2026-03-18T23:59:59Z,PROSPECTUS,15,2,,,,
56302,5604260336333,132.0,PorSi,Barra Cereais Bolas de Mel 132g,,1.59,12.05,0,kg,€/Kg,,,https://driveimg1.intermarche.com/pt/Content/images/boitmal/produit/zoom/F8969DC2114E7571532261BF2398E96A.jpg,,,,2026-03-18T23:59:59Z,PROSPECTUS,15,2,,,,
8391,5601049159992,1000.0,Mimosa,"Leite especial cálcio + vitamina d magro, de 1l",,1.0,1.0,1000,L,€/L,,,https://driveimg1.intermarche.com/pt/Content/images/boitmal/produit/zoom/22E6964D6A2F2B922BCB40BB341AE902.jpg,,,,2026-03-18T23:59:59Z,PROSPECTUS,15,2,,,,
939,5601001315107,200.0,Nestlé,"Bebida Cereais Cevada e Chicória com Café, emb. 200 gr",,2.89,14.45,0,kg,€/Kg,,,https://driveimg1.intermarche.com/pt/Content/images/boitmal/produit/zoom/CC5A47735407D4C3B415883C0C674337.jpg,,,,2026-03-18T23:59:59Z,PROSPECTUS,15,2,,,,
979,5601024134471,750.0,Oliveira da Serra,Azeite Virgem,Embalagem de 750 ml,4.99,6.65,750,L,€/L,,,https://driveimg1.intermarche.com/pt/Content/images/boitmal/produit/zoom/E26F25C9E42D7D1738A837046251B635.jpg,,,,2026-03-18T23:59:59Z,PROSPECTUS,15,2,,,,
1035,5601045105313,6000.0,Serra da estrela,"Água mineral sem gás, pack 4 x 1.5 l",,1.79,0.3,6000,L,€/L,,,https://driveimg1.intermarche.com/pt/Content/images/boitmal/produit/zoom/0358268AAE386D7F610EBE003FAAE9E0.jpg,,,,2026-03-18T23:59:59Z,PROSPECTUS,15,2,,,,
11464,5601018003400,1000.0,Matinal,"Leite seleccionado meio gordo, de 1l",,1.0,1.0,1000,L,€/L,,,https://driveimg1.intermarche.com/pt/Content/images/boitmal/produit/zoom/5F34056BF2D07C9D39E218B31081D1FC.jpg,,,,2026-03-18T23:59:59Z,PROSPECTUS,15,2,,,,
1224,5601146000104,1000.0,Sagres,"Cerveja com álcool, garrafa de 1l",,1.89,1.89,1000,L,€/L,,,https://driveimg1.intermarche.com/pt/Content/images/boitmal/produit/zoom/B73052CDDDC1D5B2607AF6499F6FC79B.jpg,,,,2026-03-18T23:59:59Z,PROSPECTUS,15,2,,,,
1295,5601151533451,1000.0,Compal,"Néctar clássico de manga, embalagem de 1l",,0.99,0.99,1000,L,€/L,,,https://driveimg1.intermarche.com/pt/Content/images/boitmal/produit/zoom/C39B088399EB8957F0ED194316340ED2.jpg,,,,2026-03-18T23:59:59Z,PROSPECTUS,15,2,,,,
13523,2893515000000,250.0,Peixaria,Lula Congelada,1 un= 250 gr (aprox.),1.25,4.99,0,,€/Kg,,Avantages !,https://driveimg1.intermarche.com/pt/Content/images/boitmal/produit/zoom/B2B7BBDC4CDC3C912C9CD2FEC6D3B682.jpg,,,,2026-03-18T23:59:59Z,PROSPECTUS,15,2,,,,
14865,2696212000000,,Pastelaria,Folhado Misto 90 g,,0.69,0.69,0,,€/Unidade,,,https://driveimg1.intermarche.com/pt/Content/images/boitmal/produit/zoom/164C27A781A7C68A965295D85BB7D95F.jpg,,,,2026-03-18T23:59:59Z,PROSPECTUS,15,2,,,,
15096,2892241000000,150.0,Programa Origens,Maçã Starking,1 un = 150 gr (aprox.),0.22,1.49,0,,€/Kg,,,https://driveimg1.intermarche.com/pt/Content/images/boitmal/produit/zoom/45D914916E0B67242482E96135646B84.jpg,,,,2026-03-18T23:59:59Z,PROSPECTUS,15,2,,,,
15353,5604260270767,800.0,PorSi,Tentáculos Pota 800g,,4.99,6.24,0,kg,€/Kg,,Tipo de stockagem,https://driveimg1.intermarche.com/pt/Content/images/boitmal/produit/zoom/49398B6B79D4038703598D2AD5AB070C.jpg,,,,2026-03-18T23:59:59Z,PROSPECTUS,15,2,,,,
16042,8410022000025,200.0,Donuts,"Donuts Classic, emb. 200 gr (4 un.)",Embalagem de 200g,2.19,10.95,0,kg,€/Kg,,,https://driveimg1.intermarche.com/pt/Content/images/boitmal/produit/zoom/E1B9DB77B40B4B4B4AC4E69C7559B6D6.jpg,,,,2026-03-18T23:59:59Z,PROSPECTUS,15,2,,,,
17892,5601082039800,220.0,Delta Q,Café xl qalidus cápsulas,Embalagem de 220g,15.99,72.68,0,kg,€/Kg,,,https://driveimg1.intermarche.com/pt/Content/images/boitmal/produit/zoom/CC1942C4B68078F0368F602F327C039D.jpg,,,,2026-03-18T23:59:59Z,PROSPECTUS,15,2,,,,
19094,4084500330955,1500.0,Fairy,"Detergente líquido, manual loiça, original, 1,5 l",,6.19,4.13,1500,L,€/L,,,https://driveimg1.intermarche.com/pt/Content/images/boitmal/produit/zoom/95EC3D03AC3B46A8207C2E0CFB674294.jpg,,,,2026-03-18T23:59:59Z,PROSPECTUS,15,2,,,,
19203,5000116110407,240.0,Capitão Iglo,"4 hamburguers frango sem glúten, embalagem de 240g",,4.99,20.79,0,kg,€/Kg,,Tipo de stockagem,https://driveimg1.intermarche.com/pt/Content/images/boitmal/produit/zoom/DBCAABB905B293E30250F00FBA9411C4.jpg,,,,2026-03-18T23:59:59Z,PROSPECTUS,15,2,,,,
2179,5604260263875,65.0,PorSi,Paté Sardinha e Cavala 65g,,0.79,12.15,0,kg,€/Kg,,,https://driveimg1.intermarche.com/pt/Content/images/boitmal/produit/zoom/6FF8129EFAFE0B72107FC67984A6E2A8.jpg,,,,2026-03-18T23:59:59Z,PROSPECTUS,15,2,,,,
27695,5604260278060,300.0,PorSi,Aerossol Limpa Móveis 300 ml,,1.39,4.63,300,L,€/L,,,https://driveimg1.intermarche.com/pt/Content/images/boitmal/produit/zoom/8B013C3FCB2F8EBF6EDA9930E9F88D33.jpg,,,,2026-03-18T23:59:59Z,PROSPECTUS,15,2,,,,
33481,5604260285112,250.0,PorSi,Detergente Limpa Máquina da Roupa 250ml,,1.55,6.2,250,L,€/L,,,https://driveimg1.intermarche.com/pt/Content/images/boitmal/produit/zoom/34D56518FB0809E2A85FBAD383E5547D.jpg,,,,2026-03-18T23:59:59Z,PROSPECTUS,15,2,,,,
40743,5604260303236,2500.0,PorSi,"Batata Pré-frita Palitos Finos 2,5kg",Embalagem de 2.5 kg,4.49,1.8,0,kg,€/Kg,,Tipo de stockagem,https://driveimg1.intermarche.com/pt/Content/images/boitmal/produit/zoom/8FCE680DBB6DF44B98E9E496D2C58C08.jpg,,,,2026-03-18T23:59:59Z,PROSPECTUS,15,2,,,,
42019,5604260306398,500.0,PorSi,Iogurte Tipo Grego Maracujá 4x125g,,1.65,3.3,0,kg,€/Kg,,,https://driveimg1.intermarche.com/pt/Content/images/boitmal/produit/zoom/0161BD1FBB39AF016EB0BBE025FEDDC9.jpg,,,,2026-03-18T23:59:59Z,PROSPECTUS,15,2,,,,
43016,5601164862401,1200.0,Somersby,"Sidra com Álcool Maçã, emb. 6 x 20 cl",,4.49,3.74,1200,L,€/L,,,https://driveimg1.intermarche.com/pt/Content/images/boitmal/produit/zoom/FCDFBF5D64A9352BB7E6E300DF12194B.jpg,,,,2026-03-18T23:59:59Z,PROSPECTUS,15,2,,,,
43541,5604260309955,2000.0,PorSi,Amaciador Concentrado Floral 2l,,1.79,0.9,2000,L,€/L,,,https://driveimg1.intermarche.com/pt/Content/images/boitmal/produit/zoom/051755203CB0DF5DAB3A4311EAE749EB.jpg,,,,2026-03-18T23:59:59Z,PROSPECTUS,15,2,,,,
43546,5604260312207,1000.0,PorSi,Tira Nodoas Oxigénio Ativo Branqueador 1 kg,,2.69,2.69,0,kg,€/Kg,,,https://driveimg1.intermarche.com/pt/Content/images/boitmal/produit/zoom/63E1D594AAE9A64B72276792E811057C.jpg,,,,2026-03-18T23:59:59Z,PROSPECTUS,15,2,,,,
43659,5604260312665,275.0,PorSi,Pérolas Perfumadas Floral 275g,Embalagem de 275 g,2.99,10.87,0,kg,€/Kg,,,https://driveimg1.intermarche.com/pt/Content/images/boitmal/produit/zoom/818E4C4C5943171A63CAB38316104A99.jpg,,,,2026-03-18T23:59:59Z,PROSPECTUS,15,2,,,,
45697,5604260313426,,PorSi,Toalhitas Anti-transferência de Cores X20,,1.39,1.39,0,,€/Unidade,,,https://driveimg1.intermarche.com/pt/Content/images/boitmal/produit/zoom/7C3CC46A810762A8607DC19A2E089978.jpg,,,,2026-03-18T23:59:59Z,PROSPECTUS,15,2,,,,
46824,5603722518270,720.0,Mimosa,"Iogurte magro aroma multi sabores de morango/coco, 6x120g",,1.99,2.76,0,kg,€/Kg,,,https://driveimg1.intermarche.com/pt/Content/images/boitmal/produit/zoom/C1F13564A32ADE4727C9B834FE2B8090.jpg,,,,2026-03-18T23:59:59Z,PROSPECTUS,15,2,,,,
4783,5000396036091,218.0,McVities,"Bolachas fruit & form de frutos de bosques, emb. 218g",,1.99,9.13,0,kg,€/Kg,,,https://driveimg1.intermarche.com/pt/Content/images/boitmal/produit/zoom/5A07660780F6FA75A3C811D949B39846.jpg,,,,2026-03-18T23:59:59Z,PROSPECTUS,15,2,,,,
4785,5000396036138,218.0,McVities,"Bolachas fruit & form de maçã e canela, emb. 218g",,1.99,9.13,0,kg,€/Kg,,,https://driveimg1.intermarche.com/pt/Content/images/boitmal/produit/zoom/4769CC9B7DCE0DA17354265C7FF7343C.jpg,,,,2026-03-18T23:59:59Z,PROSPECTUS,15,2,,,,
48030,7613287495259,1020.0,Felix,"Fantastic seleção de peixes em gelatina, embalagem de 12x100g",,5.99,5.87,0,kg,€/Kg,,,https://driveimg1.intermarche.com/pt/Content/images/boitmal/produit/zoom/6C8C86286E27A01458DD382E5FE02A80.jpg,,,,2026-03-18T23:59:59Z,PROSPECTUS,15,2,,,,
48210,5604260323111,4300.0,PorSi,Detergente Máquina Sabão Natural 86d,,6.18,1.44,4300,L,€/L,,,https://driveimg1.intermarche.com/pt/Content/images/boitmal/produit/zoom/76EACB4A59BF656D1FBA0DCA4A1D2D29.jpg,,,,2026-03-18T23:59:59Z,PROSPECTUS,15,2,,,,
49097,5604260322817,2000.0,PorSi,Detergente Máquina Roupa Lavanda 40d,,4.79,2.4,2000,L,€/L,,,https://driveimg1.intermarche.com/pt/Content/images/boitmal/produit/zoom/A80DDC6C9ABC2D3952F31585A06F39B2.jpg,,,,2026-03-18T23:59:59Z,PROSPECTUS,15,2,,,,
50294,5604260325023,400.0,Labell Men,Gel de Banho e Champô Sensitive,400 ml,1.29,3.23,400,L,€/L,,,https://driveimg1.intermarche.com/pt/Content/images/boitmal/produit/zoom/5B9F96105CFA5DF095AE5220B7BEA7F8.jpg,,,,2026-03-18T23:59:59Z,PROSPECTUS,15,2,,,,
51182,5601217137272,720.0,Quanto,"Perfumador de roupa rosa, 36 doses",,3.49,4.85,720,L,€/L,,,https://driveimg1.intermarche.com/pt/Content/images/boitmal/produit/zoom/49C27F970394771F7D0DE5ACF0C1EA92.jpg,,,,2026-03-18T23:59:59Z,PROSPECTUS,15,2,,,,
52377,8720181385131,,Skip,Detergente Máquina Roupa Líquido Sabão Natural,100 Doses,12.99,12.99,0,,€/Unidade,,,https://driveimg1.intermarche.com/pt/Content/images/boitmal/produit/zoom/B7482844827C04E8BE654EF9B7B49DD3.jpg,,,,2026-03-18T23:59:59Z,PROSPECTUS,15,2,,,,
52880,8719200267794,450.0,Becel,"Creme vegetal de barrar com sabor a manteiga, 450g",,3.89,8.64,0,kg,€/Kg,,,https://driveimg1.intermarche.com/pt/Content/images/boitmal/produit/zoom/E2EFE8BE5E96AF9FCA9D840059BF696C.jpg,https://driveimg1.intermarche.com/pt/Content/images/boitmal/produit/zoom/287D301C66C180312FAA8A3BAE7EA710.jpg,https://driveimg1.intermarche.com/pt/Content/images/boitmal/produit/zoom/287D301C66C180312FAA8A3BAE7EA710.jpg,https://driveimg1.intermarche.com/pt/Content/images/boitmal/produit/zoom/287D301C66C180312FAA8A3BAE7EA710.jpg,2026-03-18T23:59:59Z,PROSPECTUS,15,2,,,,
53208,8719200268647,1000.0,Vaqueiro,"Creme vegetal culinária clássico, 1 kg",,2.99,2.99,0,kg,€/Kg,,,https://driveimg1.intermarche.com/pt/Content/images/boitmal/produit/zoom/0735A691FAA77E120C1E24086E19EA16.jpg,https://driveimg1.intermarche.com/pt/Content/images/boitmal/produit/zoom/DD9C237337ADB2608A1427FA94442244.jpg,https://driveimg1.intermarche.com/pt/Content/images/boitmal/produit/zoom/DD9C237337ADB2608A1427FA94442244.jpg,https://driveimg1.intermarche.com/pt/Content/images/boitmal/produit/zoom/DD9C237337ADB2608A1427FA94442244.jpg,2026-03-18T23:59:59Z,PROSPECTUS,15,2,,,,
54374,8435495842798,,A+,"Detergente Máquina Roupa Líquido Fresh Flowers, 56D",,8.99,8.99,0,,€/Unidade,,,https://driveimg1.intermarche.com/pt/Content/images/boitmal/produit/zoom/229F605C57CCF29A5FEDA8CCA020ADD9.jpg,,,,2026-03-18T23:59:59Z,PROSPECTUS,15,2,,,,
55018,5601027117303,430.0,Bimbo,"Pão de Forma com Côdea, emb. 430 gr",,1.59,3.7,0,kg,€/Kg,,,https://driveimg1.intermarche.com/pt/Content/images/boitmal/produit/zoom/8757FB8F05D49E0A715282DD0C0165A7.jpg,https://driveimg1.intermarche.com/pt/Content/images/boitmal/produit/zoom/4C17DB6C614697DA1B5FB0CE80A911CD.jpg,https://driveimg1.intermarche.com/pt/Content/images/boitmal/produit/zoom/4C17DB6C614697DA1B5FB0CE80A911CD.jpg,,2026-03-18T23:59:59Z,PROSPECTUS,15,2,,,,
56350,5604260334476,200.0,PorSi,Chouriço Carne Beiras 200g,,2.89,14.45,0,kg,€/Kg,,,https://driveimg1.intermarche.com/pt/Content/images/boitmal/produit/zoom/C6A8EEC9932C03E489B53AC4C39E6F0E.jpg,,,,2026-03-18T23:59:59Z,PROSPECTUS,15,2,,,,
57044,5604260333967,150.0,PorSi,Bloco Wc Multiativo Pinho 3x50g,,2.19,14.6,0,kg,€/Kg,,,https://driveimg1.intermarche.com/pt/Content/images/boitmal/produit/zoom/2C0E577A59183B64EC1AF56488492388.jpg,,,,2026-03-18T23:59:59Z,PROSPECTUS,15,2,,,,
6580,8412400193015,1000.0,Mr. Muscle,"Desentupidor Canos Gel, emb. 1 lt",,5.99,5.99,1000,L,€/L,,,https://driveimg1.intermarche.com/pt/Content/images/boitmal/produit/zoom/E4CBB8829ACC4E9939AAEA434FE9EF72.jpg,,,,2026-03-18T23:59:59Z,PROSPECTUS,15,2,,,,
8068,5011417544679,400.0,Finish,Abrilhantador p/ máquina de lavar loiça,Garrafa de 400 ml,4.99,12.48,400,L,€/L,,,https://driveimg1.intermarche.com/pt/Content/images/boitmal/produit/zoom/5D045CC65EE222532216DB5B0BF2A582.jpg,,,,2026-03-18T23:59:59Z,PROSPECTUS,15,2,,,,
8400,5601050033779,620.0,Danone,"Iogurte Líquido Bifidus Cereais Integrais, emb. 620 gr (4 x 155 gr)",,1.99,3.21,0,kg,€/Kg,,,https://driveimg1.intermarche.com/pt/Content/images/boitmal/produit/zoom/3AC3707CF655B8CC61D2C80E4828D7C8.jpg,,,,2026-03-18T23:59:59Z,PROSPECTUS,15,2,,,,
10823,2895063000000,250.0,Castelões,Queijo Curado kg,1 un = 250 gr  (aprox.),2.62,10.49,0,,€/Kg,,,https://driveimg1.intermarche.com/pt/Content/images/boitmal/produit/zoom/75B6363D9B6BD363EA11623977BF1CB2.jpg,,,,2026-03-18T23:59:59Z,PROSPECTUS,15,2,,,,
1187,5601119007963,120.0,Nobre,"Salsichas Frankfurt Originais Lata 6 un, emb. 120 gr",,1.04,8.67,0,kg,€/Kg,,,https://driveimg1.intermarche.com/pt/Content/images/boitmal/produit/zoom/024D21F90F760BFDC12CBD7EB02BECC6.jpg,,,,2026-03-18T23:59:59Z,PROSPECTUS,15,2,,,,
11974,5603722508752,200.0,Castelões,"Queijo em fatias original, embalagem de 200g",,2.19,10.95,0,kg,€/Kg,,,https://driveimg1.intermarche.com/pt/Content/images/boitmal/produit/zoom/9709716796DE3B121923F09B97DF17ED.jpg,,,,2026-03-18T23:59:59Z,PROSPECTUS,15,2,,,,
1272,5601151060254,500.0,Compal,"Tomate triturado, embalagem de 500g",,1.49,2.98,0,kg,€/Kg,,,https://driveimg1.intermarche.com/pt/Content/images/boitmal/produit/zoom/F73D2E34D160FB2C4040DA3AD1BBEF87.jpg,,,,2026-03-18T23:59:59Z,PROSPECTUS,15,2,,,,
13567,2893562000000,250.0,Marisco,Ameijoa Castanha Vietnamita Congelada,vendido ao peso a partir de 250 g,0.82,3.29,0,,€/Kg,,Avantages !,https://driveimg1.intermarche.com/pt/Content/images/boitmal/produit/zoom/33CC3279E2741F227440A7AFDC3AEEF9.jpg,,,,2026-03-18T23:59:59Z,PROSPECTUS,15,2,,,,
13869,2891126000000,1000.0,PorSi,Coelho inteiro,Vendido ao peso,6.59,6.59,0,,€/Kg,,,https://driveimg1.intermarche.com/pt/Content/images/boitmal/produit/zoom/52C51860E551A8D97DAB91398A81FDB2.jpg,,,,2026-03-18T23:59:59Z,PROSPECTUS,15,2,,,,
13981,2696138000000,60.0,Pastelaria,Pastel de Nata,60 g,0.33,5.5,0,kg,€/Kg,,,https://driveimg1.intermarche.com/pt/Content/images/boitmal/produit/zoom/EA9B10BF07D95E268418206A452F7022.jpg,,,,2026-03-18T23:59:59Z,PROSPECTUS,15,2,,,,
1437,5601260046101,1000.0,Saludães,Arroz Carolino,Embalagem de 1 kg,1.14,1.14,0,kg,€/Kg,,,https://driveimg1.intermarche.com/pt/Content/images/boitmal/produit/zoom/844734F94E64C7EE2E76F0FC068B9A4B.jpg,,,,2026-03-18T23:59:59Z,PROSPECTUS,15,2,,,,
14372,8712100599392,550.0,Calvé,"Ketchup Top Down sem Glúten, emb. 550 gr",,2.59,4.71,0,kg,€/Kg,,,https://driveimg1.intermarche.com/pt/Content/images/boitmal/produit/zoom/6D3218F33B22BC3205033BC41E176600.jpg,https://driveimg1.intermarche.com/pt/Content/images/boitmal/produit/zoom/FE7F103C359D2D1FD7BF3FDC8DD381BA.jpg,https://driveimg1.intermarche.com/pt/Content/images/boitmal/produit/zoom/FE7F103C359D2D1FD7BF3FDC8DD381BA.jpg,https://driveimg1.intermarche.com/pt/Content/images/boitmal/produit/zoom/FE7F103C359D2D1FD7BF3FDC8DD381BA.jpg,2026-03-18T23:59:59Z,PROSPECTUS,15,2,,,,
1491,5601363001168,120.0,Doritos,"Aperitivos tex mex, embalagem de 120g",,1.39,11.58,0,kg,€/Kg,,,https://driveimg1.intermarche.com/pt/Content/images/boitmal/produit/zoom/1053755FDFA8216E31D4BC77D22F56B2.jpg,,,,2026-03-18T23:59:59Z,PROSPECTUS,15,2,,,,
16780,8001480023307,700.0,Neoblanc,Gel WC Flores,Embalagem de 700 ml,1.49,2.13,700,L,€/L,,,https://driveimg1.intermarche.com/pt/Content/images/boitmal/produit/zoom/5D87D2909856E8874A999239B80A7102.jpg,,,,2026-03-18T23:59:59Z,PROSPECTUS,15,2,,,,
17114,5000116110148,320.0,Capitão Iglo,"4 hamburguers vaca sem glúten, embalagem de 320g",,5.99,18.72,0,kg,€/Kg,,Tipo de stockagem,https://driveimg1.intermarche.com/pt/Content/images/boitmal/produit/zoom/F31F98EC751272F860D1F790EE53DF35.jpg,,,,2026-03-18T23:59:59Z,PROSPECTUS,15,2,,,,
17189,5603344531107,110.0,General,"Atum em posta, em azeite, embalagem de 110g",,1.49,13.55,0,kg,€/Kg,,,https://driveimg1.intermarche.com/pt/Content/images/boitmal/produit/zoom/9B578FD57DAE66EA731A200412CF6D79.jpg,,,,2026-03-18T23:59:59Z,PROSPECTUS,15,2,,,,
17523,2891246000000,1000.0,Porco,Pá York c/ Osso c/ Couro,Vendido ao peso a partir de 1 kg,3.99,3.99,0,,€/Kg,,,https://driveimg1.intermarche.com/pt/Content/images/boitmal/produit/zoom/B1774B7150E1E65399A00A5F3DC93922.jpg,,,,2026-03-18T23:59:59Z,PROSPECTUS,15,2,,,,
20512,5601070000539,500.0,Cristal,"Vinagre de Sidra, emb. 500 ml",,1.15,2.3,500,L,€/L,,,https://driveimg1.intermarche.com/pt/Content/images/boitmal/produit/zoom/088D2E6C27D5043C18AD10EB75A50F4E.jpg,,,,2026-03-18T23:59:59Z,PROSPECTUS,15,2,,,,
21766,7613035487840,90.0,Nestlé,"Saqueta de Fruta Banana, Laranja e Bolacha +6M, emb. 90 gr",Embalagem de 90g,0.65,7.22,0,kg,€/Kg,,,https://driveimg1.intermarche.com/pt/Content/images/boitmal/produit/zoom/A8104E7B3738DD14CEF192706B16EFC4.jpg,,,,2026-03-18T23:59:59Z,PROSPECTUS,15,2,,,,
21767,7613035487871,90.0,Nestlé,"Saqueta de Fruta Multifrutas +6M, emb. 90 gr",,0.65,7.22,0,kg,€/Kg,,,https://driveimg1.intermarche.com/pt/Content/images/boitmal/produit/zoom/1B1A7DCEC52C23E2760C4FE3A24A75EE.jpg,,,,2026-03-18T23:59:59Z,PROSPECTUS,15,2,,,,
2272,5604260269990,397.0,PorSi,Leite Condensado Cozido 397g,,1.69,4.26,0,kg,€/Kg,,,https://driveimg1.intermarche.com/pt/Content/images/boitmal/produit/zoom/2D223FADDBD1ACBBF62ED2AF94FA335F.jpg,,,,2026-03-18T23:59:59Z,PROSPECTUS,15,2,,,,
23524,5000204922851,750.0,Pato,"Abrasivo Sanitário Gel Extra Power com Lixívia Marinho, emb. 750 ml",,1.69,2.25,750,L,€/L,,,https://driveimg1.intermarche.com/pt/Content/images/boitmal/produit/zoom/60268FF4016AF8FBA52DB6A9A88D181B.jpg,,,,2026-03-18T23:59:59Z,PROSPECTUS,15,2,,,,
25214,7613035930551,90.0,Nestlé,"Saqueta de Fruta Maçã, Banana e Morango +8M, emb. 90 gr",,0.65,7.22,0,kg,€/Kg,,,https://driveimg1.intermarche.com/pt/Content/images/boitmal/produit/zoom/A2E1B043C34553B91FFED35123D220EC.jpg,,,,2026-03-18T23:59:59Z,PROSPECTUS,15,2,,,,
25706,8411660670229,750.0,Sanytol,Desinfetante p/ WC,Embalagem de 750 ml,2.49,3.32,750,L,€/L,,,https://driveimg1.intermarche.com/pt/Content/images/boitmal/produit/zoom/D105B4A8ECD800E2D1E3546D9AD3B145.jpg,,,,2026-03-18T23:59:59Z,PROSPECTUS,15,2,,,,
25861,5603722509759,800.0,Mimosa,"Leite com chocolate, embalagem de 4 x 200 ml",,1.6,2.0,800,L,€/L,,,https://driveimg1.intermarche.com/pt/Content/images/boitmal/produit/zoom/4FE9754297F54084EBC31D72FBB55E4F.jpg,,,,2026-03-18T23:59:59Z,PROSPECTUS,15,2,,,,
26177,5603722514470,1000.0,Matinal,"Leite seleccionado leve, de 1l",,1.1,1.1,1000,L,€/L,,,https://driveimg1.intermarche.com/pt/Content/images/boitmal/produit/zoom/3414EC19C8611CE7E0D99781254117D1.jpg,,,,2026-03-18T23:59:59Z,PROSPECTUS,15,2,,,,
32063,8712423038844,33.0,Knorr,"Strogonoff 1, 2, 3...sabor!, embalagem de 33 g",,0.99,30.0,0,kg,€/Kg,,,https://driveimg1.intermarche.com/pt/Content/images/boitmal/produit/zoom/4A8045759567B372AE215D4B257F03A8.jpg,,,,2026-03-18T23:59:59Z,PROSPECTUS,15,2,,,,
33021,5601260048105,1000.0,Saludães,"Arroz basmati, embalagem de 1 kg",,2.49,2.49,0,kg,€/Kg,,,https://driveimg1.intermarche.com/pt/Content/images/boitmal/produit/zoom/69B2912DAB5813399DDCD1424E089110.jpg,,,,2026-03-18T23:59:59Z,PROSPECTUS,15,2,,,,
33884,2893837000000,1500.0,Peixaria,Peixe espada preto inteiro,Vendido ao peso,13.49,8.99,0,,€/Kg,,,https://driveimg1.intermarche.com/pt/Content/images/boitmal/produit/zoom/0C1CA3DE6B16A13335042AAFE1F612D6.jpg,,,,2026-03-18T23:59:59Z,PROSPECTUS,15,2,,,,
34224,8411135670198,1200.0,Sanytol,"Lava tudo desifetante de pavimentos e superfícies, 1.2 l",,2.49,2.08,1200,L,€/L,,,https://driveimg1.intermarche.com/pt/Content/images/boitmal/produit/zoom/FFDC9462F2240C684CC4CB1BCC1C6604.jpg,,,,2026-03-18T23:59:59Z,PROSPECTUS,15,2,,,,
36186,8715700017006,570.0,Heinz,"Ketchup top down, 570g",,3.24,5.68,0,kg,€/Kg,,,https://driveimg1.intermarche.com/pt/Content/images/boitmal/produit/zoom/61C6EABD68232C332B75678207D54C3E.jpg,,,,2026-03-18T23:59:59Z,PROSPECTUS,15,2,,,,
36657,5601217132673,500.0,Cillitbang,"Spray lixívia e higiene, de 500 ml",,2.49,4.98,500,L,€/L,,,https://driveimg1.intermarche.com/pt/Content/images/boitmal/produit/zoom/D9B27A41A222F2F218026715A414F2D0.jpg,,,,2026-03-18T23:59:59Z,PROSPECTUS,15,2,,,,
37443,7613037040869,250.0,Nestum,"Nestum Espelta e Aveia Zero +3A, emb. 250 gr",,2.24,8.96,0,kg,€/Kg,,,https://driveimg1.intermarche.com/pt/Content/images/boitmal/produit/zoom/BF80E2BF1A95765256612BEC5A65D8DD.jpg,,,,2026-03-18T23:59:59Z,PROSPECTUS,15,2,,,,
37948,5601217132697,500.0,Cillitbang,"Spray limpeza casa de banho, embalagem de 500 ml",,2.49,4.98,500,L,€/L,,,https://driveimg1.intermarche.com/pt/Content/images/boitmal/produit/zoom/62E5A8E0A6D5CF81B7A29AA6D1070117.jpg,,,,2026-03-18T23:59:59Z,PROSPECTUS,15,2,,,,
37989,8410063071206,1000.0,Pescanova,"Tiras de Pota Panadas, emb. 1 kg",,7.99,7.99,0,kg,€/Kg,,Tipo de stockagem,https://driveimg1.intermarche.com/pt/Content/images/boitmal/produit/zoom/05601F6E04A5D43B974FEF47AA3F0757.jpg,,,,2026-03-18T23:59:59Z,PROSPECTUS,15,2,,,,
41226,5601050036572,440.0,Danone,"Oikos morango, embalagem de 4 x 110g",,1.89,4.3,0,kg,€/Kg,,,https://driveimg1.intermarche.com/pt/Content/images/boitmal/produit/zoom/2653493E2B1190B7D8AE6B95BAB9D958.jpg,,,,2026-03-18T23:59:59Z,PROSPECTUS,15,2,,,,
43545,5604260312214,1000.0,PorSi,Tira Nódoas Oxigénio Ativo Cores 1 kg,,2.69,2.69,0,kg,€/Kg,,,https://driveimg1.intermarche.com/pt/Content/images/boitmal/produit/zoom/5482BA1E615143E188130D88B6D38FB0.jpg,https://driveimg1.intermarche.com/pt/Content/images/boitmal/produit/zoom/942F29948AD682E90D2F3C7D5195DFAE.jpg,https://driveimg1.intermarche.com/pt/Content/images/boitmal/produit/zoom/942F29948AD682E90D2F3C7D5195DFAE.jpg,https://driveimg1.intermarche.com/pt/Content/images/boitmal/produit/zoom/942F29948AD682E90D2F3C7D5195DFAE.jpg,2026-03-18T23:59:59Z,PROSPECTUS,15,2,,,,
438,8722700140139,20.0,Lipton,"20 saquetas infusão de cidreira, embalagem de 20g",,1.59,79.5,0,kg,€/Kg,,,https://driveimg1.intermarche.com/pt/Content/images/boitmal/produit/zoom/75772B648D442A3C0BB5D4E8A4601B76.jpg,,,,2026-03-18T23:59:59Z,PROSPECTUS,15,2,,,,
44797,5601151971444,1000.0,Pepsi,"Refrigerante com gás lima, garrafa de 1l",,0.99,0.99,1000,L,€/L,,,https://driveimg1.intermarche.com/pt/Content/images/boitmal/produit/zoom/F6139B7864676362B5646663C891FB0D.jpg,,,,2026-03-18T23:59:59Z,PROSPECTUS,15,2,,,,
44902,5601286248787,500.0,Milaneza,"Massa conchas, 500g",,0.97,1.94,0,kg,€/Kg,,,https://driveimg1.intermarche.com/pt/Content/images/boitmal/produit/zoom/47B035D4D71BAB8FACEBBDD297C9B9B8.jpg,,,,2026-03-18T23:59:59Z,PROSPECTUS,15,2,,,,
49329,5603722501937,800.0,Mimosa,"Leite magro com chocolate, 4 x 200 ml",,1.92,2.4,800,L,€/L,,,https://driveimg1.intermarche.com/pt/Content/images/boitmal/produit/zoom/A3C8DD22A1174D7DB1F7255C4D4FE4CC.jpg,,,,2026-03-18T23:59:59Z,PROSPECTUS,15,2,,,,
52156,5604260326303,400.0,PorSi,Detergente Máquina Loiça Gel Td1 22pastilhas,Embalagem de 22 unidades,3.29,8.23,0,kg,€/Kg,,,https://driveimg1.intermarche.com/pt/Content/images/boitmal/produit/zoom/57874C97E6D4F782754819EFF227F2F0.jpg,,,,2026-03-18T23:59:59Z,PROSPECTUS,15,2,,,,
52297,3023290072134,160.0,Lindahls,"Iogurte sólido proteico pêssego maracujá, embalagem de 160 g",,0.99,6.19,0,kg,€/Kg,,,https://driveimg1.intermarche.com/pt/Content/images/boitmal/produit/zoom/8E044D245812210B87881DDCE4C62971.jpg,,,,2026-03-18T23:59:59Z,PROSPECTUS,15,2,,,,
52362,5604260330508,375.0,PorSi,Pão Cachorro 375 G,,1.09,2.91,0,kg,€/Kg,,,https://driveimg1.intermarche.com/pt/Content/images/boitmal/produit/zoom/F32D92C56FEFFE0160A12B178932409C.jpg,,,,2026-03-18T23:59:59Z,PROSPECTUS,15,2,,,,
52600,5601217137951,1710.0,Quanto,"Amaciador roupa concentrado ouro e orquídea branca, 95 doses",,3.98,2.33,1710,L,€/L,,,https://driveimg1.intermarche.com/pt/Content/images/boitmal/produit/zoom/D5BBE20226E42754DBBAD723FC764C65.jpg,,,,2026-03-18T23:59:59Z,PROSPECTUS,15,2,,,,
53673,5054563165008,75.0,Sensodyne,"Pasta de Dentes Sensibilidade, Gengivas e Esmalte",Embalagem de 75ml,3.96,52.8,75,L,€/L,,,https://driveimg1.intermarche.com/pt/Content/images/boitmal/produit/zoom/F5ABBB429E7224E38F564855CA9B1B26.jpg,https://driveimg1.intermarche.com/pt/Content/images/boitmal/produit/zoom/1C6D3DA6400E71115D7D0C249255C6E4.jpg,https://driveimg1.intermarche.com/pt/Content/images/boitmal/produit/zoom/1C6D3DA6400E71115D7D0C249255C6E4.jpg,https://driveimg1.intermarche.com/pt/Content/images/boitmal/produit/zoom/1C6D3DA6400E71115D7D0C249255C6E4.jpg,2026-03-18T23:59:59Z,PROSPECTUS,15,2,https://driveimg1.intermarche.com/pt/Content/images/boitmal/produit/zoom/1C6D3DA6400E71115D7D0C249255C6E4.jpg,https://driveimg1.intermarche.com/pt/Content/images/boitmal/produit/zoom/1C6D3DA6400E71115D7D0C249255C6E4.jpg,,
53759,8435495833864,4050.0,Gama,Detergente Máquina Roupa Líquido Floral,Embalagem de 90 Doses,9.99,2.47,4050,L,€/L,,,https://driveimg1.intermarche.com/pt/Content/images/boitmal/produit/zoom/E1E291536BF780CF5BF8B661E6DDC660.jpg,https://driveimg1.intermarche.com/pt/Content/images/boitmal/produit/zoom/B1444808EE37FB337A50B68241AE2CB7.jpg,https://driveimg1.intermarche.com/pt/Content/images/boitmal/produit/zoom/B1444808EE37FB337A50B68241AE2CB7.jpg,,2026-03-18T23:59:59Z,PROSPECTUS,15,2,,,,
53887,5604260328642,250.0,PorSi,Salsichas Frankfurt Lata 10 Unidades,,1.19,4.76,0,kg,€/Kg,,,https://driveimg1.intermarche.com/pt/Content/images/boitmal/produit/zoom/958C25AF6C5BB6C112B5B51BF3629B73.jpg,,,,2026-03-18T23:59:59Z,PROSPECTUS,15,2,,,,
54238,8720182878632,500.0,Cif,"Spray ultra desengordurante, 500ml",,2.19,4.38,500,L,€/L,,,https://driveimg1.intermarche.com/pt/Content/images/boitmal/produit/zoom/F7B6360115905FDA67B8B79B6475E1A8.jpg,,,,2026-03-18T23:59:59Z,PROSPECTUS,15,3,,,,
54349,5601217138040,1332.0,Quanto,"Amaciador roupa concentrado ametista e íris, 74d",,2.99,2.24,1332,L,€/L,,,https://driveimg1.intermarche.com/pt/Content/images/boitmal/produit/zoom/AA97CA06C6A5E4D6FDDA513779ACDB8A.jpg,,,,2026-03-18T23:59:59Z,PROSPECTUS,15,3,,,,
54538,8006540763582,,Fairy,"Detergente Máquina Loiça Pastilhas Original Tudo em 1 Limão, 71D",,12.99,12.99,0,,€/Unidade,,,https://driveimg1.intermarche.com/pt/Content/images/boitmal/produit/zoom/937EB01E1BF93392425BD6CC2ABF2650.jpg,,,,2026-03-18T23:59:59Z,PROSPECTUS,15,3,,,,
54616,8700216322089,,Fairy,"Detergente Máquina Loiça Pastilhas Platinum Plus Tudo em 1 Limão, 30D",,8.99,8.99,0,,€/Unidade,,,https://driveimg1.intermarche.com/pt/Content/images/boitmal/produit/zoom/094A75AC8A071DA408FC35BE073E31DE.jpg,,,,2026-03-18T23:59:59Z,PROSPECTUS,15,3,,,,
54736,5601164906181,4800.0,Somersby,"Sidra com Álcool Maçã, emb. 24 x 20 cl",,14.99,3.12,4800,L,€/L,,,https://driveimg1.intermarche.com/pt/Content/images/boitmal/produit/zoom/0DBD53F924B92D1882681208CC1C9705.jpg,,,,2026-03-18T23:59:59Z,PROSPECTUS,15,3,,,,
54870,8700216609616,450.0,Fairy,"Detergente Manual Loiça Maxi Poder Limão, 450ml",,2.99,6.64,450,L,€/L,,,https://driveimg1.intermarche.com/pt/Content/images/boitmal/produit/zoom/81D44E99D044577B7484666755EA0354.jpg,,,,2026-03-18T23:59:59Z,PROSPECTUS,15,3,,,,
55022,8711327624917,280.0,Magnum,"Gelado After Dinner, 8 x 35ml",,4.19,14.96,280,L,€/L,,Tipo de stockagem,https://driveimg1.intermarche.com/pt/Content/images/boitmal/produit/zoom/01E85D0D7CFD27050DD90D8BA136172A.jpg,,,,2026-03-18T23:59:59Z,PROSPECTUS,15,3,,,,
55099,5000116127351,600.0,Iglo,"Crocante de Frango Cordon Bleu, 600g",,9.99,16.65,0,kg,€/Kg,,Tipo de stockagem,https://driveimg1.intermarche.com/pt/Content/images/boitmal/produit/zoom/1257F760893EF5376CD3646B7D226BD2.jpg,,,,2026-03-18T23:59:59Z,PROSPECTUS,15,3,,,,
55277,8445291100121,,Buondi,"Cápsulas de Café Original Int 8, emb. 36 un",,11.99,11.99,36,,€/Unidade,,,https://driveimg1.intermarche.com/pt/Content/images/boitmal/produit/zoom/BB79C184B1FC36D63BFFB2DFA1361274.jpg,,,,2026-03-18T23:59:59Z,PROSPECTUS,15,3,,,,
55354,8410063095202,1200.0,Pescanova,"Barrinhas de Pescada sem Glúten, emb. 1,2 kg (36 a 40 un)",,7.99,6.66,0,kg,€/Kg,,Tipo de stockagem,https://driveimg1.intermarche.com/pt/Content/images/boitmal/produit/zoom/D2F57A76EACAFAE8D2E905FFD81B787B.jpg,,,,2026-03-18T23:59:59Z,PROSPECTUS,15,3,,,,
56197,5604260330881,289.0,PorSi,Molho para Hambúrguer Top Down 289g,,1.79,6.19,0,kg,€/Kg,,,https://driveimg1.intermarche.com/pt/Content/images/boitmal/produit/zoom/6D2354E4D1956AB9CC644B90817E399C.jpg,,,,2026-03-18T23:59:59Z,PROSPECTUS,15,3,,,,
56290,5604260336708,450.0,PorSi,Marmelada 450g,,1.49,3.31,0,kg,€/Kg,,,https://driveimg1.intermarche.com/pt/Content/images/boitmal/produit/zoom/94BCDDFCA0846A4FAC0F2CA762310E1A.jpg,,,,2026-03-18T23:59:59Z,PROSPECTUS,15,3,,,,
56542,5604260334674,125.0,Labell,Pasta de Dentes Proteçao Contra As Caries 125 ml,,1.15,9.2,125,L,€/L,,,https://driveimg1.intermarche.com/pt/Content/images/boitmal/produit/zoom/EFFC4A554B5F837EFBD12A16AFA7BD8C.jpg,,,,2026-03-18T23:59:59Z,PROSPECTUS,15,3,,,,
56997,5604260333431,510.0,PorSi,Detergente Máquina Roupa Lavanda 30 Caps,,4.89,9.59,510,L,€/L,,,https://driveimg1.intermarche.com/pt/Content/images/boitmal/produit/zoom/700E51B9C41BC753ADC9392BBA88035C.jpg,,,,2026-03-18T23:59:59Z,PROSPECTUS,15,3,,,,
57227,5000116129485,240.0,Iglo,"Filetes de Peixe e Polme Crocante, emb. 240 gr (2 un)",,2.99,12.46,0,kg,€/Kg,,Tipo de stockagem,https://driveimg1.intermarche.com/pt/Content/images/boitmal/produit/zoom/42A23C4832457099FF4C55208A78BD64.jpg,,,,2026-03-18T23:59:59Z,PROSPECTUS,15,3,,,,
57467,5604260342235,1000.0,Páturages,Iogurte Líquido Morango 1kg/ 944ml,,1.65,1.65,1000,L,€/L,,,https://driveimg1.intermarche.com/pt/Content/images/boitmal/produit/zoom/35189DB2C7DC23A72CA07237CDC40AFF.jpg,,,,2026-03-18T23:59:59Z,PROSPECTUS,15,3,,,,
57526,5604260342822,134.0,Chabrior,Gelatina Ananás 2 X 67g,,0.89,6.64,0,kg,€/Kg,,,https://driveimg1.intermarche.com/pt/Content/images/boitmal/produit/zoom/34646F1DE62230F0ADF4B556B591538A.jpg,,,,2026-03-18T23:59:59Z,PROSPECTUS,15,3,,,,
57784,5604260339242,1080.0,PorSi,Pack Poupança Puré de Fruta - Maça/banana/morango 12x90g,,6.49,6.01,0,kg,€/Kg,,,https://driveimg1.intermarche.com/pt/Content/images/boitmal/produit/zoom/ECFE48E50399490A9A0432E2F4A1BBE6.jpg,,,,2026-03-18T23:59:59Z,PROSPECTUS,15,3,,,,
57785,5604260339259,1080.0,PorSi,Pack Poupança Puré de Fruta - Multi Fruta 12x90g,,6.49,6.01,0,kg,€/Kg,,,https://driveimg1.intermarche.com/pt/Content/images/boitmal/produit/zoom/1E02DE9C7A13BEE12C5EFC5F8946C668.jpg,,,,2026-03-18T23:59:59Z,PROSPECTUS,15,3,,,,
6806,8712561425858,540.0,Omo,"Detergente manual de roupa, embalagem de 540g",,2.49,4.61,0,kg,€/Kg,,,https://driveimg1.intermarche.com/pt/Content/images/boitmal/produit/zoom/6FACCF52AA957507D9B64D3327947646.jpg,,,,2026-03-18T23:59:59Z,PROSPECTUS,15,3,,,,
1014,5601043111149,1000.0,Espiga,"Farinha sem fermento tipo 65, embalagem de 1 kg",,1.29,1.29,0,kg,€/Kg,,,https://driveimg1.intermarche.com/pt/Content/images/boitmal/produit/zoom/0956112EF7C4C6A7364E7D84CAC59686.jpg,,,,2026-03-18T23:59:59Z,PROSPECTUS,15,3,,,,
10512,8435250439577,232.0,Nestlé,"Iogurte Mix-In Cereais Nesquik Infantil, emb. 232 gr (2 x 116 gr)",,2.19,9.44,0,kg,€/Kg,,,https://driveimg1.intermarche.com/pt/Content/images/boitmal/produit/zoom/6C2207480393D760FBF1824B2B4CD877.jpg,,,,2026-03-18T23:59:59Z,PROSPECTUS,15,3,,,,
10859,3023290400395,230.0,Nestlé,"Iogurte mix in kit kat, embalagem de 2 x 115g",,2.19,9.52,0,kg,€/Kg,,,https://driveimg1.intermarche.com/pt/Content/images/boitmal/produit/zoom/46A338E8D7EAC63B8EF63808F7DF5998.jpg,,,,2026-03-18T23:59:59Z,PROSPECTUS,15,3,,,,
10943,3250390679653,250.0,Páturages,Queijo Mascarpone 250g,Embalagem 250G,1.99,7.96,0,kg,€/Kg,,,https://driveimg1.intermarche.com/pt/Content/images/boitmal/produit/zoom/7BF95190459CB8AA8642905249F654FA.jpg,,,,2026-03-18T23:59:59Z,PROSPECTUS,15,3,,,,
11465,5601018003608,1000.0,Matinal,"Leite seleccionado magro, de 1l",,1.0,1.0,1000,L,€/L,,,https://driveimg1.intermarche.com/pt/Content/images/boitmal/produit/zoom/F46A1F399BBA63407EB01F30929F5649.jpg,,,,2026-03-18T23:59:59Z,PROSPECTUS,15,3,,,,
11523,5601051410029,250.0,Primor,"Manteiga com sal, 250g",,2.19,8.76,0,kg,€/Kg,,,https://driveimg1.intermarche.com/pt/Content/images/boitmal/produit/zoom/6515E45A6FB2F6024F4DECB68FB265B3.jpg,,,,2026-03-18T23:59:59Z,PROSPECTUS,15,3,,,,
11671,5601217126382,1650.0,Woolite,Detergente líquido p/ máquina lavar roupa cores,"Garrafa de 1,65 l",6.99,4.24,1650,L,€/L,,,https://driveimg1.intermarche.com/pt/Content/images/boitmal/produit/zoom/8C38ED746381E210259B37EA8CABFD0A.jpg,,,,2026-03-18T23:59:59Z,PROSPECTUS,15,3,,,,
1191,5601119009660,180.0,Nobre,"Salsichas Cocktail Lata, emb. 180 gr",,1.79,9.94,0,kg,€/Kg,,,https://driveimg1.intermarche.com/pt/Content/images/boitmal/produit/zoom/FEBC979069AC159E9B8E5F8DD02E763D.jpg,,,,2026-03-18T23:59:59Z,PROSPECTUS,15,3,,,,
12000,5604260000470,200.0,PorSi,Bolachas Cream Cracker 200g,,0.65,3.25,0,kg,€/Kg,,,https://driveimg1.intermarche.com/pt/Content/images/boitmal/produit/zoom/F34FFDA0DB986A83439412840B3DB453.jpg,,,,2026-03-18T23:59:59Z,PROSPECTUS,15,3,,,,
12286,8001480020696,2000.0,Neoblanc,Lixívia para roupa delicada,Embalagem de 2 l,5.39,2.7,2000,L,€/L,,,https://driveimg1.intermarche.com/pt/Content/images/boitmal/produit/zoom/AA134EE88CA0DF0986A964941E1C5878.jpg,,,,2026-03-18T23:59:59Z,PROSPECTUS,15,3,,,,
12287,8001480020740,1000.0,Neoblanc,Lixívia para roupa delicada,Embalagem de 1 l,2.54,2.54,1000,L,€/L,,,https://driveimg1.intermarche.com/pt/Content/images/boitmal/produit/zoom/B1AA92884F53E1F3150553EF5EFC8256.jpg,,,,2026-03-18T23:59:59Z,PROSPECTUS,15,3,,,,
12707,3387390326574,375.0,Nestlé,"Cereais cookie crisp, emb. 375g",,2.98,7.95,0,kg,€/Kg,,,https://driveimg1.intermarche.com/pt/Content/images/boitmal/produit/zoom/C3C9F6F83B5C3B2A5598C75459ACC4A8.jpg,,,,2026-03-18T23:59:59Z,PROSPECTUS,15,3,,,,
12897,2893292000000,400.0,Programa Origens,Robalo de Viveiro,1 un= 400 gr (aprox.),3.6,8.99,0,,€/Kg,,,https://driveimg1.intermarche.com/pt/Content/images/boitmal/produit/zoom/A18AB1106CC04B724D3EE606D0927341.jpg,,,,2026-03-18T23:59:59Z,PROSPECTUS,15,3,,,,
1305,5601151862155,500.0,Compal,Polpa de tomate 500g,,1.19,2.38,0,kg,€/Kg,,,https://driveimg1.intermarche.com/pt/Content/images/boitmal/produit/zoom/D9FD9B4F4905971874C5E4127C57C62E.jpg,,,,2026-03-18T23:59:59Z,PROSPECTUS,15,3,,,,
13957,2891233000000,100.0,Aves,Salsicha Fresca de Aves,1 un = 100 gr (aprox.),0.55,5.49,0,,€/Kg,,,https://driveimg1.intermarche.com/pt/Content/images/boitmal/produit/zoom/9A6B7B21AB27619CD3F26BA987D543CD.jpg,,,,2026-03-18T23:59:59Z,PROSPECTUS,15,3,,,,
14490,5604260273584,1000.0,PorSi,Corn Flakes 1 kg,,2.99,2.99,0,kg,€/Kg,,,https://driveimg1.intermarche.com/pt/Content/images/boitmal/produit/zoom/3EF873C3D07412E04ADAF72EA17EF40E.jpg,,,,2026-03-18T23:59:59Z,PROSPECTUS,15,3,,,,
1458,5601286220783,500.0,Milaneza,"Massa de cotovelos grossos, embalagem de 500g",,0.97,1.94,0,kg,€/Kg,,,https://driveimg1.intermarche.com/pt/Content/images/boitmal/produit/zoom/D93D679931815D69DD3322F399FB1B55.jpg,,,,2026-03-18T23:59:59Z,PROSPECTUS,15,3,,,,
1460,5601286222787,500.0,Milaneza,"Massa Cotovelinhos, emb. 500 gr",,0.97,1.94,0,kg,€/Kg,,,https://driveimg1.intermarche.com/pt/Content/images/boitmal/produit/zoom/49B04C2917E036F30360190A48027326.jpg,,,,2026-03-18T23:59:59Z,PROSPECTUS,15,3,,,,
14698,7613034570512,90.0,Nestlé,"Fruta para bebé 4 frutas +4 meses, embalagem de 90g",,0.65,7.22,0,kg,€/Kg,,,https://driveimg1.intermarche.com/pt/Content/images/boitmal/produit/zoom/3717C2AF583A80AD83A765BB8032F767.jpg,,,,2026-03-18T23:59:59Z,PROSPECTUS,15,3,,,,
15125,2895006000000,150.0,Terra Nostra,Queijo Flamengo em Barra,1 un = 150 gr (aprox.),1.39,9.29,0,,€/Kg,,,https://driveimg1.intermarche.com/pt/Content/images/boitmal/produit/zoom/BF84618CA37316EE2612494B15F423CC.jpg,,,,2026-03-18T23:59:59Z,PROSPECTUS,15,3,,,,
15810,3094900059593,75.0,Aquafresh,Pasta Dentífrica Menta Suave,Embalagem de 75 ml,1.84,24.53,75,L,€/L,,,https://driveimg1.intermarche.com/pt/Content/images/boitmal/produit/zoom/23BC1431AAB789532FD2967AA69D21DC.jpg,,,,2026-03-18T23:59:59Z,PROSPECTUS,15,3,,,,
16493,8718951037939,500.0,Ajax,"Limpa vidros pistola, cristal, embalagem de 500 ml",,1.97,3.94,500,L,€/L,,,https://driveimg1.intermarche.com/pt/Content/images/boitmal/produit/zoom/B2152E81252C8B3ECCDB87063FC44E64.jpg,,,,2026-03-18T23:59:59Z,PROSPECTUS,15,3,,,,
16706,5601260592608,67.0,Cigala,"Noodle banzai carne, embalagem de 70g",,1.09,16.27,0,kg,€/Kg,,,https://driveimg1.intermarche.com/pt/Content/images/boitmal/produit/zoom/2DF3B6D54085EDFA264F2C6DE193CF97.jpg,,,,2026-03-18T23:59:59Z,PROSPECTUS,15,3,,,,
16919,8718951037878,500.0,Ajax,"Limpa vidros cristal recarga, 500 ml",,1.79,3.58,500,L,€/L,,,https://driveimg1.intermarche.com/pt/Content/images/boitmal/produit/zoom/347189FDE440F5C76849CD3F7F37CA5B.jpg,,,,2026-03-18T23:59:59Z,PROSPECTUS,15,3,,,,
18024,2696283000000,250.0,Pastelaria,"Baguete Constance Cereais, 250 g",,1.09,4.36,0,kg,€/Kg,,,https://driveimg1.intermarche.com/pt/Content/images/boitmal/produit/zoom/CA22C31024FFE026D063A83A78526055.jpg,,,,2026-03-18T23:59:59Z,PROSPECTUS,15,3,,,,
20263,5000116110889,180.0,Iglo,"Crocantes de frango original, embalagem de 180g",,3.99,22.17,0,kg,€/Kg,,Tipo de stockagem,https://driveimg1.intermarche.com/pt/Content/images/boitmal/produit/zoom/9B2BC0EEC5724C42D02D0AAA44CCBB50.jpg,,,,2026-03-18T23:59:59Z,PROSPECTUS,15,3,,,,
20354,5601045001318,1500.0,Sumol,"Refrigerante com gás de maracujá, 1,5L",,1.29,0.86,1500,L,€/L,,,https://driveimg1.intermarche.com/pt/Content/images/boitmal/produit/zoom/5C18444DCE9CAD39D8FB3FF37DA42976.jpg,,,,2026-03-18T23:59:59Z,PROSPECTUS,15,3,,,,
20988,5601260593605,67.0,Cigala,"Noodle banzai galinha, embalagem de 70g",,1.09,16.27,0,kg,€/Kg,,,https://driveimg1.intermarche.com/pt/Content/images/boitmal/produit/zoom/9C6B10C28BF59658EB32924AEEC286BA.jpg,,,,2026-03-18T23:59:59Z,PROSPECTUS,15,3,,,,
2178,5604260263868,65.0,PorSi,Paté Atum 65g,,0.79,12.15,0,kg,€/Kg,,,https://driveimg1.intermarche.com/pt/Content/images/boitmal/produit/zoom/7E193678B5EBB95EB876A8083FF092BB.jpg,,,,2026-03-18T23:59:59Z,PROSPECTUS,15,3,,,,
22307,5601019012647,390.0,Guloso,"Tomate em pedaços, embalagem de 390g",,1.44,3.69,0,kg,€/Kg,,,https://driveimg1.intermarche.com/pt/Content/images/boitmal/produit/zoom/85FEDF14479D5ED36078754920648A80.jpg,,,,2026-03-18T23:59:59Z,PROSPECTUS,15,3,,,,
22955,3045200760009,500.0,Sanytol,"Desinfetante para Roupa, 500ml",,2.64,5.28,500,L,€/L,,,https://driveimg1.intermarche.com/pt/Content/images/boitmal/produit/zoom/932FDF72A4293CF6B46E5DCF125CBB20.jpg,,,,2026-03-18T23:59:59Z,PROSPECTUS,15,3,,,,
25153,5000146400042,750.0,Harpic,"Líquido wc duraguard pinho da montanha, de 750 ml",,1.99,2.65,750,L,€/L,,,https://driveimg1.intermarche.com/pt/Content/images/boitmal/produit/zoom/60482C1A42B437AF7EE7BE6BA2170110.jpg,,,,2026-03-18T23:59:59Z,PROSPECTUS,15,3,,,,
25262,5000116112166,208.0,Capitão Iglo,"10 nuggets de frango, embalagem de 210g",,2.99,14.38,0,kg,€/Kg,,Tipo de stockagem,https://driveimg1.intermarche.com/pt/Content/images/boitmal/produit/zoom/CF1467DF1CD91C352F5C2C303E0557A7.jpg,,,,2026-03-18T23:59:59Z,PROSPECTUS,15,3,,,,
25275,5775345121578,700.0,Sunquick,"Concentrado Laranja, garrafa 70 cl",Garrafa de 700 ml,6.15,8.79,700,L,€/L,,,https://driveimg1.intermarche.com/pt/Content/images/boitmal/produit/zoom/60CE4BBE254D671FC1E542A0A73849E2.jpg,,,,2026-03-18T23:59:59Z,PROSPECTUS,15,3,,,,
2672,8410000002904,128.0,Chips Ahoy!,Bolachas chips ahoy,Embalagem de 128g,1.69,13.2,0,kg,€/Kg,,,https://driveimg1.intermarche.com/pt/Content/images/boitmal/produit/zoom/BD589AC15D17690FDC8560DC4300A108.jpg,,,,2026-03-18T23:59:59Z,PROSPECTUS,15,3,,,,
28063,5603722516726,130.0,Primor,Manteiga s/ lactose,Embalagem de 130g,1.88,14.46,0,kg,€/Kg,,Produtos Bio,https://driveimg1.intermarche.com/pt/Content/images/boitmal/produit/zoom/34F1B20CE191519273B27FBF452F5B33.jpg,,,,2026-03-18T23:59:59Z,PROSPECTUS,15,3,,,,
29374,5601146530304,500.0,Bandida do Pomar,"Sidra com Álcool Maçã, emb. 50 cl",,1.24,2.48,500,L,€/L,,,https://driveimg1.intermarche.com/pt/Content/images/boitmal/produit/zoom/BCB2E29A160CFF6D3AE7FEB90426D1E6.jpg,,,,2026-03-18T23:59:59Z,PROSPECTUS,15,3,,,,
31194,5600826203064,1000.0,Prozis,"Manteiga de Amendoim, emb. 1 kg",,6.89,6.89,0,kg,€/Kg,,,https://driveimg1.intermarche.com/pt/Content/images/boitmal/produit/zoom/E93C31A3BE125F97950BDB4C263E77D4.jpg,,,,2026-03-18T23:59:59Z,PROSPECTUS,15,3,,,,
32545,5601119261402,180.0,Nobre,"Salsichas de Aves Cocktail Lata, emb. 180 gr",,1.79,9.94,0,kg,€/Kg,,,https://driveimg1.intermarche.com/pt/Content/images/boitmal/produit/zoom/6ECD962C9294DE9D5B22F94D8DE001C0.jpg,,,,2026-03-18T23:59:59Z,PROSPECTUS,15,3,,,,
3343,5604260057023,,PorSi,Esfregona Tiras Suave Cabo,,2.33,2.33,0,,€/Unidade,,,https://driveimg1.intermarche.com/pt/Content/images/boitmal/produit/zoom/185349C1FF399CAAFF5EE264CCEE9B5B.jpg,,,,2026-03-18T23:59:59Z,PROSPECTUS,15,3,,,,
3344,5604260057030,,PorSi,Recarga Esfregona Tiras Suave,,0.85,0.85,0,,€/Unidade,,,https://driveimg1.intermarche.com/pt/Content/images/boitmal/produit/zoom/2BC505A39EAC5014F656E9C975DD6814.jpg,,,,2026-03-18T23:59:59Z,PROSPECTUS,15,3,,,,
35560,5601151973745,3500.0,Seven Up,"Refrigerante de lima e limão com gás regular, pack de 2 x 1.75 l",,2.99,0.85,3500,L,€/L,,,https://driveimg1.intermarche.com/pt/Content/images/boitmal/produit/zoom/5CD5A622753D3356E9D019035298E5D4.jpg,,,,2026-03-18T23:59:59Z,PROSPECTUS,15,3,,,,
36736,5604260300570,500.0,PorSi,Camarão Cozido 40/60 500 G,,5.99,11.98,0,kg,€/Kg,,,https://driveimg1.intermarche.com/pt/Content/images/boitmal/produit/zoom/9E9EFDBF21D2BFC0A52B3E968EF9C975.jpg,,,,2026-03-18T23:59:59Z,PROSPECTUS,15,3,,,,
37045,5601217132659,500.0,Cillitbang,"Spray bolor e sujidade, garrafa de 500 ml",,2.49,4.98,500,L,€/L,,,https://driveimg1.intermarche.com/pt/Content/images/boitmal/produit/zoom/2A51671BCEA4544BF377B06769DE1169.jpg,,,,2026-03-18T23:59:59Z,PROSPECTUS,15,3,,,,
37510,7613036841498,90.0,Nestlé,"Saqueta de Fruta Maçã e Pêssego +6M, emb. 90 gr",,0.65,7.22,0,kg,€/Kg,,,https://driveimg1.intermarche.com/pt/Content/images/boitmal/produit/zoom/E9135C730A89C3C259880AD7C684D6EF.jpg,,,,2026-03-18T23:59:59Z,PROSPECTUS,15,3,,,,
37602,5603722518782,,Castelões,"Queijo curado pequeno, embalagem de 500g",,5.89,5.89,1,,€/Unidade,,,https://driveimg1.intermarche.com/pt/Content/images/boitmal/produit/zoom/5DFFAAD500F2992E98C505840753B8C7.jpg,,,,2026-03-18T23:59:59Z,PROSPECTUS,15,3,,,,
38402,5603550000121,1000.0,Legumes,Batata branca para assar,embalagem de 1 kg,0.99,0.99,0,kg,€/Kg,,,https://driveimg1.intermarche.com/pt/Content/images/boitmal/produit/zoom/D0CF9E3502C9BEBB7009F554AB9278B1.jpg,,,,2026-03-18T23:59:59Z,PROSPECTUS,15,3,,,,
38557,5601027004764,315.0,Manhãzitos,Manhãzitos® planetus 9x2 un.,Embalagem de 315g,3.19,10.13,0,kg,€/Kg,,,https://driveimg1.intermarche.com/pt/Content/images/boitmal/produit/zoom/8BC9A4B8955F0072A9A69D2A17EA2C77.jpg,,,,2026-03-18T23:59:59Z,PROSPECTUS,15,3,,,,
399,8712566365135,30.0,Lipton,"20 saquetas infusão de cidreira e mel, embalagem de 30g",,2.35,78.33,0,kg,€/Kg,,,https://driveimg1.intermarche.com/pt/Content/images/boitmal/produit/zoom/907015B388C6BBA95E1B6703BC1CA389.jpg,,,,2026-03-18T23:59:59Z,PROSPECTUS,15,3,,,,
41078,8718951333420,1250.0,Ajax,"Detergente líquido lava-tudo festa das flores primavera, 1.25 litros",,2.24,1.79,1250,L,€/L,,,https://driveimg1.intermarche.com/pt/Content/images/boitmal/produit/zoom/67E1C6EE2E3883C90BF505A7EA63B51E.jpg,,,,2026-03-18T23:59:59Z,PROSPECTUS,15,3,,,,
41297,5601050036534,440.0,Danone,"Iogurte oikos pêssego, embalagem de 4 x 110g",,1.89,4.3,0,kg,€/Kg,,,https://driveimg1.intermarche.com/pt/Content/images/boitmal/produit/zoom/C2BCC90FB2B192B3C8BC1E9CCF0DA4AF.jpg,,,,2026-03-18T23:59:59Z,PROSPECTUS,15,3,,,,
41384,5601050036602,440.0,Danone,"Iogurte grego oikos stracciatella, embalagem de 4 x 110g",,1.89,4.3,0,kg,€/Kg,,,https://driveimg1.intermarche.com/pt/Content/images/boitmal/produit/zoom/4F7A349ED222FA644F51711D6A4D74B4.jpg,,,,2026-03-18T23:59:59Z,PROSPECTUS,15,3,,,,
41822,7613039868300,270.0,Nestlé,"Cereais Estrelitas Mel, emb. 270 gr",Embalagem de 270 g,1.49,5.52,0,kg,€/Kg,,,https://driveimg1.intermarche.com/pt/Content/images/boitmal/produit/zoom/8ED5B2AE951DD00B9C8D9B0148834738.jpg,,,,2026-03-18T23:59:59Z,PROSPECTUS,15,3,,,,
4315,3600540542861,400.0,Garnier,Champô Ultra Suave de abacate & karité,Embalagem de 400 ml,3.79,9.48,400,L,€/L,,,https://driveimg1.intermarche.com/pt/Content/images/boitmal/produit/zoom/5D548857F0BA2FC243E68F54B6437483.jpg,,,,2026-03-18T23:59:59Z,PROSPECTUS,15,3,,,,
43214,5603722519796,400.0,Castelões,"Queijo curado fatias, embalagem de 2 x 200g",,3.89,9.73,0,kg,€/Kg,,,https://driveimg1.intermarche.com/pt/Content/images/boitmal/produit/zoom/649D651B4B5791A6D75ADB6F634902EB.jpg,,,,2026-03-18T23:59:59Z,PROSPECTUS,15,3,,,,
43658,5604260312672,275.0,PorSi,Pérolas Perfumadas Fresh 275g,Embalagem de 275 g,2.99,10.87,0,kg,€/Kg,,,https://driveimg1.intermarche.com/pt/Content/images/boitmal/produit/zoom/C481D383E04EE387D22A1B430E527754.jpg,,,,2026-03-18T23:59:59Z,PROSPECTUS,15,3,,,,
44777,5601164905030,3000.0,Carlsberg,"Cerveja da Dinamarca Pilsner, Pack 12 x 25 cl",,7.39,2.46,3000,L,€/L,,,https://driveimg1.intermarche.com/pt/Content/images/boitmal/produit/zoom/2890D70B20089F457894A6889F74D8A8.jpg,,,,2026-03-18T23:59:59Z,PROSPECTUS,15,3,,,,
46185,5601050037203,440.0,Danone,"Iogurte oikos coco, embalagem de 4 x 110g",,1.89,4.3,0,kg,€/Kg,,,https://driveimg1.intermarche.com/pt/Content/images/boitmal/produit/zoom/61327B54ADC5403B46177C1EF4A095FB.jpg,,,,2026-03-18T23:59:59Z,PROSPECTUS,15,3,,,,
46518,5000204208856,750.0,Pato,"Abrasivo Sanitário Líquido Ação Total Menta, emb. 750 ml",,1.94,2.59,750,L,€/L,,,https://driveimg1.intermarche.com/pt/Content/images/boitmal/produit/zoom/8D02BC7C70B0CBFEDA11FE724DDAAE84.jpg,,,,2026-03-18T23:59:59Z,PROSPECTUS,15,3,,,,
46825,5603722518287,720.0,Mimosa,"Iogurte magro aroma multi sabores de morango e kiwi/manga, 6 x 120g",,1.99,2.76,0,kg,€/Kg,,,https://driveimg1.intermarche.com/pt/Content/images/boitmal/produit/zoom/EBBE1EB3FBC3C9322F0040C9AA4B6B04.jpg,,,,2026-03-18T23:59:59Z,PROSPECTUS,15,3,,,,
4687,5000116105212,375.0,Iglo,"Ervilhas, embalagem de 375g",,1.99,5.31,0,kg,€/Kg,,Tipo de stockagem,https://driveimg1.intermarche.com/pt/Content/images/boitmal/produit/zoom/6C528FEBBEDC5462386A3AB117EEBFD4.jpg,,,,2026-03-18T23:59:59Z,PROSPECTUS,15,3,,,,
47636,8412600018323,300.0,Bimbo,Bimbo® bagels sementes 4 un.,Embalagem de 300g,2.39,7.97,0,kg,€/Kg,,,https://driveimg1.intermarche.com/pt/Content/images/boitmal/produit/zoom/4C1FC5DD8D8752799FB839690B061514.jpg,,,,2026-03-18T23:59:59Z,PROSPECTUS,15,3,,,,
48026,5600744051327,175.0,Waferland,"Bolacha waffer avelã, 175g",,0.99,5.66,0,kg,€/Kg,,,https://driveimg1.intermarche.com/pt/Content/images/boitmal/produit/zoom/A919611CA1A09B181CAD3C961C08067D.jpg,,,,2026-03-18T23:59:59Z,PROSPECTUS,15,3,,,,
48071,5604260320820,,PorSi,Pensos Higiénicos Ultrafinos Normal Aloe Vera - 14 Unidades,,1.29,1.29,0,,€/Unidade,,,https://driveimg1.intermarche.com/pt/Content/images/boitmal/produit/zoom/815DF50B80084FFCFAF450337E1C211C.jpg,,,,2026-03-18T23:59:59Z,PROSPECTUS,15,3,,,,
48773,2743226000000,200.0,PorSi,"Entremeadas de Porco Fatiadas Finíssimas, embalagem de 200g (aprox.)",,1.59,7.96,0,,€/Kg,,,https://driveimg1.intermarche.com/pt/Content/images/boitmal/produit/zoom/1144763FCA0503CD11AE70EE0C1533AE.jpg,,,,2026-03-18T23:59:59Z,PROSPECTUS,15,3,,,,
49179,3600524029661,300.0,Elvive,Condicionador Hidra Hialurónico,300 ml,3.79,12.63,300,L,€/L,,,https://driveimg1.intermarche.com/pt/Content/images/boitmal/produit/zoom/358E669EEAD046E20A951D3F73537685.jpg,,,,2026-03-18T23:59:59Z,PROSPECTUS,15,3,,,,
49418,8410500012861,1200.0,Actimel Danone,"Probiótico natural 0%, 12 x 100 g",,4.99,4.16,0,kg,€/Kg,,,https://driveimg1.intermarche.com/pt/Content/images/boitmal/produit/zoom/31841197B3A773C57C73C74FF0227CFD.jpg,,,,2026-03-18T23:59:59Z,PROSPECTUS,15,3,,,,
49460,7613287300362,99.0,Nescafé,Café Buondi Intensidade 8,16 cápsulas,5.59,56.46,0,kg,€/Kg,,,https://driveimg1.intermarche.com/pt/Content/images/boitmal/produit/zoom/E4BCDB4A1998B45DA9767B093A961A1E.jpg,,,,2026-03-18T23:59:59Z,PROSPECTUS,15,3,,,,
49819,5603722517327,600.0,Matinal,"Leite seleccionado leve, pack 3 x 200 ml",,1.43,2.38,600,L,€/L,,,https://driveimg1.intermarche.com/pt/Content/images/boitmal/produit/zoom/4E1E39519082067F8E10CE178A1C4928.jpg,,,,2026-03-18T23:59:59Z,PROSPECTUS,15,3,,,,
5039,5601029001105,120.0,Pitéu,"Filete de Cavala em Óleo, emb. 120 gr",,2.04,17.0,0,kg,€/Kg,,,https://driveimg1.intermarche.com/pt/Content/images/boitmal/produit/zoom/73E77A16ABB6501C787F422E9312D109.jpg,,,,2026-03-18T23:59:59Z,PROSPECTUS,15,3,,,,
5040,5601029001310,115.0,Pitéu,"Mexilhões em Escabeche, emb. 115 gr",,1.79,15.57,0,kg,€/Kg,,,https://driveimg1.intermarche.com/pt/Content/images/boitmal/produit/zoom/BD3FC46F63E363AEC58C281136A05ECE.jpg,,,,2026-03-18T23:59:59Z,PROSPECTUS,15,3,,,,
50455,5603722521836,1208.0,Mimosa,"Iogurte líquido aroma frutos vermelhos, 8 x 151 ml",,2.69,2.23,1208,L,€/L,,,https://driveimg1.intermarche.com/pt/Content/images/boitmal/produit/zoom/A6953937AF5119023F20E170D85D8AFD.jpg,,,,2026-03-18T23:59:59Z,PROSPECTUS,15,3,,,,
50950,8410104898496,750.0,Vanish,"Tira nódoas spray roupa branca, 750 ml",,4.49,5.99,750,L,€/L,,,https://driveimg1.intermarche.com/pt/Content/images/boitmal/produit/zoom/0413FE9809C4CF93F596173995893472.jpg,,,,2026-03-18T23:59:59Z,PROSPECTUS,15,3,,,,
51321,8720608014064,32.0,Lipton,"20 saquetas chá de framboesa e sabugueiro,",,2.35,73.44,0,kg,€/Kg,,,https://driveimg1.intermarche.com/pt/Content/images/boitmal/produit/zoom/B40F480597C04DB34DABE63D02081A65.jpg,https://driveimg1.intermarche.com/pt/Content/images/boitmal/produit/zoom/4272E24302B8C76BAAC68132A3C5A72A.jpg,,,2026-03-18T23:59:59Z,PROSPECTUS,15,3,,,,
51538,8006540752333,,Fairy,Detergente Loiça Máquina Platinum Plus Limão,Pack XXL de 48 pastilhas,12.99,12.99,0,,€/Unidade,,,https://driveimg1.intermarche.com/pt/Content/images/boitmal/produit/zoom/8786FC846898F0510EA5C208486C5D8B.jpg,,,,2026-03-18T23:59:59Z,PROSPECTUS,15,3,,,,
51780,5604260327072,640.0,PorSi,Anticalcário Máquina Roupa Pastilhas 2em1 40un,,3.09,4.83,0,kg,€/Kg,,,https://driveimg1.intermarche.com/pt/Content/images/boitmal/produit/zoom/B87C123E4F1B664C8D665140934F8FB6.jpg,,,,2026-03-18T23:59:59Z,PROSPECTUS,15,3,,,,
51913,3073781193190,250.0,A Vaca Que Ri,"Queijo fundido light, 250g",,2.95,11.8,0,kg,€/Kg,,,https://driveimg1.intermarche.com/pt/Content/images/boitmal/produit/zoom/1D30A8CFE9EE0E2B2592E8B377EEF45A.jpg,,,,2026-03-18T23:59:59Z,PROSPECTUS,15,3,,,,
52295,3023290072073,160.0,Lindahls,"Iogurte sólido proteico framboesa, embalagem de 160 g",,0.99,6.19,0,kg,€/Kg,,,https://driveimg1.intermarche.com/pt/Content/images/boitmal/produit/zoom/C87353FCE0F8B5DFB52D6384E482BABB.jpg,,,,2026-03-18T23:59:59Z,PROSPECTUS,15,3,,,,
52299,3023290072035,160.0,Lindahls,"Iogurte sólido proteico morango lima, embalagem de 160 g",,0.99,6.19,0,kg,€/Kg,,,https://driveimg1.intermarche.com/pt/Content/images/boitmal/produit/zoom/3FA8DBA052D28654C7C833F137C987A5.jpg,,,,2026-03-18T23:59:59Z,PROSPECTUS,15,3,,,,
52381,8720181407154,1300.0,Cif,"Lava tudo perfumado lavanda, embalagem de 1,3l",,2.09,1.61,1300,L,€/L,,,https://driveimg1.intermarche.com/pt/Content/images/boitmal/produit/zoom/12443931DBE21DE904E26826F24E6B07.jpg,https://driveimg1.intermarche.com/pt/Content/images/boitmal/produit/zoom/935C662FEAE9FBF79977B0438F001CF1.jpg,,,2026-03-18T23:59:59Z,PROSPECTUS,15,3,,,,
52577,8445290830609,,Nescafé,"Cápsulas de Descafeinado Sical Int 5, emb. 16 un.",,5.59,5.59,16,,€/Unidade,,,https://driveimg1.intermarche.com/pt/Content/images/boitmal/produit/zoom/9751EE6592A3E7106D0A646390D853FA.jpg,,,,2026-03-18T23:59:59Z,PROSPECTUS,15,4,,,,
52602,5601217137937,1710.0,Quanto,"Amaciador roupa concentrado lirios e frutos vermelhos, 95 doses",,3.98,2.33,1710,L,€/L,,,https://driveimg1.intermarche.com/pt/Content/images/boitmal/produit/zoom/D5EC13B4D27621ECAF91289F5FDA9612.jpg,,,,2026-03-18T23:59:59Z,PROSPECTUS,15,4,,,,
52780,8711327621015,825.0,Carte DOr,"Gelado stracciatella, 825 ml",,3.59,4.35,825,L,€/L,,Tipo de stockagem,https://driveimg1.intermarche.com/pt/Content/images/boitmal/produit/zoom/9077E20C19CAF03342D46F370AD9A5BA.jpg,https://driveimg1.intermarche.com/pt/Content/images/boitmal/produit/zoom/96ACD079643DD28D2A3D30A5732CD591.jpg,https://driveimg1.intermarche.com/pt/Content/images/boitmal/produit/zoom/96ACD079643DD28D2A3D30A5732CD591.jpg,,2026-03-18T23:59:59Z,PROSPECTUS,15,4,,,,
52887,5603722523137,200.0,Mimosa,"Natas para massas, 200 ml",,1.04,5.2,200,L,€/L,,,https://driveimg1.intermarche.com/pt/Content/images/boitmal/produit/zoom/836A8DFC9F960FD6B745222B729AE7FC.jpg,https://driveimg1.intermarche.com/pt/Content/images/boitmal/produit/zoom/F3EDAE46E372CBB78EE7DEA3A9DB3BD9.jpg,https://driveimg1.intermarche.com/pt/Content/images/boitmal/produit/zoom/F3EDAE46E372CBB78EE7DEA3A9DB3BD9.jpg,,2026-03-18T23:59:59Z,PROSPECTUS,15,4,,,,
53292,8719200265424,450.0,Becel,"Creme vegetal culinária, 450g",,2.59,5.76,0,kg,€/Kg,,,https://driveimg1.intermarche.com/pt/Content/images/boitmal/produit/zoom/731104623BFBA291592C36763AD2ACB6.jpg,https://driveimg1.intermarche.com/pt/Content/images/boitmal/produit/zoom/FE0F50DA9FD82BB1CA28828D6783A017.jpg,https://driveimg1.intermarche.com/pt/Content/images/boitmal/produit/zoom/FE0F50DA9FD82BB1CA28828D6783A017.jpg,https://driveimg1.intermarche.com/pt/Content/images/boitmal/produit/zoom/FE0F50DA9FD82BB1CA28828D6783A017.jpg,2026-03-18T23:59:59Z,PROSPECTUS,15,4,,,,
53915,5604260333028,500.0,PorSi,Churros 500g,,1.99,3.98,0,kg,€/Kg,,Tipo de stockagem,https://driveimg1.intermarche.com/pt/Content/images/boitmal/produit/zoom/15EED9A38EC09283AEFD11489185F0A5.jpg,,,,2026-03-18T23:59:59Z,PROSPECTUS,15,4,,,,
53942,5603722523298,1000.0,Matinal,"Bebida de leite sem lactose livre, 1l",,1.25,1.25,1000,L,€/L,,,https://driveimg1.intermarche.com/pt/Content/images/boitmal/produit/zoom/3F3F185EBF624903AC3031EAC11A6631.jpg,,,,2026-03-18T23:59:59Z,PROSPECTUS,15,4,,,,
54240,8720182870933,750.0,Cif,"Spray wc power & shine, 750ml",,2.99,3.99,750,L,€/L,,,https://driveimg1.intermarche.com/pt/Content/images/boitmal/produit/zoom/AF06DD56DD26D88A17AF72D8DF21ED04.jpg,,,,2026-03-18T23:59:59Z,PROSPECTUS,15,4,,,,
54315,8887862963009,,Scotch Brite,"Panos Microfibras, 10un.",,6.74,6.74,0,,€/Unidade,,,https://driveimg1.intermarche.com/pt/Content/images/boitmal/produit/zoom/AA3DB1BBCFF6565F1CD46FA4149E0BAC.jpg,https://driveimg1.intermarche.com/pt/Content/images/boitmal/produit/zoom/78D71A7C1CFC3D0B4E68B45DF2FB7687.jpg,https://driveimg1.intermarche.com/pt/Content/images/boitmal/produit/zoom/78D71A7C1CFC3D0B4E68B45DF2FB7687.jpg,https://driveimg1.intermarche.com/pt/Content/images/boitmal/produit/zoom/78D71A7C1CFC3D0B4E68B45DF2FB7687.jpg,2026-03-18T23:59:59Z,PROSPECTUS,15,4,,,,
54362,8410104914127,,Finish,"Detergente loiça máquina ultimate limão, 32 pastilhas",,8.99,8.99,32,,€/Unidade,,,https://driveimg1.intermarche.com/pt/Content/images/boitmal/produit/zoom/1D3A215F5E688CA6FF7E7D1EDBD7C601.jpg,,,,2026-03-18T23:59:59Z,PROSPECTUS,15,4,,,,
54596,5054563218117,75.0,Aquafresh,"Pasta de Dentes Proteção Completa Ação Antibacteriana, 75ml",,1.99,26.53,75,L,€/L,,,https://driveimg1.intermarche.com/pt/Content/images/boitmal/produit/zoom/019BA74FC7AA9EC4A4AEF77AD9C57A95.jpg,,,,2026-03-18T23:59:59Z,PROSPECTUS,15,4,,,,
54597,5054563215376,75.0,Aquafresh,"Pasta de Dentes Proteção Completa Hálito Fresco, 75ml",,1.99,26.53,75,L,€/L,,,https://driveimg1.intermarche.com/pt/Content/images/boitmal/produit/zoom/C9370A36FD071B95F13B8F57A35419DF.jpg,,,,2026-03-18T23:59:59Z,PROSPECTUS,15,4,,,,
54765,8711327616165,825.0,Carte DOr,"Gelado caramelo salgado les dessertz, 825 ml",,3.59,4.35,825,L,€/L,,Tipo de stockagem,https://driveimg1.intermarche.com/pt/Content/images/boitmal/produit/zoom/A5FE262C7D7C5F17B290BA4B9BC148EC.jpg,,,,2026-03-18T23:59:59Z,PROSPECTUS,15,4,,,,
54794,5603722521546,604.0,Mimosa,"Iogurte liquido banana, 4 x 151 ml",,1.39,2.3,604,L,€/L,,,https://driveimg1.intermarche.com/pt/Content/images/boitmal/produit/zoom/23212EB7A3AC6B5E99AFE5AEC8D0F7DF.jpg,,,,2026-03-18T23:59:59Z,PROSPECTUS,15,4,,,,
54797,5603722521553,604.0,Mimosa,"Iogurte liquido ananás, 4 x 151 ml",,1.39,2.3,604,L,€/L,,,https://driveimg1.intermarche.com/pt/Content/images/boitmal/produit/zoom/AC167FACDAEDD67B0D74169E2A434E3E.jpg,,,,2026-03-18T23:59:59Z,PROSPECTUS,15,4,,,,
54802,5603722521539,604.0,Mimosa,"Iogurte liquido morango, 4 x 151 ml",,1.39,2.3,604,L,€/L,,,https://driveimg1.intermarche.com/pt/Content/images/boitmal/produit/zoom/FB51425211E1948B683D88C51AE1A4C5.jpg,,,,2026-03-18T23:59:59Z,PROSPECTUS,15,4,,,,
54803,5603722521577,604.0,Mimosa,"Iogurte liquido pêssego, 4 x 151 ml",,1.39,2.3,604,L,€/L,,,https://driveimg1.intermarche.com/pt/Content/images/boitmal/produit/zoom/FCB49B6E55B0295598FF4782F772063D.jpg,,,,2026-03-18T23:59:59Z,PROSPECTUS,15,4,,,,
54804,5603722521584,604.0,Mimosa,"Iogurte liquido pinacolada, 4x151 ml",,1.39,2.3,604,L,€/L,,,https://driveimg1.intermarche.com/pt/Content/images/boitmal/produit/zoom/8E6126D08298F97351679D3A95D611FA.jpg,,,,2026-03-18T23:59:59Z,PROSPECTUS,15,4,,,,
55328,8720182836106,750.0,Cif,"Creme de Limpeza Spray, 750ml",,2.99,3.99,750,L,€/L,,,https://driveimg1.intermarche.com/pt/Content/images/boitmal/produit/zoom/D3E89D1C02764A2E04E66268152BA945.jpg,,,,2026-03-18T23:59:59Z,PROSPECTUS,15,4,,,,
55562,5063270104071,26.0,Lipton,"Infusão SOS Cabeça Saquetas, emb. 20 un.",,2.19,84.23,0,kg,€/Kg,,,https://driveimg1.intermarche.com/pt/Content/images/boitmal/produit/zoom/74F436CE4D86BDE091A43F00A2A84000.jpg,,,,2026-03-18T23:59:59Z,PROSPECTUS,15,4,,,,
56347,5604260338450,200.0,PorSi,Queijo Fresco com Alho e Ervas para Barrar 200g,,1.29,6.45,0,kg,€/Kg,,,https://driveimg1.intermarche.com/pt/Content/images/boitmal/produit/zoom/663FC3DB0A8C9323C7A618A53EFBE692.jpg,,,,2026-03-18T23:59:59Z,PROSPECTUS,15,4,,,,
56415,5604260332960,200.0,PorSi,Queijo Fundido Fatias para Hamburguer 200g,,1.59,7.95,0,kg,€/Kg,,,https://driveimg1.intermarche.com/pt/Content/images/boitmal/produit/zoom/FA3AC161856AE295B62282C1AF4E0CBA.jpg,,,,2026-03-18T23:59:59Z,PROSPECTUS,15,4,,,,
56702,5604260333035,450.0,PorSi,Aros de Cebola 450g,,1.49,3.31,0,kg,€/Kg,,Tipo de stockagem,https://driveimg1.intermarche.com/pt/Content/images/boitmal/produit/zoom/39DAF4BC912C35AC80B9CE48177CFF30.jpg,,,,2026-03-18T23:59:59Z,PROSPECTUS,15,4,,,,
57043,3250390858126,300.0,Monique Ranou,"Crepes Fiambre, Queijo e Cogumelos 300g",,1.99,6.63,0,kg,€/Kg,,Tipo de stockagem,https://driveimg1.intermarche.com/pt/Content/images/boitmal/produit/zoom/157C8B359EF6B4F17949D33AA9C0D015.jpg,,,,2026-03-18T23:59:59Z,PROSPECTUS,15,4,,,,
57453,5604260341856,,Apta,Rolo Multiúsos Profissional 3 Folhas 1 Rolo,,3.99,3.99,0,,€/Unidade,,,https://driveimg1.intermarche.com/pt/Content/images/boitmal/produit/zoom/46AAD2390DAE633720380A6F3869CDF1.jpg,,,,2026-03-18T23:59:59Z,PROSPECTUS,15,4,,,,
57578,5601050038446,620.0,Danone,"Iogurte Líquido Bifidus Morango e Cereais, emb. 620 gr (4 un)",,1.99,3.21,0,kg,€/Kg,,,https://driveimg1.intermarche.com/pt/Content/images/boitmal/produit/zoom/2C3571467850526C1ADF9E278977AE59.jpg,,,,2026-03-18T23:59:59Z,PROSPECTUS,15,4,,,,
57801,8700216798884,1000.0,Fairy,"Detergente Loiça Manual Limão Spray + Recarga, 1L",,6.99,6.99,1000,L,€/L,,,https://driveimg1.intermarche.com/pt/Content/images/boitmal/produit/zoom/D3AA25A175E625CEDF8C22722BD23E08.jpg,,,,2026-03-18T23:59:59Z,PROSPECTUS,15,4,,,,
6277,8410001103754,,Scotch Brite,"Pano Amarelo Multiusos, emb. 1 un.",,1.08,1.08,1,,€/Unidade,,,https://driveimg1.intermarche.com/pt/Content/images/boitmal/produit/zoom/4EDC51C03E14CCEABAB0D6C2E4C33CFE.jpg,,,,2026-03-18T23:59:59Z,PROSPECTUS,15,4,,,,
7043,2894074000000,150.0,Campofrio,Peito de peru forno lenha,1 un = 150 gr (aprox.),2.55,16.99,0,,€/Kg,,,https://driveimg1.intermarche.com/pt/Content/images/boitmal/produit/zoom/EF3CEFEECAD2391EED6F65839052F87D.jpg,,,,2026-03-18T23:59:59Z,PROSPECTUS,15,4,,,,
7143,2895066000000,1100.0,Paiva,Queijo Curado Amanteigado,"1 un = 1,1 kg (aprox.)",10.99,9.99,0,,€/Kg,,,https://driveimg1.intermarche.com/pt/Content/images/boitmal/produit/zoom/40A4EED51E63B3C8D3B6401ED95BDDC3.jpg,,,,2026-03-18T23:59:59Z,PROSPECTUS,15,4,,,,
7543,3600541474024,250.0,Garnier,Champ Ultra Suave tesouros mel,Embalagem de 250 ml,2.94,11.76,250,L,€/L,,,https://driveimg1.intermarche.com/pt/Content/images/boitmal/produit/zoom/7E4A9757CC0017CC8428FE86E22EA92A.jpg,,,,2026-03-18T23:59:59Z,PROSPECTUS,15,4,,,,
8388,5601049152993,1000.0,Mimosa,"Leite especial cálcio + vitamina d m/g, de 1l",,1.0,1.0,1000,L,€/L,,,https://driveimg1.intermarche.com/pt/Content/images/boitmal/produit/zoom/AE995344CF7D57F674EA8EE465C57CA4.jpg,,,,2026-03-18T23:59:59Z,PROSPECTUS,15,4,,,,
8500,5601109211110,750.0,Porca de Murça,"Porca de Murça DOC Douro Vinho Branco, garrafa 75 cl",Garrafa de 750 ml,3.69,4.92,750,L,€/L,,,https://driveimg1.intermarche.com/pt/Content/images/boitmal/produit/zoom/3A37403A453BA89596AD6718ADA0F46A.jpg,,,,2026-03-18T23:59:59Z,PROSPECTUS,15,4,,,,
882,5410041001204,100.0,Tuc,"Bolachas aperitivas, simples, embalagem de 100g",,0.99,9.9,0,kg,€/Kg,,,https://driveimg1.intermarche.com/pt/Content/images/boitmal/produit/zoom/DB0E5412E4B7AABA821CD2AF0DA3E461.jpg,,,,2026-03-18T23:59:59Z,PROSPECTUS,15,4,,,,
9293,5603722493942,250.0,Primor,Manteiga pasteurizada com sal cuvet,Embalagem de 250g,2.24,8.96,0,kg,€/Kg,,,https://driveimg1.intermarche.com/pt/Content/images/boitmal/produit/zoom/F3F4D9FDF2A69DC31DE35D801759C2EE.jpg,,,,2026-03-18T23:59:59Z,PROSPECTUS,15,4,,,,
962,5601019012517,210.0,Guloso,"Passata de manjericão/oregãos, embalagem de 210g",,0.74,3.52,0,kg,€/Kg,,,https://driveimg1.intermarche.com/pt/Content/images/boitmal/produit/zoom/FB183AA35B0A4E7518DB0F29131C2068.jpg,,,,2026-03-18T23:59:59Z,PROSPECTUS,15,4,,,,
9682,5604260270200,270.0,PorSi,Leite Creme 2x135g,,1.99,7.37,0,kg,€/Kg,,,https://driveimg1.intermarche.com/pt/Content/images/boitmal/produit/zoom/E6C77FD8EA71CF9181A68A3C6CA3F5E7.jpg,,,,2026-03-18T23:59:59Z,PROSPECTUS,15,4,,,,
10001,8001480020566,4000.0,Neoblanc,"Lixívia, perfume fresco",Embalagem de 4 l,3.89,0.97,4000,L,€/L,,,https://driveimg1.intermarche.com/pt/Content/images/boitmal/produit/zoom/83BCBC634B9DC455BFE8AB9B412C4CCA.jpg,,,,2026-03-18T23:59:59Z,PROSPECTUS,15,4,,,,
10128,8006540836224,,Dodot,Toalhitas Pure 0% Plástico,Embalagem de 48 unidades,1.74,1.74,0,,€/Unidade,,,https://driveimg1.intermarche.com/pt/Content/images/boitmal/produit/zoom/A6A917F7D6C239B691DF2BB237C59C0C.jpg,,,,2026-03-18T23:59:59Z,PROSPECTUS,15,4,,,,
10280,8410469002781,,Colhogar,"Papel Higiénico Ultra Suave XXL Compacto, emb. 12 rolos = 24 rolos",,5.22,5.22,12,,€/Unidade,,,https://driveimg1.intermarche.com/pt/Content/images/boitmal/produit/zoom/F7AE2EA8A5518A65B1C8AFE2CAD00DA9.jpg,https://driveimg1.intermarche.com/pt/Content/images/boitmal/produit/zoom/75FD13598C588315CA7684B3D2F49727.jpg,https://driveimg1.intermarche.com/pt/Content/images/boitmal/produit/zoom/81034779879E7B19FC4B07F9E5030215.jpg,https://driveimg1.intermarche.com/pt/Content/images/boitmal/produit/zoom/63F5D4F65722010549F082294CE80004.jpg,2026-03-18T23:59:59Z,PROSPECTUS,15,4,https://driveimg1.intermarche.com/pt/Content/images/boitmal/produit/zoom/F287B20DB8E3BB340A550A401DA9C1A1.jpg,,,
10463,5604260324163,250.0,PorSi,Gel Íntimo,Embalagem de 250 ml,1.79,7.16,250,L,€/L,,,https://driveimg1.intermarche.com/pt/Content/images/boitmal/produit/zoom/B588051D80FCE942C70A87697EAC487E.jpg,,,,2026-03-18T23:59:59Z,PROSPECTUS,15,4,,,,
11471,5601029004076,120.0,Bom Petisco,Atum posta ao natural,Embalagem de 120 g,1.29,10.75,0,kg,€/Kg,,,https://driveimg1.intermarche.com/pt/Content/images/boitmal/produit/zoom/D148E1488041C84EB0524ADACAE78B3A.jpg,,,,2026-03-18T23:59:59Z,PROSPECTUS,15,4,,,,
11524,5601051420028,250.0,Primor,Manteiga sem sal,Embalagem de 250g,2.19,8.76,0,kg,€/Kg,,,https://driveimg1.intermarche.com/pt/Content/images/boitmal/produit/zoom/0C41B270FBA7B622E759FBA7E3B6B1CD.jpg,,,,2026-03-18T23:59:59Z,PROSPECTUS,15,4,,,,
1213,5601119950498,420.0,Nobre,"Receita caseira de jardineira, 420g",,3.19,7.6,0,kg,€/Kg,,,https://driveimg1.intermarche.com/pt/Content/images/boitmal/produit/zoom/DDEBF3C4FBE1E8F1CC6A231B5449F13D.jpg,,,,2026-03-18T23:59:59Z,PROSPECTUS,15,4,,,,
1214,5601119950504,420.0,Nobre,"Receita caseira de bolonhesa, 420g",,3.19,7.6,0,kg,€/Kg,,,https://driveimg1.intermarche.com/pt/Content/images/boitmal/produit/zoom/66DCF8202D0D30AA3C4A7C7E4EAAF44F.jpg,,,,2026-03-18T23:59:59Z,PROSPECTUS,15,4,,,,
1218,5601126039148,1000.0,Sical,"Café em Grão Torrado 5 Estrelas Lote Clássico Int 10, emb. 1 kg",,17.49,17.49,0,kg,€/Kg,,,https://driveimg1.intermarche.com/pt/Content/images/boitmal/produit/zoom/F30913D07FB49FD462FB35C8623DC586.jpg,https://driveimg1.intermarche.com/pt/Content/images/boitmal/produit/zoom/352FFCFAE868D5178905BD9725C43B6E.jpg,,,2026-03-18T23:59:59Z,PROSPECTUS,15,4,,,,
12445,8414100302742,1250.0,Sunny Delight,"Refrigerante sem gás califórnia, garrafa de 1,25 l",,1.99,1.59,1250,L,€/L,,,https://driveimg1.intermarche.com/pt/Content/images/boitmal/produit/zoom/1FDEA823C5CE598A466FDAA30CB39372.jpg,,,,2026-03-18T23:59:59Z,PROSPECTUS,15,4,,,,
1326,5601164113701,500.0,Super Bock,"Cerveja com álcool, lata, garrafa de 500 ml",,0.89,1.78,500,L,€/L,,,https://driveimg1.intermarche.com/pt/Content/images/boitmal/produit/zoom/0AB2770B97F8A4B3E443129A7F4E33FA.jpg,,,,2026-03-18T23:59:59Z,PROSPECTUS,15,4,,,,
1328,5601165005760,15.0,Lipton,"10 saquetas infusão de cidreira, embalagem de 20g",,0.79,52.67,0,kg,€/Kg,,,https://driveimg1.intermarche.com/pt/Content/images/boitmal/produit/zoom/8EA72609B2FBFE9A06C9099CA2FDB5E1.jpg,,,,2026-03-18T23:59:59Z,PROSPECTUS,15,4,,,,
13529,2893521000000,1000.0,Peixaria,Pescada do Chile Congelada Nº3,1 un= 1 kg (aprox.),8.99,8.99,0,,€/Kg,,Avantages !,https://driveimg1.intermarche.com/pt/Content/images/boitmal/produit/zoom/40D57D35BBDBDF72027C959F41A6E90C.jpg,,,,2026-03-18T23:59:59Z,PROSPECTUS,15,4,,,,
13555,2893549000000,500.0,Peixaria,Caras de Bacalhau Congeladas,Vendido ao peso,3.0,5.99,0,,€/Kg,,Avantages !,https://driveimg1.intermarche.com/pt/Content/images/boitmal/produit/zoom/2B829CF1032DEFD9A684FD98B7006160.jpg,,,,2026-03-18T23:59:59Z,PROSPECTUS,15,4,,,,
13582,2893577000000,400.0,Peixaria,Solha Congelada,,2.4,5.99,0,,€/Kg,,Avantages !,https://driveimg1.intermarche.com/pt/Content/images/boitmal/produit/zoom/09CD29C77ECA15BC59D0A288B72C20B4.jpg,,,,2026-03-18T23:59:59Z,PROSPECTUS,15,4,,,,
14106,3250391489350,300.0,Fiorini,Ravioli com Tomate 300g,Embalagem 300G,2.99,9.97,0,kg,€/Kg,,,https://driveimg1.intermarche.com/pt/Content/images/boitmal/produit/zoom/19BE408B16C504291F0C17E3FA87A5B9.jpg,,,,2026-03-18T23:59:59Z,PROSPECTUS,15,4,,,,
14227,5601043119015,500.0,Espiga,"Farinha de milho, embalagem de 500g",,0.94,1.88,0,kg,€/Kg,,,https://driveimg1.intermarche.com/pt/Content/images/boitmal/produit/zoom/3A94212450C6EA54B275D891253D59E7.jpg,,,,2026-03-18T23:59:59Z,PROSPECTUS,15,4,,,,
1438,5601260047108,1000.0,Saludães,Arroz agulha,Embalagem de 1kg,1.35,1.35,0,kg,€/Kg,,,https://driveimg1.intermarche.com/pt/Content/images/boitmal/produit/zoom/B47152EFC4F603CBADD3130829B29F08.jpg,,,,2026-03-18T23:59:59Z,PROSPECTUS,15,4,,,,
14458,7613034678607,90.0,Nestlé,"Fruta para bebé banana maçã +4 meses, embalagem de 90g",,0.65,7.22,0,kg,€/Kg,,,https://driveimg1.intermarche.com/pt/Content/images/boitmal/produit/zoom/0F3547F16577E97D821E3E9FDD9F17B9.jpg,,,,2026-03-18T23:59:59Z,PROSPECTUS,15,4,,,,
14545,5606293100295,100.0,Vitacress,"Salada aromática, embalagem de 100 g",,1.59,15.9,0,kg,€/Kg,,,https://driveimg1.intermarche.com/pt/Content/images/boitmal/produit/zoom/8B774925D3C426E499C84729B9F86DF2.jpg,,,,2026-03-18T23:59:59Z,PROSPECTUS,15,4,,,,
15039,2892256000000,4000.0,Fruta,Melão Verde,Vendido ao peso | 1 un = 4kg (aprox.),7.16,1.79,0,,€/Kg,,,https://driveimg1.intermarche.com/pt/Content/images/boitmal/produit/zoom/25FE547830213D1C98E9F3B3D9687685.jpg,,,,2026-03-18T23:59:59Z,PROSPECTUS,15,4,,,,
15364,5604260293391,270.0,PorSi,Húngaros 270 G,,2.45,9.07,0,kg,€/Kg,,,https://driveimg1.intermarche.com/pt/Content/images/boitmal/produit/zoom/2005AD6BFC6AFE7534DB7DB713A9215A.jpg,,,,2026-03-18T23:59:59Z,PROSPECTUS,15,4,,,,
15507,5601050031621,480.0,Danone,"Iogurte activia cremoso coco,  4 x 120 g",,1.99,4.15,0,kg,€/Kg,,,https://driveimg1.intermarche.com/pt/Content/images/boitmal/produit/zoom/C7C13400244FC9F141DCEBAD00E0F9D5.jpg,,,,2026-03-18T23:59:59Z,PROSPECTUS,15,4,,,,
15533,3065896410002,300.0,Pedigree,"Alimento húmido para cão vaca, embalagem de 300g",,2.59,8.63,0,kg,€/Kg,,,https://driveimg1.intermarche.com/pt/Content/images/boitmal/produit/zoom/30BD417A9EC8D0DE4EA5A05105DA5CE9.jpg,,,,2026-03-18T23:59:59Z,PROSPECTUS,15,4,,,,
15619,5601164114708,330.0,Super Bock,"Cerveja com Álcool, emb. 33 cl",,0.64,1.94,330,L,€/L,,,https://driveimg1.intermarche.com/pt/Content/images/boitmal/produit/zoom/B88FE79083CF96AAFDD1A0527A80A782.jpg,,,,2026-03-18T23:59:59Z,PROSPECTUS,15,4,,,,
15966,3387390324082,375.0,Nestlé,"Cereais crunch 375g, embalagem de 380g",,2.98,7.95,0,kg,€/Kg,,,https://driveimg1.intermarche.com/pt/Content/images/boitmal/produit/zoom/97E5DD22E6A0A1213DCE078E04C67C77.jpg,,,,2026-03-18T23:59:59Z,PROSPECTUS,15,4,,,,
16428,5604260276981,800.0,PorSi,Anticalcário em Pó para Máquina de Roupa 800g,Embalagem de 800g,3.99,4.99,0,kg,€/Kg,,,https://driveimg1.intermarche.com/pt/Content/images/boitmal/produit/zoom/BE91705AC625A6F8DF633EE46858CD70.jpg,,,,2026-03-18T23:59:59Z,PROSPECTUS,15,4,,,,
16609,8712561846530,700.0,Cif,"Creme abrasivo pink flowers, de 700 ml",,2.79,3.99,700,L,€/L,,,https://driveimg1.intermarche.com/pt/Content/images/boitmal/produit/zoom/C71BC29DB02419E55AB519313E13B11B.jpg,,,,2026-03-18T23:59:59Z,PROSPECTUS,15,4,,,,
16677,5604260276813,500.0,PorSi,Iogurte Tipo Grego Framboesa/ Amora 4x125g,,1.65,3.3,0,kg,€/Kg,,,https://driveimg1.intermarche.com/pt/Content/images/boitmal/produit/zoom/FA3982F1A80508AC104E539932C54F48.jpg,,,,2026-03-18T23:59:59Z,PROSPECTUS,15,4,,,,
16933,5604260277292,55.0,PorSi,Cápsulas Café Fortissimo Cnpx10,,2.29,41.64,0,kg,€/Kg,,,https://driveimg1.intermarche.com/pt/Content/images/boitmal/produit/zoom/D2685B35A81DF08A80F802272D6D4C46.jpg,,,,2026-03-18T23:59:59Z,PROSPECTUS,15,4,,,,
17115,5000116110155,640.0,Capitão Iglo,"Hambúrgueres de Vaca sem Glúten, emb. 640 gr (8 un)",Embalagem de 640g,9.99,15.61,0,kg,€/Kg,,Tipo de stockagem,https://driveimg1.intermarche.com/pt/Content/images/boitmal/produit/zoom/6FAFE9FC4DDEB6CE7DCD2D721BE41E81.jpg,,,,2026-03-18T23:59:59Z,PROSPECTUS,15,4,,,,
17887,8410104447526,210.0,Air Wick,"Ambientador vela duo exotic baunilha, embalagem de 2x105g",,4.89,23.29,0,kg,€/Kg,,,https://driveimg1.intermarche.com/pt/Content/images/boitmal/produit/zoom/7D7AB5FDCDCE7BE1F7187AA9236F42F9.jpg,,,,2026-03-18T23:59:59Z,PROSPECTUS,15,4,,,,
17893,5601082039817,220.0,Delta Q,Café xl qharacter cápsulas,40 Cápsulas,15.99,72.68,0,kg,€/Kg,,,https://driveimg1.intermarche.com/pt/Content/images/boitmal/produit/zoom/A33D46B8BEAE0A6886B2052A87431B6E.jpg,,,,2026-03-18T23:59:59Z,PROSPECTUS,15,4,,,,
17900,8001480023277,700.0,Neoblanc,"Lixívia Spray Mousse Flor, 700ml",,2.99,4.27,700,L,€/L,,,https://driveimg1.intermarche.com/pt/Content/images/boitmal/produit/zoom/4C9540C630C990410131B89E1C2C75B8.jpg,,,,2026-03-18T23:59:59Z,PROSPECTUS,15,4,,,,
18161,5601164884465,1320.0,Somersby,Sidra frutos vermelhos,pack 4 x 0.33 l,3.89,2.95,1320,L,€/L,,,https://driveimg1.intermarche.com/pt/Content/images/boitmal/produit/zoom/507246A606E1CB1D17B01F2DC7199F50.jpg,,,,2026-03-18T23:59:59Z,PROSPECTUS,15,4,,,,
18427,3600541743922,400.0,Garnier,Amaciador Ultra Suave Tesouros de Mel,Embalagem de 400 ml,3.69,9.23,400,L,€/L,,,https://driveimg1.intermarche.com/pt/Content/images/boitmal/produit/zoom/C6FBD2F9D7CF07F291D3DDA862938E55.jpg,,,,2026-03-18T23:59:59Z,PROSPECTUS,15,4,,,,
