identifier,produitEan13,capacite,marque,libelle,conditionnement,prix,unitPrice,volume,typeProduit_uniteByCode,unit_value,pictogrammes_0,pictogrammes_libelleCategorie,avantages_dateFin,avantages_categorie,images_0,images_1,images_2,nro_paginas,page,images_3
978,5601024134136,750.0,Oliveira da Serra,Azeite,Embalagem de 750 ml,4.99,6.65,750,L,€/L,,1000 Artigos,2024-08-14T23:59:59.999999999+01:00,PROSPECTUS,https://driveimg1.intermarche.com/pt/Content/images/boitmal/produit/zoom/4618FCD27F27BDBAA8CF1CDC30F2EFF5.jpg,,,8,1,
405,8712566410910,280.0,Calvé,Ketchup,Embalagem de 280g,2.89,10.32,0,kg,€/Kg,,1000 Artigos,2024-08-14T23:59:59.999999999+01:00,PROSPECTUS,https://driveimg1.intermarche.com/pt/Content/images/boitmal/produit/zoom/D7E099A6ABAECF4C5D06260734A2C975.jpg,https://driveimg1.intermarche.com/pt/Content/images/boitmal/produit/zoom/0D7B165FF00CA45BD8F6AC077E3CA1EC.jpg,https://driveimg1.intermarche.com/pt/Content/images/boitmal/produit/zoom/0D7B165FF00CA45BD8F6AC077E3CA1EC.jpg,8,1,
10914,3250390011620,200.0,Páturages,Queijo brie 60% mg,Embalagem de 200 g,1.68,8.4,0,kg,€/Kg,,1000 Artigos,2024-08-21T23:59:59.999999999+01:00,PROSPECTUS,https://driveimg1.intermarche.com/pt/Content/images/boitmal/produit/zoom/F0996075C850BE204C673B211C3895CD.jpg,,,8,1,
11967,5601049612336,250.0,Mimosa,Manteiga c/ sal,Embalagem de 250g,1.99,7.96,0,kg,€/Kg,,1000 Artigos,2024-08-14T23:59:59.999999999+01:00,PROSPECTUS,https://driveimg1.intermarche.com/pt/Content/images/boitmal/produit/zoom/C41D77380AC10A8E184B8D4C3C381772.jpg,https://driveimg1.intermarche.com/pt/Content/images/boitmal/produit/zoom/B59AE74FD0DBE6C3112F001AFF69E867.jpg,https://driveimg1.intermarche.com/pt/Content/images/boitmal/produit/zoom/BB9196C3025886DBB6F20EDD70A1CA7A.jpg,8,1,
13865,2891042000000,1000.0,Porco,Costeletas do Cachaço,Vendido ao peso a partir de 1 kg,4.98,4.98,0,,€/Kg,,,2024-08-14T23:59:59.999999999+01:00,PROSPECTUS,https://driveimg1.intermarche.com/pt/Content/images/boitmal/produit/zoom/9CC30521C194F3CF0E71F32C6E004880.jpg,,,8,1,
17402,8412600027233,700.0,Bimbo,Pão forma familiar normal,embalagem de 700 g,1.99,2.84,0,kg,€/Kg,,,2024-08-14T23:59:59.999999999+01:00,PROSPECTUS,https://driveimg1.intermarche.com/pt/Content/images/boitmal/produit/zoom/DE8CCFFBC376CC9F4596A72F8ABC4CE5.jpg,,,8,1,
8998,5601511000616,400.0,Limiano,"Queijo em fatias, 400g",,3.99,9.98,0,kg,€/Kg,,1000 Artigos,2024-08-14T23:59:59.999999999+01:00,PROSPECTUS,https://driveimg1.intermarche.com/pt/Content/images/boitmal/produit/zoom/F2A45C587735E27AE71C82EDBAD67D56.jpg,,,8,1,
12972,2892040000000,1000.0,Fruta,Banana,1 un = 200 gr (aprox.),1.09,1.09,0,,€/Kg,,,2024-08-14T23:59:59.999999999+01:00,PROSPECTUS,https://driveimg1.intermarche.com/pt/Content/images/boitmal/produit/zoom/C368220872795E9863F1F37C2230CCEA.jpg,,,8,1,
18595,8410500016012,400.0,Danonino Danone,"Iogurte líquido danonino morango,  4 x 100 g",,1.99,4.98,0,kg,€/Kg,,,2024-08-14T23:59:59.999999999+01:00,PROSPECTUS,https://driveimg1.intermarche.com/pt/Content/images/boitmal/produit/zoom/0E203361E14F23CD94ABD0BD721CC32D.jpg,,,8,1,
10900,3228021920191,250.0,Président,Manteiga fácil de barrar,Embalagem de 250g,3.37,13.48,0,kg,€/Kg,,,2024-08-14T23:59:59.999999999+01:00,PROSPECTUS,https://driveimg1.intermarche.com/pt/Content/images/boitmal/produit/zoom/4D96FDED3FC03AA427EBA14DEAEC2804.jpg,,,8,1,
19414,5601028024716,,Renova,"Papel Higiénico Puríssimo 3 Folhas, embalagem c/ 12 rolos",,4.99,4.99,0,,€/Unidade,,,2024-08-14T23:59:59.999999999+01:00,PROSPECTUS,https://driveimg1.intermarche.com/pt/Content/images/boitmal/produit/zoom/6242763EE156B95E7FFD25754BFAE64B.jpg,,,8,1,
51539,8410436441971,1250.0,Sonasol,Lava Tudo Amoniacal,1.25 litros,2.09,1.67,1250,L,€/L,,,2024-08-14T23:59:59.999999999+01:00,PROSPECTUS,https://driveimg1.intermarche.com/pt/Content/images/boitmal/produit/zoom/966C0647302090E003E4103374439B62.jpg,,,8,1,
4987,5601012115505,750.0,Planalto,Vinho doc douro branco,Garrafa de 0.75 l,3.99,5.32,750,L,€/L,,1000 Artigos,2024-08-14T23:59:59.999999999+01:00,PROSPECTUS,https://driveimg1.intermarche.com/pt/Content/images/boitmal/produit/zoom/6C726FDABB211E05C4F7D5DBE4A94D76.jpg,,,8,1,
2506,7613033269707,400.0,Friskies,Ração para gato adulto com atum e legumes selecionados,Embalagem de 400g,1.86,4.65,0,kg,€/Kg,,,2024-08-14T23:59:59.999999999+01:00,PROSPECTUS,https://driveimg1.intermarche.com/pt/Content/images/boitmal/produit/zoom/312085192EC38A0CD177D73C362AF824.jpg,,,8,1,
1293,5601151398104,630.0,Compal,Pack de 3 embalagens de polpa de tomate,Embalagem de 630g,1.49,2.37,0,kg,€/Kg,,,2024-08-14T23:59:59.999999999+01:00,PROSPECTUS,https://driveimg1.intermarche.com/pt/Content/images/boitmal/produit/zoom/2F7BD591A6A78BA4615EC03A19AC4973.jpg,,,8,1,
13048,2893561000000,250.0,Marisco,Ameijoa Branca Vietnamita Congelada,Vendido a partir de 250 gr  (aprox.),0.5,1.99,0,,€/Kg,,Avantages !,2024-08-14T23:59:59.999999999+01:00,PROSPECTUS,https://driveimg1.intermarche.com/pt/Content/images/boitmal/produit/zoom/87AAE93BFC6F911123DE0600840801E2.jpg,,,8,1,
21766,7613035487840,90.0,Nestlé,Fruta para bebé banana laranja bolacha +6 meses,Embalagem de 90g,0.74,8.22,0,kg,€/Kg,,,2024-08-14T23:59:59.999999999+01:00,PROSPECTUS,https://driveimg1.intermarche.com/pt/Content/images/boitmal/produit/zoom/97B5DC278815B47BCD7E38EEC0455DC8.jpg,,,8,1,
1709,5604055111060,6000.0,Fastio,Água mineral sem gás,Embalagem de 6 lt,1.69,0.28,6000,L,€/L,,,2024-08-14T23:59:59.999999999+01:00,PROSPECTUS,https://driveimg1.intermarche.com/pt/Content/images/boitmal/produit/zoom/6DC4524795A66E05CC84F206F41E7F8C.jpg,,,8,1,
13892,2891041000000,1000.0,Porco,Costeletas do Lombo,Vendido ao peso a partir de 1 kg,3.99,3.99,0,,€/Kg,,,2024-08-14T23:59:59.999999999+01:00,PROSPECTUS,https://driveimg1.intermarche.com/pt/Content/images/boitmal/produit/zoom/0CEDBCB04142A68CDED3690FB39820D0.jpg,,,8,1,
26047,8412600070994,650.0,Bimbo,Pão de forma s/ côdea,Embalagem de 650 g,2.09,3.22,0,kg,€/Kg,,,2024-08-14T23:59:59.999999999+01:00,PROSPECTUS,https://driveimg1.intermarche.com/pt/Content/images/boitmal/produit/zoom/998967574B383CCF8D49F03316F06108.jpg,,,8,1,
13585,2893580000000,250.0,Marisco,Gambão Congelado 20/30,Vendido a partir de 250 (aprox.),2.2,8.79,0,,€/Kg,,Avantages !,2024-08-14T23:59:59.999999999+01:00,PROSPECTUS,https://driveimg1.intermarche.com/pt/Content/images/boitmal/produit/zoom/FBF44724042B73F1218C70BB4977864A.jpg,,,8,1,
13833,2892579000000,300.0,Legumes,Pepino,1 un = 300 gr  (aprox.),0.36,1.19,0,,€/Kg,,,2024-08-14T23:59:59.999999999+01:00,PROSPECTUS,https://driveimg1.intermarche.com/pt/Content/images/boitmal/produit/zoom/81A5C57CCE1518487B68F04112010F92.jpg,,,8,1,
5096,5601050026429,300.0,Danonino Danone,"Queijinho danonino petitdino de morango/banana,  6 x 50 g",,1.99,6.63,0,kg,€/Kg,,1000 Artigos,2024-08-14T23:59:59.999999999+01:00,PROSPECTUS,https://driveimg1.intermarche.com/pt/Content/images/boitmal/produit/zoom/FA8D1A9125B498992C62B9745CC5DD3D.jpg,,,8,1,
36806,8001090639011,300.0,Pantene,Champô 3 em 1 anti-caspa,Embalagem de 300 ml,3.74,12.47,300,L,€/L,,,2024-08-14T23:59:59.999999999+01:00,PROSPECTUS,https://driveimg1.intermarche.com/pt/Content/images/boitmal/produit/zoom/8746DD75302C2EE11A6AA00EB69F26D7.jpg,,,8,1,
5985,5604422145209,1000.0,Macieira,Brandy,Garrafa de 1 l,15.39,15.39,1000,L,€/L,,,2024-08-14T23:59:59.999999999+01:00,PROSPECTUS,https://driveimg1.intermarche.com/pt/Content/images/boitmal/produit/zoom/B32E3266FD6067B7F44159A4FC61A7F0.jpg,,,8,1,
25217,7613035799806,375.0,Friskies,Ração para gato adulto esterilizado com peru,Embalagem de 380g,1.86,4.96,0,kg,€/Kg,,,2024-08-14T23:59:59.999999999+01:00,PROSPECTUS,https://driveimg1.intermarche.com/pt/Content/images/boitmal/produit/zoom/9E495A9E48D2DE27C42E947D95E90A47.jpg,,,8,1,
14897,2892245000000,4000.0,Fruta,Melancia Riscada,Vendido ao peso | 1 un = 4kg (aprox.),2.36,0.59,0,,€/Kg,,,2024-08-14T23:59:59.999999999+01:00,PROSPECTUS,https://driveimg1.intermarche.com/pt/Content/images/boitmal/produit/zoom/AA3D63A30F9BA2DBBD75810E5FD774FC.jpg,,,8,1,
12978,2892462000000,400.0,Legumes,Alface Frisada,1 un= 400 g (aprox.),0.48,1.19,0,,€/Kg,,,2024-08-14T23:59:59.999999999+01:00,PROSPECTUS,https://driveimg1.intermarche.com/pt/Content/images/boitmal/produit/zoom/14C8DBD7827DB992F77D5C5056950123.jpg,,,8,1,
13818,2892584000000,250.0,Legumes,Pimento Vermelho,1 un=250 gr (aprox.),0.5,1.99,0,,€/Kg,,,2024-08-14T23:59:59.999999999+01:00,PROSPECTUS,https://driveimg1.intermarche.com/pt/Content/images/boitmal/produit/zoom/A89EFDBC825F249BCF5C02ECF326661E.jpg,,,8,1,
15161,5604260274246,1000.0,PorSi,Cenouras Programa Origens,Embalagem de 1 kg,0.89,0.89,0,kg,€/Kg,,,2024-08-14T23:59:59.999999999+01:00,PROSPECTUS,https://driveimg1.intermarche.com/pt/Content/images/boitmal/produit/zoom/2C5D90EF430B0C18141C519CD5070475.jpg,,,8,1,
13947,2891125000000,150.0,Peru,Espetadas de Peru,1 un = 150 gr (aprox.),0.97,6.49,0,,€/Kg,,,2024-08-14T23:59:59.999999999+01:00,PROSPECTUS,https://driveimg1.intermarche.com/pt/Content/images/boitmal/produit/zoom/F64981E370592175339C16298CEA7C3B.jpg,,,8,1,
14858,2696002000000,250.0,PorSi,Baguete,250 g,0.44,1.76,0,kg,€/Kg,,,2024-08-14T23:59:59.999999999+01:00,PROSPECTUS,https://driveimg1.intermarche.com/pt/Content/images/boitmal/produit/zoom/8311AC325D7D7C5FB5753C9B337353B0.jpg,,,8,1,
12884,2892009000000,200.0,Fruta,Limão,1 un = 200 gr (aprox.),0.26,1.29,0,,€/Kg,,,2024-08-14T23:59:59.999999999+01:00,PROSPECTUS,https://driveimg1.intermarche.com/pt/Content/images/boitmal/produit/zoom/2F7773525E5DEBAE013C06CBE4768FAC.jpg,,,8,1,
12998,2892529000000,200.0,Legumes,Cogumelos Granel,1 un = 200 gr (aprox.),0.9,4.49,0,,€/Kg,,,2024-08-14T23:59:59.999999999+01:00,PROSPECTUS,https://driveimg1.intermarche.com/pt/Content/images/boitmal/produit/zoom/B84D52A8C689A2AC96C47A0258B4A48A.jpg,,,8,1,
15577,5604260279166,125.0,PorSi,Framboesa,Embalagem com 125g,1.49,11.92,0,kg,€/Kg,,,2024-08-14T23:59:59.999999999+01:00,PROSPECTUS,https://driveimg1.intermarche.com/pt/Content/images/boitmal/produit/zoom/498DD3B7B51C2A37F7C64567752911E7.jpg,,,8,1,
12887,2892089000000,500.0,Fruta,Manga Barco,1 un = 500 gr (aprox.),1.5,2.99,0,,€/Kg,,,2024-08-14T23:59:59.999999999+01:00,PROSPECTUS,https://driveimg1.intermarche.com/pt/Content/images/boitmal/produit/zoom/ADC504D3921218CCB4DF31F75AAF28C0.jpg,,,8,1,
13866,2891048000000,1000.0,Porco,Bifanas,Vendido ao peso a partir de 1 kg,4.29,4.29,0,,€/Kg,,,2024-08-14T23:59:59.999999999+01:00,PROSPECTUS,https://driveimg1.intermarche.com/pt/Content/images/boitmal/produit/zoom/C9E276B082B119EFEDC2A2B0E1BC737E.jpg,,,8,1,
40925,8710522652138,240.0,Calvé,Maionese,Embalagem de 240g,2.49,10.38,0,kg,€/Kg,,1000 Artigos,2024-08-14T23:59:59.999999999+01:00,PROSPECTUS,https://driveimg1.intermarche.com/pt/Content/images/boitmal/produit/zoom/BAE5DB5E204D247526D3D3D4E5D5A52E.jpg,https://driveimg1.intermarche.com/pt/Content/images/boitmal/produit/zoom/8E23B17512BCD2C444A6228885CC4217.jpg,https://driveimg1.intermarche.com/pt/Content/images/boitmal/produit/zoom/8E23B17512BCD2C444A6228885CC4217.jpg,8,1,
13895,2891047000000,150.0,Porco,Espetadas,1 un = 150 gr (aprox.),0.97,6.49,0,,€/Kg,,,2024-08-14T23:59:59.999999999+01:00,PROSPECTUS,https://driveimg1.intermarche.com/pt/Content/images/boitmal/produit/zoom/401EE6D6FA8B752FC8E1714FD69830E3.jpg,,,8,1,
13897,2891053000000,1000.0,Porco,Lombo sem Osso,Vendido ao peso a partir de 1 kg,4.99,4.99,0,,€/Kg,,,2024-08-14T23:59:59.999999999+01:00,PROSPECTUS,https://driveimg1.intermarche.com/pt/Content/images/boitmal/produit/zoom/415564DA70574ED3C1D7475F1F28BDB6.jpg,,,8,1,
1475,5601286273789,500.0,Milaneza,Massa fusilli tricolor,Embalagem de 500g,1.26,2.52,0,kg,€/Kg,,1000 Artigos,2024-08-14T23:59:59.999999999+01:00,PROSPECTUS,https://driveimg1.intermarche.com/pt/Content/images/boitmal/produit/zoom/A32BE3BEA03451FFDDD551AFD3876300.jpg,,,8,1,
22395,8712100745614,412.0,Hellmann's,Mionese top down,Embalagem de 410g,3.14,7.62,0,kg,€/Kg,,,2024-08-14T23:59:59.999999999+01:00,PROSPECTUS,https://driveimg1.intermarche.com/pt/Content/images/boitmal/produit/zoom/C642A36EEC291CE47645FCCBF50ED41C.jpg,https://driveimg1.intermarche.com/pt/Content/images/boitmal/produit/zoom/8441A970BF19CB238C08CCCD9712CAB2.jpg,https://driveimg1.intermarche.com/pt/Content/images/boitmal/produit/zoom/8441A970BF19CB238C08CCCD9712CAB2.jpg,8,1,
44234,8710522854815,257.0,Calvé,Mostarda,Embalagem de 257g,2.59,10.08,0,kg,€/Kg,,,2024-08-14T23:59:59.999999999+01:00,PROSPECTUS,https://driveimg1.intermarche.com/pt/Content/images/boitmal/produit/zoom/7979D994594677C477DA08ADD5A2E9CB.jpg,,,8,1,
1310,5601151979969,140.0,Compal,Compal da horta concentrado tomate,Embalagem de 140g,0.99,7.07,0,kg,€/Kg,,,2024-08-14T23:59:59.999999999+01:00,PROSPECTUS,https://driveimg1.intermarche.com/pt/Content/images/boitmal/produit/zoom/9A5812864404A787E39139B51FC70102.jpg,,,8,1,
13817,2892582000000,250.0,Legumes,Pimento Verde,1 un = 250 gr  (aprox.),0.5,1.99,0,,€/Kg,,,2024-08-14T23:59:59.999999999+01:00,PROSPECTUS,https://driveimg1.intermarche.com/pt/Content/images/boitmal/produit/zoom/7B3A4CEB1862E90C3453A121EC9872E4.jpg,,,8,1,
1484,5601326000122,1000.0,Pato real,Arroz carolino malandrinho,Embalagem de 1 kg,1.69,1.69,0,kg,€/Kg,,,2024-08-14T23:59:59.999999999+01:00,PROSPECTUS,https://driveimg1.intermarche.com/pt/Content/images/boitmal/produit/zoom/894170BBEE1DCE01EC4648E1F8CDBAFD.jpg,,,8,1,
13821,2892597000000,200.0,Legumes,Tomate Cacho,1 un = 200 gr (aprox.),0.3,1.49,0,,€/Kg,,,2024-08-14T23:59:59.999999999+01:00,PROSPECTUS,https://driveimg1.intermarche.com/pt/Content/images/boitmal/produit/zoom/3B66EF6541266EDFA27BC4541501843F.jpg,,,8,1,
13894,2891044000000,1000.0,Porco,Entremeada sem Entrecosto,Vendido ao peso a partir de 1 kg,4.88,4.88,0,,€/Kg,,,2024-08-14T23:59:59.999999999+01:00,PROSPECTUS,https://driveimg1.intermarche.com/pt/Content/images/boitmal/produit/zoom/C03EF63C56AFB4E4EA78E134436BF30C.jpg,,,8,1,
13956,2891205000000,50.0,Porco,Salsicha Brasileira,1 un = 50 gr (aprox.),0.25,4.99,0,,€/Kg,,,2024-08-14T23:59:59.999999999+01:00,PROSPECTUS,https://driveimg1.intermarche.com/pt/Content/images/boitmal/produit/zoom/14EAE52DCA3FF1BF75259E62B26E7BDF.jpg,,,8,1,
23469,8410500020453,280.0,Danonino Danone,"Danonino para levar, polpa de morango,  4 x 70 g",,2.14,7.64,0,kg,€/Kg,,1000 Artigos,2024-08-14T23:59:59.999999999+01:00,PROSPECTUS,https://driveimg1.intermarche.com/pt/Content/images/boitmal/produit/zoom/BCB8B07B4A9632B9CA3C8436CD26979D.jpg,,,8,1,
52880,8719200267794,450.0,Becel,"Creme Vegetal de Barrar com Sabor a Manteiga, 450g",,2.99,6.64,0,kg,€/Kg,,1000 Artigos,2024-08-14T23:59:59.999999999+01:00,PROSPECTUS,https://driveimg1.intermarche.com/pt/Content/images/boitmal/produit/zoom/287D301C66C180312FAA8A3BAE7EA710.jpg,,,8,1,
9184,5602348062754,70.0,Damatta,Presunto sabor português fatiado,Embalagem de 70 g,2.29,32.71,0,kg,€/Kg,,,2024-08-14T23:59:59.999999999+01:00,PROSPECTUS,https://driveimg1.intermarche.com/pt/Content/images/boitmal/produit/zoom/0A14ED361A0023E1AFBFC3FC3C5833B1.jpg,,,8,1,
9311,5603722502064,250.0,Mimosa,Manteiga fácil de barrar,Embalagem de 250g,2.09,8.36,0,kg,€/Kg,,,2024-08-14T23:59:59.999999999+01:00,PROSPECTUS,https://driveimg1.intermarche.com/pt/Content/images/boitmal/produit/zoom/4BF7FA2397A9EAF9E6403C8BF847293A.jpg,https://driveimg1.intermarche.com/pt/Content/images/boitmal/produit/zoom/A8C47E9F1F12DFE2439D3530C38E2D87.jpg,https://driveimg1.intermarche.com/pt/Content/images/boitmal/produit/zoom/2EE410FD3A0147BBB442FA96902FFF46.jpg,8,1,
11466,5601018004605,200.0,Gresso,Nata Uht para Bater,Embalagem de 200 ml,0.79,3.95,200,L,€/L,,,2024-08-14T23:59:59.999999999+01:00,PROSPECTUS,https://driveimg1.intermarche.com/pt/Content/images/boitmal/produit/zoom/F0BDEBD8FC14852BBFA2B30DDCAEC8DB.jpg,,,8,1,
11471,5601029004076,120.0,Bom Petisco,Atum posta ao natural,Embalagem de 120 g,1.29,10.75,0,kg,€/Kg,,,2024-08-14T23:59:59.999999999+01:00,PROSPECTUS,https://driveimg1.intermarche.com/pt/Content/images/boitmal/produit/zoom/3740C19A3967CA1D1D99F6625E0A4BA4.jpg,,,8,1,
11755,5601511000623,400.0,Limiano,"Queijo fatias -50% de gordura, 400g",,4.09,10.23,0,kg,€/Kg,,,2024-08-14T23:59:59.999999999+01:00,PROSPECTUS,https://driveimg1.intermarche.com/pt/Content/images/boitmal/produit/zoom/0ADAA02E1446E8C0B207669B95BD76E3.jpg,,,8,1,
11963,5603722505775,250.0,Mimosa,Manteiga sem sal,Embalagem de 250g,1.99,7.96,0,kg,€/Kg,,1000 Artigos,2024-08-14T23:59:59.999999999+01:00,PROSPECTUS,https://driveimg1.intermarche.com/pt/Content/images/boitmal/produit/zoom/328B59C6E2944F7ED81679344E5E6191.jpg,https://driveimg1.intermarche.com/pt/Content/images/boitmal/produit/zoom/1EA90F949357E7F98D48732996035C6E.jpg,https://driveimg1.intermarche.com/pt/Content/images/boitmal/produit/zoom/1F0AD169BB42B947BB5B96F6E89FDECD.jpg,8,1,
12519,8712100417054,416.0,Hellmann's,"Maionese, frasco",Embalagem de 420g,3.14,7.55,0,kg,€/Kg,,1000 Artigos,2024-08-14T23:59:59.999999999+01:00,PROSPECTUS,https://driveimg1.intermarche.com/pt/Content/images/boitmal/produit/zoom/252D905CA391CC38A3FB504ED230564C.jpg,https://driveimg1.intermarche.com/pt/Content/images/boitmal/produit/zoom/6731B805B2B4B445CCCFD0D614219E37.jpg,https://driveimg1.intermarche.com/pt/Content/images/boitmal/produit/zoom/6731B805B2B4B445CCCFD0D614219E37.jpg,8,1,
1456,5601286217639,500.0,Milaneza,Massa farfalle tricolor,Embalagem de 500g,1.79,3.58,0,kg,€/Kg,,,2024-08-14T23:59:59.999999999+01:00,PROSPECTUS,https://driveimg1.intermarche.com/pt/Content/images/boitmal/produit/zoom/2CB58ADA26EF1E83B0978C82005EFCEE.jpg,,,8,1,
14879,2696313000000,,Pastelaria,Croissant Brioche 85 g,,0.69,0.69,0,,€/Unidade,,,2024-08-14T23:59:59.999999999+01:00,PROSPECTUS,https://driveimg1.intermarche.com/pt/Content/images/boitmal/produit/zoom/23DD54250137E29550E3BC89EAA5A69F.jpg,,,8,1,
15979,5601119242364,650.0,Nobre,Salsichas de Aves Extra Suculentas,frasco de 650g,2.09,3.22,0,kg,€/Kg,,,2024-08-14T23:59:59.999999999+01:00,PROSPECTUS,https://driveimg1.intermarche.com/pt/Content/images/boitmal/produit/zoom/96E028FA4B876A7EDCC2B01C6774E1B0.jpg,,,8,1,
18489,5600744051020,198.0,Saborosa,Bolacha de manteiga belga c/ chocolate,Embalagem de 200g,1.64,8.28,0,kg,€/Kg,,1000 Artigos,2024-08-14T23:59:59.999999999+01:00,PROSPECTUS,https://driveimg1.intermarche.com/pt/Content/images/boitmal/produit/zoom/EC85EF320199ECBED8BA18BD4452787A.jpg,,,8,1,
35889,5601151974070,1750.0,Seven-up,Refrigerante de lima limão - free,Garrafa de 1.75 l ,1.59,0.91,1750,L,€/L,,,2024-08-14T23:59:59.999999999+01:00,PROSPECTUS,https://driveimg1.intermarche.com/pt/Content/images/boitmal/produit/zoom/72AD0374BF19555565AEB7078108FD9C.jpg,,,8,1,
40764,2702160000000,500.0,PorSi,Bife da perna de peru Programa Origens,Vendido ao peso,3.19,6.38,0,,€/Kg,,,2024-08-14T23:59:59.999999999+01:00,PROSPECTUS,https://driveimg1.intermarche.com/pt/Content/images/boitmal/produit/zoom/63F23D09B7BF2629EA121A51AF281B40.jpg,,,8,1,
45774,5054563107800,75.0,Aquafresh,"Pasta dentífrica toranja, limão e menta",Embalagem de 75ml,1.85,24.67,75,L,€/L,,,2024-08-14T23:59:59.999999999+01:00,PROSPECTUS,https://driveimg1.intermarche.com/pt/Content/images/boitmal/produit/zoom/14337ACDA5395CC2FA0C709CC7D82E7C.jpg,,,8,1,
5095,5601050026405,300.0,Danone,"Queijinho dadoninho petitdino de morango,  6 x 50 g",,1.99,6.63,0,kg,€/Kg,,1000 Artigos,2024-08-14T23:59:59.999999999+01:00,PROSPECTUS,https://driveimg1.intermarche.com/pt/Content/images/boitmal/produit/zoom/A996A3A25DAAE4625EF7D6D51278644F.jpg,,,8,1,
8521,5601119956810,120.0,Nobre,Fiambre perna extra fatiado,Embalagem de 120g,1.99,16.58,0,kg,€/Kg,,1000 Artigos,2024-08-14T23:59:59.999999999+01:00,PROSPECTUS,https://driveimg1.intermarche.com/pt/Content/images/boitmal/produit/zoom/92F6E974DF0D1BEE6EC9B9E40F884B8B.jpg,,,8,1,
940,5601001322402,20.0,Nescafé,Café solúvel nescafé,Embalagem de 20g,1.19,59.5,0,kg,€/Kg,,,2024-08-14T23:59:59.999999999+01:00,PROSPECTUS,https://driveimg1.intermarche.com/pt/Content/images/boitmal/produit/zoom/0F212944843A52390E68B12CB14B3980.jpg,,,8,1,
11656,5601195510128,1000.0,Pedras Salgadas,Água com gás limão,pack 4 x 0.25 l,2.19,2.19,1000,L,€/L,,,2024-08-14T23:59:59.999999999+01:00,PROSPECTUS,https://driveimg1.intermarche.com/pt/Content/images/boitmal/produit/zoom/9870F7D10B9ED7376F5917B0306BAC76.jpg,,,8,1,
1195,5601119230224,650.0,Nobre,Salsichas extra suculentas,Frasco de 650 g,2.09,3.22,0,kg,€/Kg,,,2024-08-14T23:59:59.999999999+01:00,PROSPECTUS,https://driveimg1.intermarche.com/pt/Content/images/boitmal/produit/zoom/8D9323C0AA785F7D26E063775F0C6C13.jpg,,,8,1,
1305,5601151862155,500.0,Compal,Polpa de tomate em garrafa,Embalagem de 500g,1.24,2.48,0,kg,€/Kg,,,2024-08-14T23:59:59.999999999+01:00,PROSPECTUS,https://driveimg1.intermarche.com/pt/Content/images/boitmal/produit/zoom/AAB3292CC676B25102611CA57B6FA818.jpg,,,8,1,
13242,2893227000000,200.0,Peixaria,Robalo de Viveiro,de 200 a 600 g (aprox.),1.16,5.79,0,,€/Kg,,,2024-08-14T23:59:59.999999999+01:00,PROSPECTUS,https://driveimg1.intermarche.com/pt/Content/images/boitmal/produit/zoom/48561D1FC8B0542874DDBC21F2E9ADCA.jpg,,,8,1,
13842,2891009000000,800.0,Novilho,Bife da Vazia,Vendido ao peso a partir de 800 g,10.39,12.99,0,,€/Kg,,,2024-08-14T23:59:59.999999999+01:00,PROSPECTUS,https://driveimg1.intermarche.com/pt/Content/images/boitmal/produit/zoom/01A34A12BFFC51D86F44E2793C3596E7.jpg,,,8,1,
13977,2696106000000,,Pastelaria,Folhado de Maçã,1 unidade= 100 g,0.89,0.89,0,,€/Unidade,,,2024-08-14T23:59:59.999999999+01:00,PROSPECTUS,https://driveimg1.intermarche.com/pt/Content/images/boitmal/produit/zoom/E2A4FBB809D0E7BB4A2D714065081A4C.jpg,,,8,1,
14038,2696013000000,80.0,Padaria,Bola mistura,1 unidade= 80 g,0.18,2.25,0,kg,€/Kg,,,2024-08-14T23:59:59.999999999+01:00,PROSPECTUS,https://driveimg1.intermarche.com/pt/Content/images/boitmal/produit/zoom/9D6E30346316F689C4A5A61ADBADBAB3.jpg,,,8,1,
1460,5601286222787,500.0,Milaneza,Massa de cotovelinhos,Embalagem de 500g,1.04,2.08,0,kg,€/Kg,,1000 Artigos,2024-08-14T23:59:59.999999999+01:00,PROSPECTUS,https://driveimg1.intermarche.com/pt/Content/images/boitmal/produit/zoom/F76BC192D8D45CCBC8881AA2D2BAAD83.jpg,,,8,1,
1467,5601286236784,500.0,Milaneza,Massa de espirais,Embalagem de 500g,1.04,2.08,0,kg,€/Kg,,1000 Artigos,2024-08-14T23:59:59.999999999+01:00,PROSPECTUS,https://driveimg1.intermarche.com/pt/Content/images/boitmal/produit/zoom/75C555C38AA58E95CAD2174BF2E349D1.jpg,,,8,1,
1468,5601286250780,500.0,Milaneza,Massa macarronete riscado,Embalagem de 500g,1.04,2.08,0,kg,€/Kg,,,2024-08-14T23:59:59.999999999+01:00,PROSPECTUS,https://driveimg1.intermarche.com/pt/Content/images/boitmal/produit/zoom/E29625DD7DC1FE05A5F96FD16E9391E8.jpg,,,8,1,
16365,5604055112005,1000.0,Fastio,"Água sem gás, garrafa de 1 l",,0.47,0.47,1000,L,€/L,,,2024-08-14T23:59:59.999999999+01:00,PROSPECTUS,https://driveimg1.intermarche.com/pt/Content/images/boitmal/produit/zoom/4C770528107ABCD7FCD46700399F62BE.jpg,,,8,1,
17430,2696318000000,500.0,Padaria,Pão de Trigo da Benedita,500 g,0.99,1.98,0,kg,€/Kg,,,2024-08-14T23:59:59.999999999+01:00,PROSPECTUS,https://driveimg1.intermarche.com/pt/Content/images/boitmal/produit/zoom/6A63783BD07721517E04DA6CF8FD94ED.jpg,,,8,1,
18488,5600744051013,220.0,Saborosa,Bolacha de manteiga belga original,Embalagem de 220g,1.59,7.23,0,kg,€/Kg,,1000 Artigos,2024-08-14T23:59:59.999999999+01:00,PROSPECTUS,https://driveimg1.intermarche.com/pt/Content/images/boitmal/produit/zoom/E47AEEFDB6078E82F552ABDA38861231.jpg,,,8,1,
22414,7613035268364,123.0,Nestlé,Tablete de chocolate extra fina leite/avelã,Embalagem de 120g,1.79,14.55,0,kg,€/Kg,,,2024-08-14T23:59:59.999999999+01:00,PROSPECTUS,https://driveimg1.intermarche.com/pt/Content/images/boitmal/produit/zoom/7736CE4E28C5141493617380C6AC07C4.jpg,,,8,1,
23477,3250390009504,840.0,Claude Léger,"Le cassoulet, 840g",,3.49,4.15,0,kg,€/Kg,,,2024-08-21T23:59:59.999999999+01:00,PROSPECTUS,https://driveimg1.intermarche.com/pt/Content/images/boitmal/produit/zoom/3C76C742BF5F51F904FC4C06E3DE4174.jpg,,,8,1,
26274,5601027002609,175.0,Bollycao,5 manhãzitos,Embalagem com 175 g,2.24,12.8,0,kg,€/Kg,,,2024-08-14T23:59:59.999999999+01:00,PROSPECTUS,https://driveimg1.intermarche.com/pt/Content/images/boitmal/produit/zoom/72802AF60F8CD24B8A8E082AF13E9F74.jpg,,,8,1,
28640,5054563030948,75.0,Aquafresh,Dentífrico Tripla Proteção,Embalagem de 75 ml,1.77,23.6,75,L,€/L,,,2024-08-14T23:59:59.999999999+01:00,PROSPECTUS,https://driveimg1.intermarche.com/pt/Content/images/boitmal/produit/zoom/2F0758EC50E92354A2691A9D74801B48.jpg,,,8,1,
30414,4015400917304,480.0,Fairy,Detergente Liquido Loiça Original,480 ml,2.54,5.29,480,L,€/L,,1000 Artigos,2024-08-14T23:59:59.999999999+01:00,PROSPECTUS,https://driveimg1.intermarche.com/pt/Content/images/boitmal/produit/zoom/9E32CE6EDBAF8F26722865569A3DD5EE.jpg,,,8,1,
35560,5601151973745,3500.0,Seven-up,Refrigerante de lima e limão com gás regular,Pack de 2 x 1.75 l,3.38,0.97,3500,L,€/L,,,2024-08-14T23:59:59.999999999+01:00,PROSPECTUS,https://driveimg1.intermarche.com/pt/Content/images/boitmal/produit/zoom/EBF8C806B4FF0C4077BF489443451B3F.jpg,,,8,1,
35913,5603722498022,800.0,Mimosa,Leite Bem Essencial morango,Embalagem de 4 x 200 ml,1.69,2.11,800,L,€/L,,,2024-08-14T23:59:59.999999999+01:00,PROSPECTUS,https://driveimg1.intermarche.com/pt/Content/images/boitmal/produit/zoom/E74AE9F14F8D6C9135CA5E0EFA53A437.jpg,,,8,1,
36183,5604736300097,100.0,Maria Batata,Batata doce frita,embalagem de 100 g,1.74,17.4,0,kg,€/Kg,,,2024-08-14T23:59:59.999999999+01:00,PROSPECTUS,https://driveimg1.intermarche.com/pt/Content/images/boitmal/produit/zoom/71A1C6E59EDA9EE5A4876F3C1F68F50F.jpg,,,8,1,
36263,5601027973060,480.0,Bimbo,Pão de forma integral,Embalagem de 480 g,1.84,3.83,0,kg,€/Kg,,,2024-08-14T23:59:59.999999999+01:00,PROSPECTUS,https://driveimg1.intermarche.com/pt/Content/images/boitmal/produit/zoom/706CDDCF91F9F779ABC5B2D4D8D2F75F.jpg,,,8,1,
38560,5601027006447,280.0,Bimbo,Pão de leite 8 un.,Embalagem de 280g,1.99,7.11,0,kg,€/Kg,,,2024-08-14T23:59:59.999999999+01:00,PROSPECTUS,https://driveimg1.intermarche.com/pt/Content/images/boitmal/produit/zoom/61E1C93727499A77EF100DF4D069FE8B.jpg,https://driveimg1.intermarche.com/pt/Content/images/boitmal/produit/zoom/03428EFF3EBBF0386E77776667460845.jpg,,8,1,
41341,8711327391475,270.0,Olá,Gelado magnum salted caramel & glazed almonds,Embalagem de 3 x 90 ml,5.49,20.33,270,L,€/L,,Tipo de stockagem,2024-08-14T23:59:59.999999999+01:00,PROSPECTUS,https://driveimg1.intermarche.com/pt/Content/images/boitmal/produit/zoom/584EE4A4EE1BDD1E470C1DA40C6359E1.jpg,,,8,1,
44664,8711327488052,1000.0,Lipton,Ice Tea limão zero açúcar,Garrafa de 1 l,1.39,1.39,1000,L,€/L,,,2024-08-14T23:59:59.999999999+01:00,PROSPECTUS,https://driveimg1.intermarche.com/pt/Content/images/boitmal/produit/zoom/52579188A3342679BB6CE44E5B5F381A.jpg,,,8,1,
448,8722700752943,2000.0,Lipton,Ice tea de manga,Garrafa de 2 l,2.39,1.2,2000,L,€/L,,,2024-08-14T23:59:59.999999999+01:00,PROSPECTUS,https://driveimg1.intermarche.com/pt/Content/images/boitmal/produit/zoom/D8A7BBA271F5B46B5DC4031B0621A8E9.jpg,,,8,1,
45773,5054563087829,75.0,Aquafresh,"Pasta dentífrica eucalipto, lima e menta",Embalagem de 75ml,1.85,24.67,75,L,€/L,,,2024-08-14T23:59:59.999999999+01:00,PROSPECTUS,https://driveimg1.intermarche.com/pt/Content/images/boitmal/produit/zoom/9BD714E3A534CEE4C22E5ACF847E84CE.jpg,,,8,1,
47102,5603722520198,250.0,Mimosa,Manteiga com sal e sem lactose,Embalagem de 250g,2.29,9.16,0,kg,€/Kg,,,2024-08-14T23:59:59.999999999+01:00,PROSPECTUS,https://driveimg1.intermarche.com/pt/Content/images/boitmal/produit/zoom/B591AEA7549E84BED541D0651A14575A.jpg,https://driveimg1.intermarche.com/pt/Content/images/boitmal/produit/zoom/03F85375587D6FDFB4925819A11BDAE0.jpg,https://driveimg1.intermarche.com/pt/Content/images/boitmal/produit/zoom/851EE75BBBA7A9986AE9578DEC17E3F9.jpg,8,1,
52137,5600111629814,,Diprochama,Acendalhas,2 x 32 Cubos,1.49,1.49,0,,€/Unidade,,,2024-08-14T23:59:59.999999999+01:00,PROSPECTUS,https://driveimg1.intermarche.com/pt/Content/images/boitmal/produit/zoom/B979A25FEFE01AA03ACA467CFB5A3E82.jpg,,,8,1,
6054,5608516251050,280.0,Quinta de Jugais,Doce de morango,Embalagem de 280g,2.39,8.54,0,kg,€/Kg,,,2024-08-14T23:59:59.999999999+01:00,PROSPECTUS,https://driveimg1.intermarche.com/pt/Content/images/boitmal/produit/zoom/D590447713E09F1E066B2DF07C403940.jpg,,,8,1,
6267,8016825926687,75.0,Aquafresh,Pasta dentífrica menta fresca,Embalagem de 75 ml,1.85,24.67,75,L,€/L,,,2024-08-14T23:59:59.999999999+01:00,PROSPECTUS,https://driveimg1.intermarche.com/pt/Content/images/boitmal/produit/zoom/B3DC987DC2831B4B3E07291CAE434D07.jpg,,,8,1,
7401,3250390461777,150.0,Páturages,Queijo roquefort,Embalagem de 150 g,2.69,17.93,0,kg,€/Kg,,,2024-08-21T23:59:59.999999999+01:00,PROSPECTUS,https://driveimg1.intermarche.com/pt/Content/images/boitmal/produit/zoom/2C4299FEE51CDB299AF05F135F96AE89.jpg,,,8,1,
8396,5601049614330,250.0,Milhafre,Manteiga com sal,Embalagem de 250g,1.99,7.96,0,kg,€/Kg,,1000 Artigos,2024-08-14T23:59:59.999999999+01:00,PROSPECTUS,https://driveimg1.intermarche.com/pt/Content/images/boitmal/produit/zoom/8DCB9F2F3B36086D35B7173891ABA268.jpg,,,8,2,
8413,8410500008932,600.0,Actimel Danone,"Actimel morango, 6 x 100g",,2.79,4.65,0,kg,€/Kg,,,2024-08-14T23:59:59.999999999+01:00,PROSPECTUS,https://driveimg1.intermarche.com/pt/Content/images/boitmal/produit/zoom/F6EB1A175778A171D463316E7A3FAC27.jpg,,,8,2,
8487,5601096401303,750.0,Aveleda,Vinho maduro branco minho alvarinho,Garrafa de 0.75 l,4.69,6.25,750,L,€/L,,,2024-08-14T23:59:59.999999999+01:00,PROSPECTUS,https://driveimg1.intermarche.com/pt/Content/images/boitmal/produit/zoom/5584288B4D3CB005FE87B35856EF89A7.jpg,,,8,2,
9078,5601883000351,250.0,Nova Açores,Manteiga com sal,Embalagem de 250g,1.99,7.96,0,kg,€/Kg,,1000 Artigos,2024-08-14T23:59:59.999999999+01:00,PROSPECTUS,https://driveimg1.intermarche.com/pt/Content/images/boitmal/produit/zoom/B374003B4D850F2B18FB43590E1FCCC4.jpg,,,8,2,
941,5601001322808,100.0,Nescafé,Café solúvel,Embalagem de 100g,3.19,31.9,0,kg,€/Kg,,,2024-08-14T23:59:59.999999999+01:00,PROSPECTUS,https://driveimg1.intermarche.com/pt/Content/images/boitmal/produit/zoom/60C0C99B7DDDE569E73B19209673ED55.jpg,,,8,2,
10091,8410100059839,360.0,Nestlé,"Queijinho petit nesquik,  6 x 60 g",,2.79,7.75,0,kg,€/Kg,,,2024-08-14T23:59:59.999999999+01:00,PROSPECTUS,https://driveimg1.intermarche.com/pt/Content/images/boitmal/produit/zoom/DBBACE0B574A9C35FF94ECEF6B014E4C.jpg,,,8,2,
12379,8410285015354,250.0,Président,Chantilly,Embalagem de 250 g,2.69,10.76,0,kg,€/Kg,,,2024-08-14T23:59:59.999999999+01:00,PROSPECTUS,https://driveimg1.intermarche.com/pt/Content/images/boitmal/produit/zoom/B654208BFA286B469467D921BFF560D4.jpg,,,8,2,
12732,3428274120014,1000.0,Président,Leite de cabra uht meio gordo,Embalagem 1L,2.33,2.33,1000,L,€/L,,,2024-08-14T23:59:59.999999999+01:00,PROSPECTUS,https://driveimg1.intermarche.com/pt/Content/images/boitmal/produit/zoom/A4DE3EA7934B3A8ABFC641CD50C6AF49.jpg,,,8,2,
13216,2893201000000,250.0,PorSi,Perca à Posta,1 un = 250g (aprox.),2.2,8.79,0,,€/Kg,,,2024-08-14T23:59:59.999999999+01:00,PROSPECTUS,https://driveimg1.intermarche.com/pt/Content/images/boitmal/produit/zoom/741D00CAD6DCC4EC729919B0800D71BD.jpg,,,8,2,
13511,2893503000000,350.0,Nossa Seleção,Camarão Tigre Congelado 20/30,,3.85,10.99,0,,€/Kg,,Avantages !,2024-08-14T23:59:59.999999999+01:00,PROSPECTUS,https://driveimg1.intermarche.com/pt/Content/images/boitmal/produit/zoom/32AD623A665DFFC0F40D8371091C399B.jpg,,,8,2,
13522,2893514000000,200.0,Peixaria,Choco Pequeno Congelado,1 un= 200 gr (aprox.),1.74,8.69,0,,€/Kg,,Avantages !,2024-08-14T23:59:59.999999999+01:00,PROSPECTUS,https://driveimg1.intermarche.com/pt/Content/images/boitmal/produit/zoom/37754AAC1A8B81BA5D21C470572981B5.jpg,,,8,2,
13567,2893562000000,250.0,Marisco,Ameijoa Castanha Vietnamita Congelada,Venda ao Kilo,0.72,2.89,0,,€/Kg,,Avantages !,2024-08-14T23:59:59.999999999+01:00,PROSPECTUS,https://driveimg1.intermarche.com/pt/Content/images/boitmal/produit/zoom/33CC3279E2741F227440A7AFDC3AEEF9.jpg,,,8,2,
14108,3250391490806,300.0,Itinéraire des Saveurs,Paella,Embalagem de 300g,2.59,8.63,0,kg,€/Kg,,,2024-08-21T23:59:59.999999999+01:00,PROSPECTUS,https://driveimg1.intermarche.com/pt/Content/images/boitmal/produit/zoom/20CDF3216D8CBC608AAB98017CC0EA1A.jpg,,,8,2,
14373,7613034584236,100.0,Nescafé,Café solúvel creme,Embalagem de 100g,3.19,31.9,0,kg,€/Kg,,,2024-08-14T23:59:59.999999999+01:00,PROSPECTUS,https://driveimg1.intermarche.com/pt/Content/images/boitmal/produit/zoom/48199761533FB8DB6A796A993ABA4535.jpg,,,8,2,
14641,5603722513879,1500.0,Pleno,Tisana de chá verde/limão light,"Garrafa de 1,5 l",1.59,1.06,1500,L,€/L,,,2024-08-14T23:59:59.999999999+01:00,PROSPECTUS,https://driveimg1.intermarche.com/pt/Content/images/boitmal/produit/zoom/65377B3F78342A8BD02B4888BCEF8A2A.jpg,,,8,2,
1472,5601286256782,500.0,Milaneza,Massa de ondas,Embalagem de 500g,1.04,2.08,0,kg,€/Kg,,,2024-08-14T23:59:59.999999999+01:00,PROSPECTUS,https://driveimg1.intermarche.com/pt/Content/images/boitmal/produit/zoom/EBEC60CF3C8D752CF3C2E06EF4538599.jpg,,,8,2,
15038,2892255000000,2500.0,Programa Origens,Melão Branco,Vendido ao peso | 1 un = 2.5 kg (aprox.),1.98,0.79,0,,€/Kg,,,2024-08-14T23:59:59.999999999+01:00,PROSPECTUS,https://driveimg1.intermarche.com/pt/Content/images/boitmal/produit/zoom/1907C0AEFCB3376B09C7B915B4809CC0.jpg,,,8,2,
15067,2892316000000,250.0,Fruta,Uva Preta,Vendido a partir de 250 gr,0.62,2.49,0,,€/Kg,,,2024-08-14T23:59:59.999999999+01:00,PROSPECTUS,https://driveimg1.intermarche.com/pt/Content/images/boitmal/produit/zoom/0F4B814FCBD1E6E66B9A99BDA34CD4EA.jpg,,,8,2,
1538,5601489134153,500.0,Du Bois de la Roche,Bolachas crackers s/ sal,Embalagem de 500g,2.99,5.98,0,kg,€/Kg,,,2024-08-14T23:59:59.999999999+01:00,PROSPECTUS,https://driveimg1.intermarche.com/pt/Content/images/boitmal/produit/zoom/73329C1C7148B60B4FEE5767CC439BEF.jpg,,,8,2,
15503,8410500018931,400.0,Danonino Danone,"Iogurte líquido danonino tutti-frutti,  4 x 100 g",,1.99,4.98,0,kg,€/Kg,,1000 Artigos,2024-08-14T23:59:59.999999999+01:00,PROSPECTUS,https://driveimg1.intermarche.com/pt/Content/images/boitmal/produit/zoom/E9A644740B00EFD95B05B4DA40640B6A.jpg,,,8,2,
15797,7613034750419,220.0,Buondi,Café moagem normal: intenso,Embalagem de 220g,3.49,15.86,0,kg,€/Kg,,,2024-08-14T23:59:59.999999999+01:00,PROSPECTUS,https://driveimg1.intermarche.com/pt/Content/images/boitmal/produit/zoom/9C13C80E504CB58316C5B56E2336173D.jpg,,,8,2,
16492,8718951037847,500.0,Ajax,"Limpa vidros pistola, tripla acção",Embalagem de 500 ml,1.97,3.94,500,L,€/L,,,2024-08-14T23:59:59.999999999+01:00,PROSPECTUS,https://driveimg1.intermarche.com/pt/Content/images/boitmal/produit/zoom/B2E06550937917C2E4B1E74DDD7CCA54.jpg,,,8,2,
1711,5604055118410,6000.0,Fastio,Água mineral sem gás,Pack 4 x 1.5 l,2.19,0.37,6000,L,€/L,,,2024-08-14T23:59:59.999999999+01:00,PROSPECTUS,https://driveimg1.intermarche.com/pt/Content/images/boitmal/produit/zoom/D02DF978D621E943487B52391D308C37.jpg,,,8,2,
17114,5000116110148,320.0,Capitão Iglo,4 hamburguers vaca s/ glúten,Embalagem de 320g,3.99,12.47,0,kg,€/Kg,,Tipo de stockagem,2024-08-14T23:59:59.999999999+01:00,PROSPECTUS,https://driveimg1.intermarche.com/pt/Content/images/boitmal/produit/zoom/8E7F8CBEF475C7DF0459EA1D70B35576.jpg,,,8,2,
17207,8006540943687,1800.0,Fairy,Detergente manual de loiça limão,Embalagem de 2 x 900 ml,6.99,3.88,1800,L,€/L,,,2024-08-14T23:59:59.999999999+01:00,PROSPECTUS,https://driveimg1.intermarche.com/pt/Content/images/boitmal/produit/zoom/B2EE328B1B3FB1BA0162E77ED87C40E9.jpg,,,8,2,
17873,8718951037885,500.0,Ajax,Limpa vidros recarga tripla ação,Embalagem de 500 ml,1.79,3.58,500,L,€/L,,,2024-08-14T23:59:59.999999999+01:00,PROSPECTUS,https://driveimg1.intermarche.com/pt/Content/images/boitmal/produit/zoom/42625D659AA36AA56C9B694404679879.jpg,,,8,2,
18350,8410320148245,80.0,Campofrio,Chouriço fatiado,Embalagem de 80g,1.59,19.88,0,kg,€/Kg,,,2024-08-14T23:59:59.999999999+01:00,PROSPECTUS,https://driveimg1.intermarche.com/pt/Content/images/boitmal/produit/zoom/C935719A57D5E81DA0BFC4CFFF1CE04A.jpg,,,8,2,
18351,8410320029971,80.0,Campofrio,Salsichão fat,Embalagem de 80g,1.59,19.88,0,kg,€/Kg,,,2024-08-14T23:59:59.999999999+01:00,PROSPECTUS,https://driveimg1.intermarche.com/pt/Content/images/boitmal/produit/zoom/522F54407A09BACA8592684E0563A486.jpg,,,8,2,
18596,8410500016029,400.0,Danonino Danone,"Iogurte líquido danonino morango/banana,  4 x 100 g",,1.99,4.98,0,kg,€/Kg,,,2024-08-14T23:59:59.999999999+01:00,PROSPECTUS,https://driveimg1.intermarche.com/pt/Content/images/boitmal/produit/zoom/418CA3EE44828DD39BFD6E2687E787F2.jpg,,,8,2,
20203,5604098001038,750.0,Tapada do Barão,Vinho branco regional alentejano,Garrafa de 0.75 l,3.74,4.99,750,L,€/L,,,2024-08-14T23:59:59.999999999+01:00,PROSPECTUS,https://driveimg1.intermarche.com/pt/Content/images/boitmal/produit/zoom/3CDC4E39AC7D1EB7003758BB27EAF83A.jpg,,,8,2,
20912,5601096227309,750.0,Aveleda,Vinho verde branco loureiro/alvarinho,Garrafa de 0.75 l,3.89,5.19,750,L,€/L,,,2024-08-14T23:59:59.999999999+01:00,PROSPECTUS,https://driveimg1.intermarche.com/pt/Content/images/boitmal/produit/zoom/707ED1BFA4B2D0E5997500FE1B1FF531.jpg,,,8,2,
21149,3415581114935,460.0,Häagen-Dazs,Gelado Salted Caramel,Embalagem de 460 ml,5.79,12.59,460,L,€/L,,Tipo de stockagem,2024-08-14T23:59:59.999999999+01:00,PROSPECTUS,https://driveimg1.intermarche.com/pt/Content/images/boitmal/produit/zoom/A8895C133BF590B5F9595172A573C829.jpg,,,8,2,
21349,3011932000805,1000.0,Martini,Vermute rosso,Garrafa de 1 l,11.38,11.38,1000,L,€/L,,1000 Artigos,2024-08-14T23:59:59.999999999+01:00,PROSPECTUS,https://driveimg1.intermarche.com/pt/Content/images/boitmal/produit/zoom/FC8A59FA07229CD8C8A2D995DE31196C.jpg,,,8,2,
25877,5604321027507,200.0,Cemporcento,Bolachas marinheiras integrais,Embalagem de 200g,2.14,10.7,0,kg,€/Kg,,,2024-08-14T23:59:59.999999999+01:00,PROSPECTUS,https://driveimg1.intermarche.com/pt/Content/images/boitmal/produit/zoom/A91BC3B4D3B3905AF1653186C4F7E01F.jpg,,,8,2,
25906,8412600071144,650.0,Bimbo,"Pão de forma especial torradas s/ côdea, 650g",,2.09,3.22,0,kg,€/Kg,,,2024-08-14T23:59:59.999999999+01:00,PROSPECTUS,https://driveimg1.intermarche.com/pt/Content/images/boitmal/produit/zoom/FE072CBAE2B254D11818DC4B4A08F173.jpg,,,8,2,
26455,8006540830840,1250.0,Fairy,Detergente Líquido p/ Lavar Loiça Platinum Original,"Embalagem de 1,25 l",4.99,3.99,1250,L,€/L,,,2024-08-14T23:59:59.999999999+01:00,PROSPECTUS,https://driveimg1.intermarche.com/pt/Content/images/boitmal/produit/zoom/C63787F1B77168388325CE46E60A774E.jpg,,,8,2,
26471,5603722510946,200.0,Gresso,Leite com Chocolate,Pack 4X200ml,1.4,7.0,200,L,€/L,,,2024-08-14T23:59:59.999999999+01:00,PROSPECTUS,https://driveimg1.intermarche.com/pt/Content/images/boitmal/produit/zoom/0108FCBB6D228E5EC4619AC8345D099C.jpg,,,8,2,
26605,5601286260413,500.0,Milaneza,Lirios tricolores,Embalagem de 500g,1.78,3.56,0,kg,€/Kg,,,2024-08-14T23:59:59.999999999+01:00,PROSPECTUS,https://driveimg1.intermarche.com/pt/Content/images/boitmal/produit/zoom/032651E612CBDAF9EAB421897FD7F2D8.jpg,,,8,2,
30721,5601883270013,150.0,Nova Açores,Queijo da ilha fatiado,Embalagem de 150g,1.79,11.93,0,kg,€/Kg,,,2024-08-14T23:59:59.999999999+01:00,PROSPECTUS,https://driveimg1.intermarche.com/pt/Content/images/boitmal/produit/zoom/10D73E639C6863D311DF928EA5B5A457.jpg,,,8,2,
32091,5601096260313,750.0,Aveleda,Vinho Verde Loureiro Branco,Garrafa de 0.75 l,3.89,5.19,750,L,€/L,,,2024-08-14T23:59:59.999999999+01:00,PROSPECTUS,https://driveimg1.intermarche.com/pt/Content/images/boitmal/produit/zoom/D8585377E14C5E1743EA806244A92335.jpg,,,8,2,
35559,5601151973738,3500.0,Pepsi,Refrigerante com gás max zero,Pack de 2 x 1.75 l,2.58,0.74,3500,L,€/L,,,2024-08-14T23:59:59.999999999+01:00,PROSPECTUS,https://driveimg1.intermarche.com/pt/Content/images/boitmal/produit/zoom/C4C79168F71B7B5145B8347211FA9783.jpg,,,8,2,
35749,5603722509667,800.0,Mimosa,Leite Bem Essencial Chocolate,Embalagem de 4 x 200 ml,1.69,2.11,800,L,€/L,,,2024-08-14T23:59:59.999999999+01:00,PROSPECTUS,https://driveimg1.intermarche.com/pt/Content/images/boitmal/produit/zoom/7497180C7B501430F6BD78AEC0C140AA.jpg,,,8,2,
36945,8719200009899,500.0,Vaqueiro,Margarina líquida,Embalagem de 500 ml,2.44,4.88,500,L,€/L,,,2024-08-14T23:59:59.999999999+01:00,PROSPECTUS,https://driveimg1.intermarche.com/pt/Content/images/boitmal/produit/zoom/18B276D9701F28BD99E88251DF4CDB08.jpg,,,8,2,
3734,3250390025863,300.0,Claude Léger,"Crepes queijo/fiambre, 6 unidades",Embalagem de 300 g,1.99,6.63,0,kg,€/Kg,,Tipo de stockagem,2024-08-21T23:59:59.999999999+01:00,PROSPECTUS,https://driveimg1.intermarche.com/pt/Content/images/boitmal/produit/zoom/7A7C99E252671C91D6D457165F65F550.jpg,,,8,2,
391,8712566173648,70.0,Knorr,"Sopa de cozido, 70g",,1.69,24.14,0,kg,€/Kg,,,2024-08-14T23:59:59.999999999+01:00,PROSPECTUS,https://driveimg1.intermarche.com/pt/Content/images/boitmal/produit/zoom/C0EE5A12F75937ABFCDAF9A5E610D848.jpg,,,8,2,
392,8712566173860,70.0,Knorr,Canja c/ aletria,Embalagem de 70g,1.69,24.14,0,kg,€/Kg,,,2024-08-14T23:59:59.999999999+01:00,PROSPECTUS,https://driveimg1.intermarche.com/pt/Content/images/boitmal/produit/zoom/97E00E32BCAF3594A1D59DEF0C0A64C0.jpg,,,8,2,
40581,2732743000000,1000.0,PorSi,Salsichas Frescas Chipolatas,Embalagem com 1 kg (aprox.) ,12.89,12.89,0,,€/Kg,,,2024-08-21T23:59:59.999999999+01:00,PROSPECTUS,https://driveimg1.intermarche.com/pt/Content/images/boitmal/produit/zoom/996B04AC70DE8BA5785E90BCAD9CF63C.jpg,,,8,2,
41000,5601151974162,1750.0,Sumol,Refrigerante com Gás Ananás,Garrafa de 1.75 l,1.79,1.02,1750,L,€/L,,1000 Artigos,2024-08-14T23:59:59.999999999+01:00,PROSPECTUS,https://driveimg1.intermarche.com/pt/Content/images/boitmal/produit/zoom/8202D5DBDFA62BC2BF7132BE68D629BF.jpg,,,8,2,
41078,8718951333420,1250.0,Ajax,Detergente líquido lava-tudo festa das flores primavera,Embalagem de 1.25 litros,2.09,1.67,1250,L,€/L,,,2024-08-14T23:59:59.999999999+01:00,PROSPECTUS,https://driveimg1.intermarche.com/pt/Content/images/boitmal/produit/zoom/1F65E7E5340A6A14958B2398A00217E9.jpg,,,8,2,
42782,2696841000000,500.0,Pastelaria,Cheesecake frutos vermelhos,500 g,7.99,15.98,0,kg,€/Kg,,,2024-08-14T23:59:59.999999999+01:00,PROSPECTUS,https://driveimg1.intermarche.com/pt/Content/images/boitmal/produit/zoom/36D3F0C4312DF34B527E768275C37216.jpg,,,8,2,
43305,7613039531853,400.0,Yogolino,"Iogurte natural sem açúcares, 4 x 100g",,2.24,5.6,0,kg,€/Kg,,,2024-08-14T23:59:59.999999999+01:00,PROSPECTUS,https://driveimg1.intermarche.com/pt/Content/images/boitmal/produit/zoom/8D52E685C6D059419C73FE516F80912E.jpg,,,8,2,
44318,2893254000000,2000.0,Peixaria,Tamboril,Vendido ao peso,23.98,11.99,0,,€/Kg,,,2024-08-14T23:59:59.999999999+01:00,PROSPECTUS,https://driveimg1.intermarche.com/pt/Content/images/boitmal/produit/zoom/779A2AA54DB1730CAED33CD59B87F3EC.jpg,,,8,2,
44665,8711327488069,1000.0,Lipton,Ice Tea pêssego zero açúcar,Garrafa de 1 l,1.39,1.39,1000,L,€/L,,,2024-08-14T23:59:59.999999999+01:00,PROSPECTUS,https://driveimg1.intermarche.com/pt/Content/images/boitmal/produit/zoom/9806A6502CAAC050A812F609EBBE29E2.jpg,,,8,2,
44736,5601119354296,220.0,Nobre,Fiambre da perna extra fatias finas,Embalagem de 220g,3.29,14.95,0,kg,€/Kg,,,2024-08-14T23:59:59.999999999+01:00,PROSPECTUS,https://driveimg1.intermarche.com/pt/Content/images/boitmal/produit/zoom/A78050C7BB155B5DB1353AC09A55C6E3.jpg,,,8,2,
44737,5601119354302,220.0,Nobre,Fiambre da perna extra fatias clássicas,Embalagem de 220g,3.29,14.95,0,kg,€/Kg,,,2024-08-14T23:59:59.999999999+01:00,PROSPECTUS,https://driveimg1.intermarche.com/pt/Content/images/boitmal/produit/zoom/5A7079899E0C28374C3BFCF673856656.jpg,,,8,2,
44804,3023290048924,150.0,Lindahls,"Pudim Proteico chocolate,  150g",,1.49,9.93,0,kg,€/Kg,,,2024-08-14T23:59:59.999999999+01:00,PROSPECTUS,https://driveimg1.intermarche.com/pt/Content/images/boitmal/produit/zoom/9B2FE0FACFAE4AC76078601AFA61FB63.jpg,,,8,2,
45233,5029053550039,,Huggies,"Toalhitas de bebé pure, 56 unidades",,1.39,1.39,0,,€/Unidade,,,2024-08-14T23:59:59.999999999+01:00,PROSPECTUS,https://driveimg1.intermarche.com/pt/Content/images/boitmal/produit/zoom/20C28BA1A876252F30C96673833B4692.jpg,,,8,2,
45321,5600765590027,350.0,Legumes,Pimento verde assado em tiras,350 g,2.79,7.97,0,kg,€/Kg,,,2024-08-14T23:59:59.999999999+01:00,PROSPECTUS,https://driveimg1.intermarche.com/pt/Content/images/boitmal/produit/zoom/F7D546BE196C1D551D79BE72AF23E385.jpg,,,8,2,
45405,3023290053508,150.0,Lindahls,"Pudim proteico baunilha,  150g",,1.49,9.93,0,kg,€/Kg,,,2024-08-14T23:59:59.999999999+01:00,PROSPECTUS,https://driveimg1.intermarche.com/pt/Content/images/boitmal/produit/zoom/6B87D362E0EA68435EA6133F4A957F48.jpg,,,8,2,
45552,8001841993874,300.0,H&S,Champô anti-caspa limpeza profunda purificante,300 ml,4.59,15.3,300,L,€/L,,,2024-08-14T23:59:59.999999999+01:00,PROSPECTUS,https://driveimg1.intermarche.com/pt/Content/images/boitmal/produit/zoom/71784009BAD4838BFC36A6DD6C321111.jpg,,,8,2,
46828,5601195650121,1000.0,Pedras Salgadas,Água com gás tangerina,Pack 4 x 25 cl,2.19,2.19,1000,L,€/L,,,2024-08-14T23:59:59.999999999+01:00,PROSPECTUS,https://driveimg1.intermarche.com/pt/Content/images/boitmal/produit/zoom/5084BA361703D671E71A24FCA1C63E64.jpg,,,8,2,
46896,3014260294243,,Gillette,"Máquinas Descartáveis Blue II, 5 unidades + 1 grátis",,2.39,2.39,0,,€/Unidade,,,2024-08-14T23:59:59.999999999+01:00,PROSPECTUS,https://driveimg1.intermarche.com/pt/Content/images/boitmal/produit/zoom/37F011EECF7E0E8D64842780E425F007.jpg,,,8,2,
476,3010470159020,400.0,Friskies,"Ração para gato adulto com coelho, frango e legumes",Embalagem de 400g,1.86,4.65,0,kg,€/Kg,,,2024-08-14T23:59:59.999999999+01:00,PROSPECTUS,https://driveimg1.intermarche.com/pt/Content/images/boitmal/produit/zoom/910C940E517160C08ABDD9D62AF704F9.jpg,,,8,2,
47648,5601119355378,120.0,Nobre,Fiambre Perna Extra Braseado Finissimas,Embalagem de 120g,1.99,16.58,0,kg,€/Kg,,,2024-08-14T23:59:59.999999999+01:00,PROSPECTUS,https://driveimg1.intermarche.com/pt/Content/images/boitmal/produit/zoom/45073CAB30F31F6D40B3DBFB7E59A4B9.jpg,,,8,2,
48920,8006540417119,300.0,Pantene,Máscara Hidratante repara e protege,300 ml,4.94,16.47,300,L,€/L,,,2024-08-14T23:59:59.999999999+01:00,PROSPECTUS,https://driveimg1.intermarche.com/pt/Content/images/boitmal/produit/zoom/F57A085460D9603C4FB629C8C537D5EB.jpg,,,8,2,
49793,5604422183249,700.0,Macieira,Macieira cream 70cl,Garrafa de 700 ml,14.39,20.56,700,L,€/L,,,2024-08-14T23:59:59.999999999+01:00,PROSPECTUS,https://driveimg1.intermarche.com/pt/Content/images/boitmal/produit/zoom/A1DED700514E3DBB5450F3CA76197AAA.jpg,,,8,2,
49820,5603722520716,750.0,Mimosa,Leite Uht Proteína Café,Pack 3 x 250 ml,2.49,3.32,750,L,€/L,,,2024-08-14T23:59:59.999999999+01:00,PROSPECTUS,https://driveimg1.intermarche.com/pt/Content/images/boitmal/produit/zoom/16EC14653F7F31D3FE499DC1730AE209.jpg,https://driveimg1.intermarche.com/pt/Content/images/boitmal/produit/zoom/411D145ABC465CAC7D63421217C7C4BA.jpg,https://driveimg1.intermarche.com/pt/Content/images/boitmal/produit/zoom/D603E1E636FFDC97D12DCCB329B68EBF.jpg,8,2,https://driveimg1.intermarche.com/pt/Content/images/boitmal/produit/zoom/5B12A42DD54A8419BEE9956642FA18F9.jpg
49940,5604260314614,700.0,Alma pura,Cachaça,700 ml,8.99,12.84,700,L,€/L,,,2024-08-14T23:59:59.999999999+01:00,PROSPECTUS,https://driveimg1.intermarche.com/pt/Content/images/boitmal/produit/zoom/D4AFD3356E986C65D4946B93FD3DF69A.jpg,,,8,2,
5031,5601028008778,,Renova,Papel Higiénico Deco |4 Folhas,Embalagem 12 Rolos,5.39,5.39,0,,€/Unidade,,,2024-08-14T23:59:59.999999999+01:00,PROSPECTUS,https://driveimg1.intermarche.com/pt/Content/images/boitmal/produit/zoom/B70E662FFAB7738B3A9B393407A26FB2.jpg,,,8,2,
5135,5601077111023,750.0,Velhotes,Vinho do Porto Tawny," garrafa de 0,75 l",5.45,7.27,750,L,€/L,,1000 Artigos,2024-08-14T23:59:59.999999999+01:00,PROSPECTUS,https://driveimg1.intermarche.com/pt/Content/images/boitmal/produit/zoom/448B6FA4CAEF254F2AA659E7E93DABCB.jpg,,,8,2,
51365,8445290618603,200.0,Buondi,Buondi cafés,Embalagem de 200g,2.49,12.45,0,kg,€/Kg,,,2024-08-14T23:59:59.999999999+01:00,PROSPECTUS,https://driveimg1.intermarche.com/pt/Content/images/boitmal/produit/zoom/4CC4509C7873873AF64518BF137E9FF6.jpg,,,8,2,
51625,8445290109613,800.0,Purina One,Ração seca para gato indoor peru,Embalagem de 800g,5.59,6.99,0,kg,€/Kg,,,2024-08-14T23:59:59.999999999+01:00,PROSPECTUS,https://driveimg1.intermarche.com/pt/Content/images/boitmal/produit/zoom/3E44930D3A8B0E84609878732EA65E2F.jpg,,,8,2,
51925,8711327587632,2000.0,Lipton,Ice Tea Manga Zero Açúcar,Garrafa de 2 l,2.39,1.2,2000,L,€/L,,,2024-08-14T23:59:59.999999999+01:00,PROSPECTUS,https://driveimg1.intermarche.com/pt/Content/images/boitmal/produit/zoom/260EAD2F7E1F4D737985C732EC963755.jpg,,,8,2,
52054,7622201735111,360.0,Royal,"Gelatina Pronta Morango,  360g",,1.44,4.0,0,kg,€/Kg,,,2024-08-14T23:59:59.999999999+01:00,PROSPECTUS,https://driveimg1.intermarche.com/pt/Content/images/boitmal/produit/zoom/8979195E50E0562805183F99A49CEE3B.jpg,,,8,2,
52295,3023290072073,160.0,Lindahls,"Iogurte Sólido Proteico Framboesa,  160 g",,0.98,6.13,0,kg,€/Kg,,,2024-08-14T23:59:59.999999999+01:00,PROSPECTUS,https://driveimg1.intermarche.com/pt/Content/images/boitmal/produit/zoom/0AFAF170DCC03528A6FC4E987CD00438.jpg,,,8,2,
52298,3023290072011,160.0,Lindahls,"Iogurte Sólido Proteico Limão Cookies,  160 g",,0.98,6.13,0,kg,€/Kg,,,2024-08-14T23:59:59.999999999+01:00,PROSPECTUS,https://driveimg1.intermarche.com/pt/Content/images/boitmal/produit/zoom/8EAA7FD65180D3A14B47E261ECEE195A.jpg,,,8,2,
52518,5601217137753,,Finish,Detergente Máquina Loiça Power Limão,60 pastilhas,11.99,11.99,0,,€/Unidade,,1000 Artigos,2024-08-14T23:59:59.999999999+01:00,PROSPECTUS,https://driveimg1.intermarche.com/pt/Content/images/boitmal/produit/zoom/526D668404590B5225313BA14BAC66F5.jpg,,,8,2,
52786,5900020043481,310.0,Nestlé,"Cereais Protein Fitness 0% Cacau, 310g",,2.89,9.32,0,kg,€/Kg,,,2024-08-14T23:59:59.999999999+01:00,PROSPECTUS,https://driveimg1.intermarche.com/pt/Content/images/boitmal/produit/zoom/B2A0913D3F7A8C1ACF4039A186AC2CD5.jpg,,,8,2,
52788,5900020043832,80.0,Nestlé,"Barras de Cereais Protein Fitness 0% Cacau, 80g",,1.59,19.88,0,kg,€/Kg,,,2024-08-14T23:59:59.999999999+01:00,PROSPECTUS,https://driveimg1.intermarche.com/pt/Content/images/boitmal/produit/zoom/319BF7682172EDC92A4E7C3D869C59EC.jpg,,,8,2,
52806,8711327608153,400.0,Magnum,"Gelado Chocolate Branco com Morango, 400 ml",,5.49,13.73,400,L,€/L,,Tipo de stockagem,2024-08-14T23:59:59.999999999+01:00,PROSPECTUS,https://driveimg1.intermarche.com/pt/Content/images/boitmal/produit/zoom/F7B277BE11B4B3700DC9F79E39DD9E85.jpg,,,8,2,
52904,8445290926029,84.0,Nestlé,"Chocolate Extrafino Filipinos Branco, 84g",,1.29,15.36,0,kg,€/Kg,,,2024-08-14T23:59:59.999999999+01:00,PROSPECTUS,https://driveimg1.intermarche.com/pt/Content/images/boitmal/produit/zoom/E120C8BF5434763B5E3155415B02A155.jpg,,,8,2,
52938,5601217137746,,Finish,"Detergente Loiça Máquina Power Regular, 60 unidades",,11.99,11.99,60,,€/Unidade,,1000 Artigos,2024-08-14T23:59:59.999999999+01:00,PROSPECTUS,https://driveimg1.intermarche.com/pt/Content/images/boitmal/produit/zoom/E450243CCF850E82EF5ADC69AB281BA1.jpg,,,8,2,
5297,5601174205403,750.0,Periquita,Vinho rosé península de setúbal,Garrafa de 0.75 l,3.69,4.92,750,L,€/L,,,2024-08-14T23:59:59.999999999+01:00,PROSPECTUS,https://driveimg1.intermarche.com/pt/Content/images/boitmal/produit/zoom/57F4393591F8197D030DC0272B1C8CF5.jpg,,,8,2,
6205,8001480020450,2000.0,Neoblanc,Lixívia Denso-Activa Harmonias Florais p/ Casa e Roupa,Embalagem de 2 l,2.99,1.5,2000,L,€/L,,,2024-08-14T23:59:59.999999999+01:00,PROSPECTUS,https://driveimg1.intermarche.com/pt/Content/images/boitmal/produit/zoom/F41ADE6A8A2E172433A5157F3ABCA9F6.jpg,,,8,2,
639,3250390207498,150.0,Bouton dor,Aperitivos mistura salgada,Embalagem de 150g,1.99,13.27,0,kg,€/Kg,,,2024-08-21T23:59:59.999999999+01:00,PROSPECTUS,https://driveimg1.intermarche.com/pt/Content/images/boitmal/produit/zoom/067F480ABF36C8FB36520DDD050B884B.jpg,,,8,2,
6535,8411134100764,,Control,6 Preservativos Adapta Senso,,4.29,4.29,0,,€/Unidade,,,2024-08-14T23:59:59.999999999+01:00,PROSPECTUS,https://driveimg1.intermarche.com/pt/Content/images/boitmal/produit/zoom/DC0D4681173A103E4475E97113B35EF1.jpg,https://driveimg1.intermarche.com/pt/Content/images/boitmal/produit/zoom/9695A5E49C9F0664ACB2A50376B468E9.jpg,,8,2,
7043,2894074000000,150.0,Campofrio,Peito de peru forno lenha,1 un = 150 gr (aprox.),2.32,15.49,0,,€/Kg,,,2024-08-14T23:59:59.999999999+01:00,PROSPECTUS,https://driveimg1.intermarche.com/pt/Content/images/boitmal/produit/zoom/EF3CEFEECAD2391EED6F65839052F87D.jpg,,,8,2,
8391,5601049159992,1000.0,Mimosa,Leite especial cálcio + vitamina d magro,Garrafa de 1 l,0.98,0.98,1000,L,€/L,,,2024-08-14T23:59:59.999999999+01:00,PROSPECTUS,https://driveimg1.intermarche.com/pt/Content/images/boitmal/produit/zoom/9A4AD44FB60B5A45579B826AAB547587.jpg,,,8,2,
8400,5601050033779,620.0,Danone,"Iogurte activia líquido cereais,  4 x 155 g",,1.99,3.21,0,kg,€/Kg,,1000 Artigos,2024-08-14T23:59:59.999999999+01:00,PROSPECTUS,https://driveimg1.intermarche.com/pt/Content/images/boitmal/produit/zoom/3AC3707CF655B8CC61D2C80E4828D7C8.jpg,,,8,2,
8415,8410500007836,600.0,Actimel Danone,"Actimel tutti-frutti,  6 x 100g",,2.79,4.65,0,kg,€/Kg,,,2024-08-14T23:59:59.999999999+01:00,PROSPECTUS,https://driveimg1.intermarche.com/pt/Content/images/boitmal/produit/zoom/DB1D3FA2CAFD2F870E694DAF87E93AD5.jpg,,,8,2,
8434,5601050033731,620.0,Danone,"Iogurte activia líquido 0% lima/limão,  4 x 155 g",,1.99,3.21,0,kg,€/Kg,,1000 Artigos,2024-08-14T23:59:59.999999999+01:00,PROSPECTUS,https://driveimg1.intermarche.com/pt/Content/images/boitmal/produit/zoom/E8DD28A0F1244F3320993F3917832E4F.jpg,,,8,2,
8520,5601119956490,120.0,Nobre,Fiambre perna extra finissimos fatiado,Embalagem de 120g,1.99,16.58,0,kg,€/Kg,,,2024-08-14T23:59:59.999999999+01:00,PROSPECTUS,https://driveimg1.intermarche.com/pt/Content/images/boitmal/produit/zoom/A7AE9A4CE77B2E0C74B78D8E6FD0475C.jpg,,,8,2,
9079,5601883000719,200.0,Nova Açores,"Queijo flamengo, fatias",Embalagem de 200g,2.19,10.95,0,kg,€/Kg,,,2024-08-14T23:59:59.999999999+01:00,PROSPECTUS,https://driveimg1.intermarche.com/pt/Content/images/boitmal/produit/zoom/7F26FAA8053D654E46EFF18238D0A9DA.jpg,,,8,2,
9196,5602523120101,750.0,Mundus,Vinho Regional de Lisboa Branco,"Garrafa de 0,75L",1.99,2.65,750,L,€/L,,,2024-08-14T23:59:59.999999999+01:00,PROSPECTUS,https://driveimg1.intermarche.com/pt/Content/images/boitmal/produit/zoom/31E3B22E10310CCAB55DE3B2B7EC5084.jpg,,,8,2,
9300,5603722497261,1500.0,Pleno,Tisana chá verde/limão,"Garrafa de 1,5 l",1.59,1.06,1500,L,€/L,,,2024-08-14T23:59:59.999999999+01:00,PROSPECTUS,https://driveimg1.intermarche.com/pt/Content/images/boitmal/produit/zoom/63B46E2B2042FC121A0C4D7D5A49ED19.jpg,,,8,2,
9907,7613034146823,800.0,Purina One,"Ração para Cão Adulto Rico em Vaca, 800 g",,4.79,5.99,0,kg,€/Kg,,,2024-08-14T23:59:59.999999999+01:00,PROSPECTUS,https://driveimg1.intermarche.com/pt/Content/images/boitmal/produit/zoom/2D069D9A111DADCD00CC4CBE292F352F.jpg,,,8,2,
9914,7613034515643,400.0,Yogolino,Nestle iogolino prep iog bolacha 100g,Embalagem de 400g,2.24,5.6,0,kg,€/Kg,,,2024-08-14T23:59:59.999999999+01:00,PROSPECTUS,https://driveimg1.intermarche.com/pt/Content/images/boitmal/produit/zoom/63C83CFCB263E0E094FFB547D1F58C13.jpg,,,8,2,
12990,2892510000000,250.0,Legumes,Beterraba sem Rama,1 un=250 gr (aprox.),0.32,1.29,0,,€/Kg,,,2024-08-14T23:59:59.999999999+01:00,PROSPECTUS,https://driveimg1.intermarche.com/pt/Content/images/boitmal/produit/zoom/FE38D0A0EDE44D01AA1FA1361EAB5312.jpg,,,8,2,
32158,4015400917328,480.0,Fairy,"Detergente Liquido da Loiça Limão, 480 ml",,2.54,5.29,480,L,€/L,,1000 Artigos,2024-08-14T23:59:59.999999999+01:00,PROSPECTUS,https://driveimg1.intermarche.com/pt/Content/images/boitmal/produit/zoom/06821894A698BA7624B6C2AA9B108A8D.jpg,,,8,2,
40592,5603722519420,480.0,Mimosa,"Iogurte fruta batida banana, laranja e bolacha, 480g",,1.69,3.52,0,kg,€/Kg,,,2024-08-14T23:59:59.999999999+01:00,PROSPECTUS,https://driveimg1.intermarche.com/pt/Content/images/boitmal/produit/zoom/1D09572C6AE538ADBF2B5D0B579F400D.jpg,,,8,2,
11463,5601018001642,250.0,Gresso,Manteiga com Sal,Embalagem de 250g,1.98,7.92,0,kg,€/Kg,,,2024-08-14T23:59:59.999999999+01:00,PROSPECTUS,https://driveimg1.intermarche.com/pt/Content/images/boitmal/produit/zoom/CE6327DA4716D17A10AB93CC3D5ACD31.jpg,https://driveimg1.intermarche.com/pt/Content/images/boitmal/produit/zoom/7AC5179CFF33BEA38B382077FB05A477.jpg,,8,3,
19368,5606586000417,250.0,Legumes,Tomate Cherry,Embalagem de 250 g,0.99,3.96,0,kg,€/Kg,,,2024-08-14T23:59:59.999999999+01:00,PROSPECTUS,https://driveimg1.intermarche.com/pt/Content/images/boitmal/produit/zoom/5696AF4CF4EA8EEE176DF8D04ED26B65.jpg,,,8,3,
22232,8410320104500,80.0,Campofrio,Salame fat,Embalagem de 80g,1.59,19.88,0,kg,€/Kg,,,2024-08-14T23:59:59.999999999+01:00,PROSPECTUS,https://driveimg1.intermarche.com/pt/Content/images/boitmal/produit/zoom/55984918C252981E6C8956EFD4419256.jpg,,,8,3,
24821,5604321028757,200.0,Cemporcento,Bolachas marinheiras chia,Embalagem de 200g,2.14,10.7,0,kg,€/Kg,,1000 Artigos,2024-08-14T23:59:59.999999999+01:00,PROSPECTUS,https://driveimg1.intermarche.com/pt/Content/images/boitmal/produit/zoom/4EB7F6F8385A406EFE84F4A039F54F6F.jpg,,,8,3,
44240,8410500010539,1200.0,Actimel Danone,"Actimel Kids, 12 x 100 g",,4.79,3.99,0,kg,€/Kg,,,2024-08-14T23:59:59.999999999+01:00,PROSPECTUS,https://driveimg1.intermarche.com/pt/Content/images/boitmal/produit/zoom/30A5D0ACB9ED08A0E0975059507175B8.jpg,,,8,3,
12230,7613034192264,250.0,Cerelac,Papa infantil para preparar com leite +6 meses,Embalagem de 250g,1.84,7.36,0,kg,€/Kg,,,2024-08-14T23:59:59.999999999+01:00,PROSPECTUS,https://driveimg1.intermarche.com/pt/Content/images/boitmal/produit/zoom/9FAA017CC3BC08A98F0EF54D61B67C5D.jpg,,,8,3,
8416,5601050029345,1200.0,Actimel Danone,"Iogurte actimel morango, 12 x 100 g",,4.69,3.91,0,kg,€/Kg,,1000 Artigos,2024-08-14T23:59:59.999999999+01:00,PROSPECTUS,https://driveimg1.intermarche.com/pt/Content/images/boitmal/produit/zoom/5FAD8A5314ADD212D31505EDB76818D0.jpg,,,8,3,
931,5601001228100,300.0,Nestum,Nestum flocos de cereais com mel,Embalagem de 300g,2.24,7.47,0,kg,€/Kg,,1000 Artigos,2024-08-14T23:59:59.999999999+01:00,PROSPECTUS,https://driveimg1.intermarche.com/pt/Content/images/boitmal/produit/zoom/3533A13BC534891673C8C96375839B78.jpg,,,8,3,
35983,5601027972735,700.0,Bimbo,Pão de forma torradas familiares,Embalagem de 700 g,1.99,2.84,0,kg,€/Kg,,,2024-08-14T23:59:59.999999999+01:00,PROSPECTUS,https://driveimg1.intermarche.com/pt/Content/images/boitmal/produit/zoom/235876653DE3C23FDDF51ADFA446C532.jpg,,,8,3,
7324,3228020390131,250.0,Président,Manteiga magra meio sal,Embalagem de 250g,2.49,9.96,0,kg,€/Kg,,,2024-08-14T23:59:59.999999999+01:00,PROSPECTUS,https://driveimg1.intermarche.com/pt/Content/images/boitmal/produit/zoom/E0572D04FA5CEC1AC6556A139AF011D2.jpg,,,8,3,
5093,5601050033755,620.0,Danone,"Iogurte activia líquido 0% morango/kiwi,  4 x 155 g",,1.99,3.21,0,kg,€/Kg,,1000 Artigos,2024-08-14T23:59:59.999999999+01:00,PROSPECTUS,https://driveimg1.intermarche.com/pt/Content/images/boitmal/produit/zoom/29B41AE598716D0550D815AA0FE86025.jpg,,,8,3,
1270,5601151023150,500.0,Compal,Polpa de tomate com cebola e alho,Embalagem de 500g,1.39,2.78,0,kg,€/Kg,,,2024-08-14T23:59:59.999999999+01:00,PROSPECTUS,https://driveimg1.intermarche.com/pt/Content/images/boitmal/produit/zoom/D455823659AE027A7D3A2F64537EA4D9.jpg,,,8,3,
13523,2893515000000,250.0,Peixaria,Lula Congelada,1 un= 250 gr (aprox.),1.25,4.99,0,,€/Kg,,Avantages !,2024-08-14T23:59:59.999999999+01:00,PROSPECTUS,https://driveimg1.intermarche.com/pt/Content/images/boitmal/produit/zoom/B2B7BBDC4CDC3C912C9CD2FEC6D3B682.jpg,,,8,3,
15886,5601027003859,210.0,Manhãzitos,Manhãzitos original,Embalagem 6x2 unidades,2.29,10.9,0,kg,€/Kg,,,2024-08-14T23:59:59.999999999+01:00,PROSPECTUS,https://driveimg1.intermarche.com/pt/Content/images/boitmal/produit/zoom/71329DB5D34C05CB20373BAE1032B91A.jpg,,,8,3,
47109,7613287218704,110.0,Nestlé,Bolsitas de puré de 4 frutas,Embalagem de 110g,0.84,7.64,0,kg,€/Kg,,,2024-08-14T23:59:59.999999999+01:00,PROSPECTUS,https://driveimg1.intermarche.com/pt/Content/images/boitmal/produit/zoom/AAE972318DF3C7B29E7A2F9B4E66DEFB.jpg,,,8,3,
40593,5603722519406,480.0,Mimosa,"Iogurte fruta batida morango,  480g",,1.69,3.52,0,kg,€/Kg,,,2024-08-14T23:59:59.999999999+01:00,PROSPECTUS,https://driveimg1.intermarche.com/pt/Content/images/boitmal/produit/zoom/0A57F6445B7C1C182B7075A26403537D.jpg,,,8,3,
1141,5601082026930,55.0,Delta Q,Cápsulas de café qharacter,Embalagem de 60g,3.69,67.09,0,kg,€/Kg,,,2024-08-14T23:59:59.999999999+01:00,PROSPECTUS,https://driveimg1.intermarche.com/pt/Content/images/boitmal/produit/zoom/1A71F3C4A9EBBD2C86D1F4FAB26D9C96.jpg,,,8,3,
1146,5601082027029,55.0,Delta Q,Café em cápsulas deqafeitatus,Embalagem de 55 g,3.69,67.09,0,kg,€/Kg,,,2024-08-14T23:59:59.999999999+01:00,PROSPECTUS,https://driveimg1.intermarche.com/pt/Content/images/boitmal/produit/zoom/28C52B3A2B5D6D42C3DE921BCC460F79.jpg,,,8,3,
15810,3094900059593,75.0,Aquafresh,Pasta Dentífrica Menta Suave,Embalagem de 75 ml,1.85,24.67,75,L,€/L,,,2024-08-14T23:59:59.999999999+01:00,PROSPECTUS,https://driveimg1.intermarche.com/pt/Content/images/boitmal/produit/zoom/36417FD84E6918863BC4A9B51808C017.jpg,,,8,3,
16493,8718951037939,500.0,Ajax,"Limpa vidros pistola, cristal",Embalagem de 500 ml,1.97,3.94,500,L,€/L,,,2024-08-14T23:59:59.999999999+01:00,PROSPECTUS,https://driveimg1.intermarche.com/pt/Content/images/boitmal/produit/zoom/E563EF990460546D67BF949773E0A516.jpg,,,8,3,
21767,7613035487871,90.0,Nestlé,Fruta para bebé multifrutas +4 meses,Embalagem de 90g,0.74,8.22,0,kg,€/Kg,,,2024-08-14T23:59:59.999999999+01:00,PROSPECTUS,https://driveimg1.intermarche.com/pt/Content/images/boitmal/produit/zoom/59D3B6826D610DDEB0688A4041A5FB71.jpg,,,8,3,
9299,5603722497254,1500.0,Pleno,"Tisana Chá de Cidreira e Tília, garrafa de 1,5 l",,1.59,1.06,1500,L,€/L,,,2024-08-14T23:59:59.999999999+01:00,PROSPECTUS,https://driveimg1.intermarche.com/pt/Content/images/boitmal/produit/zoom/E209EEA7F7A7AFC654DB8AF682E8C159.jpg,,,8,3,
3642,3059943009080,250.0,Air Wick,Ambientador recarga lavanda,Garrafa de 250 ml,3.59,14.36,250,L,€/L,,,2024-08-14T23:59:59.999999999+01:00,PROSPECTUS,https://driveimg1.intermarche.com/pt/Content/images/boitmal/produit/zoom/756F620C8BCD41CE49D260CCD66BCDF2.jpg,,,8,3,
1272,5601151060254,500.0,Compal,Tomate triturado,Embalagem de 500g,1.39,2.78,0,kg,€/Kg,,,2024-08-14T23:59:59.999999999+01:00,PROSPECTUS,https://driveimg1.intermarche.com/pt/Content/images/boitmal/produit/zoom/8578E2260B46D071F7AECDA37452145B.jpg,,,8,3,
1458,5601286220783,500.0,Milaneza,Massa de cotovelos grossos,Embalagem de 500g,1.04,2.08,0,kg,€/Kg,,,2024-08-14T23:59:59.999999999+01:00,PROSPECTUS,https://driveimg1.intermarche.com/pt/Content/images/boitmal/produit/zoom/3227F59B4850D93351548A67BD46CA40.jpg,,,8,3,
38557,5601027004764,315.0,Manhãzitos,Manhãzitos® planetus 9x2 un.,Embalagem de 315g,2.89,9.17,0,kg,€/Kg,,,2024-08-14T23:59:59.999999999+01:00,PROSPECTUS,https://driveimg1.intermarche.com/pt/Content/images/boitmal/produit/zoom/9668562796F86C61BB4FA95BDBF9C111.jpg,,,8,3,
40594,5603722519468,480.0,Mimosa,"Iogurte fruta batida banana e morango, 480g",,1.69,3.52,0,kg,€/Kg,,,2024-08-14T23:59:59.999999999+01:00,PROSPECTUS,https://driveimg1.intermarche.com/pt/Content/images/boitmal/produit/zoom/83F30AB91BC8058647F32CB83B2AAD16.jpg,,,8,3,
942,5601001324109,100.0,Nescafé,Café solúvel gold,Embalagem de 100g,4.99,49.9,0,kg,€/Kg,,,2024-08-14T23:59:59.999999999+01:00,PROSPECTUS,https://driveimg1.intermarche.com/pt/Content/images/boitmal/produit/zoom/D2208D6FAF47450CD5F51F6C5577F9FD.jpg,,,8,3,
11960,5603722505300,250.0,Mimosa,Manteiga magra,Embalagem de 250g,1.99,7.96,0,kg,€/Kg,,,2024-08-14T23:59:59.999999999+01:00,PROSPECTUS,https://driveimg1.intermarche.com/pt/Content/images/boitmal/produit/zoom/4BED7878F3F6B8054337A806342B0A37.jpg,https://driveimg1.intermarche.com/pt/Content/images/boitmal/produit/zoom/C2F91C79228A3ADF27E4AEC55908D66D.jpg,https://driveimg1.intermarche.com/pt/Content/images/boitmal/produit/zoom/8234260C017BAB3AE2C659FDE5BBED44.jpg,8,3,
25214,7613035930551,90.0,Nestlé,Fruta para bebé maçã banana morango +8 meses,Embalagem de 90g,0.74,8.22,0,kg,€/Kg,,,2024-08-14T23:59:59.999999999+01:00,PROSPECTUS,https://driveimg1.intermarche.com/pt/Content/images/boitmal/produit/zoom/320AF02AD6CE8711C7912DB2FA781A00.jpg,,,8,3,
52297,3023290072134,160.0,Lindahls,"Iogurte Sólido Proteico Pêssego Maracujá,  160 g",,0.98,6.13,0,kg,€/Kg,,,2024-08-14T23:59:59.999999999+01:00,PROSPECTUS,https://driveimg1.intermarche.com/pt/Content/images/boitmal/produit/zoom/AE9F2C535F0C913D92E310F96C678155.jpg,,,8,3,
7356,3250390033677,750.0,Delagne & Fils,Champanhe rose bruto,"Garrafa de 0,75 l",22.99,30.65,750,L,€/L,,,2024-08-21T23:59:59.999999999+01:00,PROSPECTUS,https://driveimg1.intermarche.com/pt/Content/images/boitmal/produit/zoom/C67F8C7F5B830F4B7403ECD98A12FE61.jpg,,,8,3,
8399,5601050033809,620.0,Danone,"Iogurte activia líquido morango,  4 x 155 g",,1.99,3.21,0,kg,€/Kg,,1000 Artigos,2024-08-14T23:59:59.999999999+01:00,PROSPECTUS,https://driveimg1.intermarche.com/pt/Content/images/boitmal/produit/zoom/D308B1FB4C89B3E5388CD017CB0E1529.jpg,,,8,3,
10000,8001480020559,2000.0,Neoblanc,Lixivia perfume fresco,Embalagem de 2 l,2.24,1.12,2000,L,€/L,,,2024-08-14T23:59:59.999999999+01:00,PROSPECTUS,https://driveimg1.intermarche.com/pt/Content/images/boitmal/produit/zoom/AB043965B840954BA1E2B970EB3CF7B9.jpg,,,8,3,
12286,8001480020696,2000.0,Neoblanc,Lixívia para roupa delicada,Embalagem de 2 l,5.24,2.62,2000,L,€/L,,,2024-08-14T23:59:59.999999999+01:00,PROSPECTUS,https://driveimg1.intermarche.com/pt/Content/images/boitmal/produit/zoom/1EEF05A0D9CFE46475A118F5FF12889D.jpg,,,8,3,
1469,5601286251787,500.0,Milaneza,Massa de macarrão,Embalagem de 500g,1.04,2.08,0,kg,€/Kg,,,2024-08-14T23:59:59.999999999+01:00,PROSPECTUS,https://driveimg1.intermarche.com/pt/Content/images/boitmal/produit/zoom/23F94F5EC15597A4AB9A1FC4C5526842.jpg,,,8,3,
20967,5601027002593,175.0,Manhãzitos,5 manhãzitos choco chips,Embalagem de 175 g,2.24,12.8,0,kg,€/Kg,,,2024-08-14T23:59:59.999999999+01:00,PROSPECTUS,https://driveimg1.intermarche.com/pt/Content/images/boitmal/produit/zoom/0AAF2F344E6BB2E2CE72DDB89E9BE7D6.jpg,,,8,3,
25153,5000146400042,750.0,Harpic,Líquido wc duraguard pinho da montanha,Garrafa de 750 ml,1.99,2.65,750,L,€/L,,,2024-08-14T23:59:59.999999999+01:00,PROSPECTUS,https://driveimg1.intermarche.com/pt/Content/images/boitmal/produit/zoom/4436EFCC1EEADD9FE9996407752961F9.jpg,,,8,3,
25375,5601050033441,620.0,Danone,"Iogurte activia líquido manga e papaia,  4 x 155 g",,1.99,3.21,0,kg,€/Kg,,1000 Artigos,2024-08-14T23:59:59.999999999+01:00,PROSPECTUS,https://driveimg1.intermarche.com/pt/Content/images/boitmal/produit/zoom/A96AE19E74579E9FA5D5277C47DE6D86.jpg,,,8,3,
767,4005500030287,400.0,Yogolino,Nestle iogolino prep iog banana 100g,Embalagem de 400g,2.24,5.6,0,kg,€/Kg,,,2024-08-14T23:59:59.999999999+01:00,PROSPECTUS,https://driveimg1.intermarche.com/pt/Content/images/boitmal/produit/zoom/3D8E32B0B25B565E3618BD3D531AD8AC.jpg,,,8,3,
10111,8410104402501,200.0,Vanish,"Pré-lavagem power gel, garrafa de 200 ml",,3.89,19.45,200,L,€/L,,1000 Artigos,2024-08-14T23:59:59.999999999+01:00,PROSPECTUS,https://driveimg1.intermarche.com/pt/Content/images/boitmal/produit/zoom/43BF12F00EF01640414435278CB9BD77.jpg,,,8,3,
10901,3228022000298,250.0,Président,Manteiga magra baixo teor sal,Embalagem de 250g,2.49,9.96,0,kg,€/Kg,,,2024-08-14T23:59:59.999999999+01:00,PROSPECTUS,https://driveimg1.intermarche.com/pt/Content/images/boitmal/produit/zoom/39754817E202726209A4761F94FED7A7.jpg,,,8,3,
1307,5601151962152,1000.0,Compal,Polpa de tomate em garrafa,Embalagem de 1 kg,2.09,2.09,0,kg,€/Kg,,,2024-08-14T23:59:59.999999999+01:00,PROSPECTUS,https://driveimg1.intermarche.com/pt/Content/images/boitmal/produit/zoom/188D8B739A75F9183E13BB6E462F65B0.jpg,,,8,3,
14698,7613034570512,90.0,Nestlé,Fruta para bebé 4 frutas +4 meses,Embalagem de 90g,0.74,8.22,0,kg,€/Kg,,,2024-08-14T23:59:59.999999999+01:00,PROSPECTUS,https://driveimg1.intermarche.com/pt/Content/images/boitmal/produit/zoom/0783A3CBD6B546AE24E09BF08DF0A429.jpg,,,8,3,
19608,7613035376861,90.0,Nestlé,Fruta para bebé maçã cenoura manga +6 meses,Embalagem de 90g,0.74,8.22,0,kg,€/Kg,,,2024-08-14T23:59:59.999999999+01:00,PROSPECTUS,https://driveimg1.intermarche.com/pt/Content/images/boitmal/produit/zoom/5C041057EE06358447920ADCA69E0479.jpg,,,8,3,
33222,3228024070282,130.0,Président,"Queijo creme de brie, 125 g",,2.24,17.23,0,kg,€/Kg,,,2024-08-14T23:59:59.999999999+01:00,PROSPECTUS,https://driveimg1.intermarche.com/pt/Content/images/boitmal/produit/zoom/FD07504DC881394E6116D36E0F2C3BCC.jpg,,,8,3,
37510,7613036841498,90.0,Nestlé,Pacote maçã e pêssego,Embalagem de 90 g,0.74,8.22,0,kg,€/Kg,,,2024-08-14T23:59:59.999999999+01:00,PROSPECTUS,https://driveimg1.intermarche.com/pt/Content/images/boitmal/produit/zoom/B6EBF57BF6FEE625FEE4365FC32440DD.jpg,,,8,3,
52536,4008400320328,129.0,Kinder,Snack Chocolate Bueno,Embalagem de 3x43g,2.19,16.98,0,kg,€/Kg,,,2024-08-14T23:59:59.999999999+01:00,PROSPECTUS,https://driveimg1.intermarche.com/pt/Content/images/boitmal/produit/zoom/7D0C6F0D8A14FE6E20497AD8E847B60F.jpg,,,8,3,
7231,3059941005008,750.0,Harpic,Gel wc tripla ação c/ lixívia,Garrafa de 750 ml,1.99,2.65,750,L,€/L,,,2024-08-14T23:59:59.999999999+01:00,PROSPECTUS,https://driveimg1.intermarche.com/pt/Content/images/boitmal/produit/zoom/4F4DC0D04FEFE2E1C1396B2DF4E1E13C.jpg,,,8,3,
8435,5601050033953,620.0,Danone,"Iogurte activia líquido 0% de pêssego/maracujá,  4 x 155 g",,1.99,3.21,0,kg,€/Kg,,1000 Artigos,2024-08-14T23:59:59.999999999+01:00,PROSPECTUS,https://driveimg1.intermarche.com/pt/Content/images/boitmal/produit/zoom/748ECF51AF6234B1BD1ECDB41529BE95.jpg,,,8,3,
10639,8712566395514,60.0,Knorr,"Sopa gourmet, cogumelos",Embalagem de 60g,2.19,36.5,0,kg,€/Kg,,,2024-08-14T23:59:59.999999999+01:00,PROSPECTUS,https://driveimg1.intermarche.com/pt/Content/images/boitmal/produit/zoom/B0DE93CCE9C882CDFCAF84912313B4E5.jpg,,,8,3,
12521,8712100417474,460.0,Hellmann's,Maionese magra em frasco,Embalagem de 460g,3.14,6.83,0,kg,€/Kg,,,2024-08-14T23:59:59.999999999+01:00,PROSPECTUS,https://driveimg1.intermarche.com/pt/Content/images/boitmal/produit/zoom/A7BCD2CD890AA2348D9DB42E7F0D2DB6.jpg,https://driveimg1.intermarche.com/pt/Content/images/boitmal/produit/zoom/5EE500879C9469898FD1466D95386BB7.jpg,https://driveimg1.intermarche.com/pt/Content/images/boitmal/produit/zoom/5EE500879C9469898FD1466D95386BB7.jpg,8,3,
13541,2893533000000,250.0,Congelado de Aquicultura,Camarão Congelado 60/80,1 un = 250 gr  (aprox.),2.0,7.99,0,,€/Kg,,Avantages !,2024-08-14T23:59:59.999999999+01:00,PROSPECTUS,https://driveimg1.intermarche.com/pt/Content/images/boitmal/produit/zoom/29A2DFA509FFDAFCD18E7F308BD753B4.jpg,,,8,3,
16040,5608516251029,280.0,Quinta de Jugais,Doce de abóbora c/ noz,Embalagem de 280g,2.39,8.54,0,kg,€/Kg,,,2024-08-14T23:59:59.999999999+01:00,PROSPECTUS,https://driveimg1.intermarche.com/pt/Content/images/boitmal/produit/zoom/C72E1A6620F24FDD8D0C1D1C351B8129.jpg,,,8,3,
16919,8718951037878,500.0,Ajax,Limpa vidros cristal recarga,Embalagem de 500 ml,1.79,3.58,500,L,€/L,,,2024-08-14T23:59:59.999999999+01:00,PROSPECTUS,https://driveimg1.intermarche.com/pt/Content/images/boitmal/produit/zoom/1E01F43019F10371A21CF05D1BC242D7.jpg,,,8,3,
19927,5601883000405,250.0,Nova Açores,Manteiga c/ sal gourmet,Embalagem de 250g,2.19,8.76,0,kg,€/Kg,,,2024-08-14T23:59:59.999999999+01:00,PROSPECTUS,https://driveimg1.intermarche.com/pt/Content/images/boitmal/produit/zoom/65056049540390D09FDE870040E3173A.jpg,,,8,3,
2395,5608516251012,280.0,Quinta de Jugais,Doce de abóbora,Embalagem de 280g,2.39,8.54,0,kg,€/Kg,,,2024-08-14T23:59:59.999999999+01:00,PROSPECTUS,https://driveimg1.intermarche.com/pt/Content/images/boitmal/produit/zoom/42553823D44D04C0CD8B9270A0D469B7.jpg,,,8,3,
25310,8410022011540,228.0,Bollycao,Bollycao de leite 4 un.,Embalagem de 228 g,2.19,9.61,0,kg,€/Kg,,,2024-08-14T23:59:59.999999999+01:00,PROSPECTUS,https://driveimg1.intermarche.com/pt/Content/images/boitmal/produit/zoom/0AFD08C47BB6CAA380643FB41A88C1DC.jpg,,,8,3,
31433,5604321027040,200.0,Cemporcento,Bolachas marinheiras naturais,Embalagem de 200g,2.14,10.7,0,kg,€/Kg,,,2024-08-14T23:59:59.999999999+01:00,PROSPECTUS,https://driveimg1.intermarche.com/pt/Content/images/boitmal/produit/zoom/0C64FB6F818D4BF04BAF43584E347A27.jpg,,,8,3,
393,8712566173945,70.0,Knorr,Creme marisco,Embalagem de 70g,1.69,24.14,0,kg,€/Kg,,,2024-08-14T23:59:59.999999999+01:00,PROSPECTUS,https://driveimg1.intermarche.com/pt/Content/images/boitmal/produit/zoom/5AC7DB72DD40FCC73A38BA936E17E369.jpg,,,8,3,
40670,5000116125449,1440.0,Capitão Iglo,18 hamburguers s/ glúten vaca,Pack familiar com 1.4 kg,14.99,10.41,0,kg,€/Kg,,Tipo de stockagem,2024-08-14T23:59:59.999999999+01:00,PROSPECTUS,https://driveimg1.intermarche.com/pt/Content/images/boitmal/produit/zoom/1205D6FFB1292702E12CA65D9CB59DB1.jpg,,,8,3,
41901,7613037677591,250.0,Cerelac,Farinha láctea menos 40% açúcar,Embalagem de 250g,2.24,8.96,0,kg,€/Kg,,,2024-08-14T23:59:59.999999999+01:00,PROSPECTUS,https://driveimg1.intermarche.com/pt/Content/images/boitmal/produit/zoom/687BCC1B8BE836CF748B8DD683218C66.jpg,,,8,3,
47110,7613287218766,110.0,Nestlé,Bolsitas de puré de multifrutas,Embalagem de 110g,0.84,7.64,0,kg,€/Kg,,,2024-08-14T23:59:59.999999999+01:00,PROSPECTUS,https://driveimg1.intermarche.com/pt/Content/images/boitmal/produit/zoom/6D82A987C9C6908002E3D5AFC9ADDDBF.jpg,,,8,3,
52139,5600363421068,3000.0,Ecobrasa,"Biocarvão, 17 dm3",,4.69,1.56,0,kg,€/Kg,,,2024-08-14T23:59:59.999999999+01:00,PROSPECTUS,https://driveimg1.intermarche.com/pt/Content/images/boitmal/produit/zoom/E7DAAC395B1532F33131E65C9C35B7A6.jpg,,,8,3,
52883,8719200267824,1000.0,Planta,"Creme Vegetal para Barrar Original, 1 kg",,4.79,4.79,0,kg,€/Kg,,,2024-08-14T23:59:59.999999999+01:00,PROSPECTUS,https://driveimg1.intermarche.com/pt/Content/images/boitmal/produit/zoom/CBB4812E883E0A943660F7C5BD667E18.jpg,,,8,3,
947,5601001355905,200.0,Nestlé,Mistura solúvel brasa,Embalagem de 200g,2.44,12.2,0,kg,€/Kg,,,2024-08-14T23:59:59.999999999+01:00,PROSPECTUS,https://driveimg1.intermarche.com/pt/Content/images/boitmal/produit/zoom/6981E67BBCF9FFC80CE2C5DE99454533.jpg,,,8,3,
1009,5601038300077,80.0,Knorr,Caldo de galinha 8 cubos,Embalagem de 80g,1.69,21.13,0,kg,€/Kg,,,2024-08-14T23:59:59.999999999+01:00,PROSPECTUS,https://driveimg1.intermarche.com/pt/Content/images/boitmal/produit/zoom/D3644371C96943E641B6137A53588BE4.jpg,,,8,3,
10351,8411134103338,,Control,6 Preservativos Adapta Nature,,3.49,3.49,0,,€/Unidade,,,2024-08-14T23:59:59.999999999+01:00,PROSPECTUS,https://driveimg1.intermarche.com/pt/Content/images/boitmal/produit/zoom/AA1589B4885D56D6E675A34B47F3AFEE.jpg,https://driveimg1.intermarche.com/pt/Content/images/boitmal/produit/zoom/E904E0E3DEA92FC0A6E00A850118F1A2.jpg,,8,3,
11992,5604098003025,750.0,Tapada do Barão,Vinho tinto regional alentejano,Garrafa de 0.75 l,3.74,4.99,750,L,€/L,,,2024-08-14T23:59:59.999999999+01:00,PROSPECTUS,https://driveimg1.intermarche.com/pt/Content/images/boitmal/produit/zoom/91773AB9AAB1CBE39F214AF698AE9D13.jpg,,,8,3,
16973,5601027000216,228.0,Bollycao,Bolo recheio chocolate,Embalagem de 4x57g,2.19,9.61,0,kg,€/Kg,,,2024-08-14T23:59:59.999999999+01:00,PROSPECTUS,https://driveimg1.intermarche.com/pt/Content/images/boitmal/produit/zoom/CBD021435C1D8BADDEB8ADF59C1A5B12.jpg,,,8,3,
18618,5601027004870,210.0,Manhãzitos,Manhãzitos -50% açúcares,Embalagem 6x2 unidades,2.29,10.9,0,kg,€/Kg,,,2024-08-14T23:59:59.999999999+01:00,PROSPECTUS,https://driveimg1.intermarche.com/pt/Content/images/boitmal/produit/zoom/C536B78EEF5079E4091AFA5999C1DFFB.jpg,,,8,3,
22936,5029053562094,,Scottex,"Papel higiénico acolchoado sensitive 3 folhas, 6 rolos",,2.79,2.79,0,,€/Unidade,,,2024-08-14T23:59:59.999999999+01:00,PROSPECTUS,https://driveimg1.intermarche.com/pt/Content/images/boitmal/produit/zoom/B93E5A87A9E75E5D418C91A3ED363CDE.jpg,,,8,3,
24378,5601119268029,200.0,Nobre,5 Salsichas soja,Embalagem de 200g,2.39,11.95,0,kg,€/Kg,,,2024-08-14T23:59:59.999999999+01:00,PROSPECTUS,https://driveimg1.intermarche.com/pt/Content/images/boitmal/produit/zoom/97BBC19A41A402E687839695634025E2.jpg,,,8,3,
2500,7613033129025,250.0,Cerelac,Papa infantil não láctea bolacha maria +6 meses,Embalagem de 250g,2.39,9.56,0,kg,€/Kg,,,2024-08-14T23:59:59.999999999+01:00,PROSPECTUS,https://driveimg1.intermarche.com/pt/Content/images/boitmal/produit/zoom/1A288A774960D901AD4DC15008F92E64.jpg,,,8,3,
432,8722700084952,63.0,Knorr,Sopa de legumes,Embalagem de 60g,1.69,26.83,0,kg,€/Kg,,,2024-08-14T23:59:59.999999999+01:00,PROSPECTUS,https://driveimg1.intermarche.com/pt/Content/images/boitmal/produit/zoom/CDD0F7AF267061F5F2B16720B17C4635.jpg,,,8,3,
43314,8710604741835,38.0,Knorr,"Knorr 1, 2, 3...sabor! - Esparguete à Bolonhesa",Embalagem de 38g,1.14,30.0,0,kg,€/Kg,,,2024-08-14T23:59:59.999999999+01:00,PROSPECTUS,https://driveimg1.intermarche.com/pt/Content/images/boitmal/produit/zoom/1AD8F86949CA6A3C2AA0433AFAB790E1.jpg,,,8,3,
44785,7613039960196,120.0,Nestlé,Chocolate negro 85% cacau,Embalagem de 120g,2.45,20.42,0,kg,€/Kg,,,2024-08-14T23:59:59.999999999+01:00,PROSPECTUS,https://driveimg1.intermarche.com/pt/Content/images/boitmal/produit/zoom/E193EA40CA2247742F14C5EF162DA9C4.jpg,,,8,3,
45551,8001841993904,300.0,H&S,Champô anti-caspa limpeza profunda e alívio da comichão,300 ml,4.59,15.3,300,L,€/L,,,2024-08-14T23:59:59.999999999+01:00,PROSPECTUS,https://driveimg1.intermarche.com/pt/Content/images/boitmal/produit/zoom/9D4695ABF3865F4D38210A47A84CB551.jpg,,,8,3,
46771,7613035027022,800.0,Purina One,"Ração para Cão Mini Júnior, 800 g",,4.79,5.99,0,kg,€/Kg,,,2024-08-14T23:59:59.999999999+01:00,PROSPECTUS,https://driveimg1.intermarche.com/pt/Content/images/boitmal/produit/zoom/03D1B33C25D214E2BEDD75DD743BA96E.jpg,,,8,3,
5136,5601077122012,750.0,Velhotes,Vinho do Porto Branco,"Garrafa de 0,75 l",5.45,7.27,750,L,€/L,,,2024-08-14T23:59:59.999999999+01:00,PROSPECTUS,https://driveimg1.intermarche.com/pt/Content/images/boitmal/produit/zoom/23DA3BAF150EE6D429DA3F988DF859EC.jpg,,,8,3,
6179,8000920200025,650.0,Olá,Viennetta baunilha,Embalagem de 650 ml,2.59,3.98,650,L,€/L,,Tipo de stockagem,2024-08-14T23:59:59.999999999+01:00,PROSPECTUS,https://driveimg1.intermarche.com/pt/Content/images/boitmal/produit/zoom/4D05F364E352C09AFD56EFBAEDD20270.jpg,,,8,3,
6208,8001480020580,2000.0,Neoblanc,Lixívia Denso-Activa Tradicional p/ Casa e Roupa,Embalagem de 2 l,2.99,1.5,2000,L,€/L,,,2024-08-14T23:59:59.999999999+01:00,PROSPECTUS,https://driveimg1.intermarche.com/pt/Content/images/boitmal/produit/zoom/E446BACA3D4561303E1F410048645F37.jpg,,,8,3,
1131,5601078005024,750.0,Grão Vasco,Vinho doc dão branco,Garrafa de 750 ml,3.35,4.47,750,L,€/L,,,2024-08-14T23:59:59.999999999+01:00,PROSPECTUS,https://driveimg1.intermarche.com/pt/Content/images/boitmal/produit/zoom/7BCAFBC6A1AB7A25F3DDC1C864A8B95C.jpg,,,8,3,
1144,5601082026978,55.0,Delta Q,Café em cápsulas aqtivus,Embalagem de 55 g,3.29,59.82,0,kg,€/Kg,,,2024-08-14T23:59:59.999999999+01:00,PROSPECTUS,https://driveimg1.intermarche.com/pt/Content/images/boitmal/produit/zoom/2F6FF35AEBEA3372C65F75DED3D7D4E2.jpg,,,8,3,
11505,5601050033793,620.0,Danone,"Iogurte activia líquido kiwi,  4 x 155 g",,1.99,3.21,0,kg,€/Kg,,1000 Artigos,2024-08-14T23:59:59.999999999+01:00,PROSPECTUS,https://driveimg1.intermarche.com/pt/Content/images/boitmal/produit/zoom/757255A002BED1AF00FC2ECE09877B17.jpg,,,8,3,
12730,3415581113938,460.0,Häagen-Dazs,Gelado Belgian Chocolate,Embalagem de 460 ml,5.79,12.59,460,L,€/L,,Tipo de stockagem,2024-08-14T23:59:59.999999999+01:00,PROSPECTUS,https://driveimg1.intermarche.com/pt/Content/images/boitmal/produit/zoom/D8FFEE557C3A0337E5B6FA1E5F2340E9.jpg,,,8,3,
13957,2891233000000,100.0,Aves,Salsicha Fresca de Aves,1 un = 100 gr (aprox.),0.63,6.29,0,,€/Kg,,,2024-08-14T23:59:59.999999999+01:00,PROSPECTUS,https://driveimg1.intermarche.com/pt/Content/images/boitmal/produit/zoom/0A11AADC497489C7F99DD3047DDB09B1.jpg,,,8,3,
14458,7613034678607,90.0,Nestlé,Fruta para bebé banana maçã +4 meses,Embalagem de 90g,0.74,8.22,0,kg,€/Kg,,,2024-08-14T23:59:59.999999999+01:00,PROSPECTUS,https://driveimg1.intermarche.com/pt/Content/images/boitmal/produit/zoom/61C36FFFF4D3AE906443F9876484DF6E.jpg,,,8,3,
1539,5601489135150,500.0,Du Bois de la Roche,Bolachas crackers c/ sal,Embalagem de 500g,2.99,5.98,0,kg,€/Kg,,,2024-08-14T23:59:59.999999999+01:00,PROSPECTUS,https://driveimg1.intermarche.com/pt/Content/images/boitmal/produit/zoom/EA5CED0C201EB6AEEFBF2C0179F0BB3D.jpg,,,8,3,
16337,7613033481314,400.0,Nestlé,Cereais lion chocolate/caramelo,Embalagem de 400g,2.99,7.48,0,kg,€/Kg,,,2024-08-14T23:59:59.999999999+01:00,PROSPECTUS,https://driveimg1.intermarche.com/pt/Content/images/boitmal/produit/zoom/86B80076D74EEB7881F7C387A109D941.jpg,,,8,3,
16813,8410436416085,4000.0,Sonasol,Lava Tudo Amoniacal,4 litros,4.99,1.25,4000,L,€/L,,,2024-08-14T23:59:59.999999999+01:00,PROSPECTUS,https://driveimg1.intermarche.com/pt/Content/images/boitmal/produit/zoom/E9F0229B18ECDF0B75B43F26725605C6.jpg,,,8,3,
17027,2696250000000,,Pastelaria,Tigelada,1 unidade= 150 gr,1.19,1.19,0,,€/Unidade,,,2024-08-14T23:59:59.999999999+01:00,PROSPECTUS,https://driveimg1.intermarche.com/pt/Content/images/boitmal/produit/zoom/AA072125DC99AF2E37E0A2F8AA9B8C2F.jpg,,,8,3,
19872,3600541921252,200.0,Ambre Solaire,Protector Solar Clássico FPS 30,Embalagem de 200 ml,9.59,47.95,200,L,€/L,,,2024-08-14T23:59:59.999999999+01:00,PROSPECTUS,https://driveimg1.intermarche.com/pt/Content/images/boitmal/produit/zoom/34AF72C47D3763838528A15090C7FD3B.jpg,,,8,3,
21254,5601096213333,750.0,Aveleda,Vinho verde branco,Garrafa de 750 ml,3.49,4.65,750,L,€/L,,,2024-08-14T23:59:59.999999999+01:00,PROSPECTUS,https://driveimg1.intermarche.com/pt/Content/images/boitmal/produit/zoom/094EF2C01AC6AAFB8F3DDCBB432888F4.jpg,,,8,3,
30879,5601195620124,1000.0,Pedras Salgadas,Pedras salgadas frutos vermelhos,pack 4 x 0.25 l,2.19,2.19,1000,L,€/L,,,2024-08-14T23:59:59.999999999+01:00,PROSPECTUS,https://driveimg1.intermarche.com/pt/Content/images/boitmal/produit/zoom/2839384B061E6BE9F46A23A2AC7BE08B.jpg,,,8,3,
32400,8006540876947,385.0,Pantene,Champô Anticaspa,385 ml,3.89,10.1,385,L,€/L,,1000 Artigos,2024-08-14T23:59:59.999999999+01:00,PROSPECTUS,https://driveimg1.intermarche.com/pt/Content/images/boitmal/produit/zoom/C394656D5A326E8E294168046065036F.jpg,,,8,3,
33880,2895262000000,200.0,Nova Açores,Queijo curado alho e salsa,Vendido ao peso,2.6,12.99,0,,€/Kg,,,2024-08-14T23:59:59.999999999+01:00,PROSPECTUS,https://driveimg1.intermarche.com/pt/Content/images/boitmal/produit/zoom/6DFB0BDFD7D33CE63F739EE4D5E2FEFC.jpg,,,8,3,
33884,2893837000000,1500.0,Peixaria,Peixe espada preto inteiro,Vendido ao peso,11.99,7.99,0,,€/Kg,,,2024-08-14T23:59:59.999999999+01:00,PROSPECTUS,https://driveimg1.intermarche.com/pt/Content/images/boitmal/produit/zoom/BB671A8B4DE8C7901B64CBAB01F1F6E6.jpg,,,8,3,
33893,8412600012147,188.0,Bimbo,Little bites® 188 g,Embalagem de 190g,2.29,12.18,0,kg,€/Kg,,,2024-08-14T23:59:59.999999999+01:00,PROSPECTUS,https://driveimg1.intermarche.com/pt/Content/images/boitmal/produit/zoom/46B831BD5ED9D5543FA52E1AE48A5AFF.jpg,,,8,3,
35753,8001841240640,270.0,Pantene,Creme para pentear caracóis,270 ml,5.99,22.19,270,L,€/L,,,2024-08-14T23:59:59.999999999+01:00,PROSPECTUS,https://driveimg1.intermarche.com/pt/Content/images/boitmal/produit/zoom/574B3E314AF635DCDB9A6448E3C017C1.jpg,,,8,3,
36807,8001090374462,200.0,Pantene,Condicionador repara e protege,Embalagem de 200 ml,4.49,22.45,200,L,€/L,,,2024-08-14T23:59:59.999999999+01:00,PROSPECTUS,https://driveimg1.intermarche.com/pt/Content/images/boitmal/produit/zoom/3A2682FB48632A600621FBE47BA7FEAF.jpg,,,8,4,
37900,5601119305007,210.0,Nobre,Salsicha hot dog,Frasco de 250 g,2.39,11.38,0,kg,€/Kg,,,2024-08-14T23:59:59.999999999+01:00,PROSPECTUS,https://driveimg1.intermarche.com/pt/Content/images/boitmal/produit/zoom/DBE67CEBD33E352115BE3A5E4EBF94C8.jpg,,,8,4,
39305,5601195640122,1000.0,Pedras Salgadas,Pedras maracujá,Pack 4 x 25 cl,2.19,2.19,1000,L,€/L,,,2024-08-14T23:59:59.999999999+01:00,PROSPECTUS,https://driveimg1.intermarche.com/pt/Content/images/boitmal/produit/zoom/4C945380FED2FA4017377501F2ADC0B7.jpg,,,8,4,
41079,8718951337770,1250.0,Ajax,Detergente líquido lava-tudo festa das flores lavanda,Embalagem de 1.25 litros,2.09,1.67,1250,L,€/L,,1000 Artigos,2024-08-14T23:59:59.999999999+01:00,PROSPECTUS,https://driveimg1.intermarche.com/pt/Content/images/boitmal/produit/zoom/E70AB8ED1CF66F7D12F4232EB9C2C450.jpg,,,8,4,
41080,8718951338333,1250.0,Ajax,Detergente líquido lava-tudo festa das flores montanha,Embalagem de 1.25 litros,2.09,1.67,1250,L,€/L,,1000 Artigos,2024-08-14T23:59:59.999999999+01:00,PROSPECTUS,https://driveimg1.intermarche.com/pt/Content/images/boitmal/produit/zoom/9994C597530D04195747B334AB219D70.jpg,,,8,4,
48678,8000300339413,100.0,Crunch,Chocolate de Leite com Bolacha,Embalagem de 100g,1.74,17.4,0,kg,€/Kg,,,2024-08-14T23:59:59.999999999+01:00,PROSPECTUS,https://driveimg1.intermarche.com/pt/Content/images/boitmal/produit/zoom/E91214FA36AB3689AEFB2DC3B72715BC.jpg,,,8,4,
48922,8006540417072,300.0,Pantene,Máscara Caracóis Perfeitos,300 ml,4.94,16.47,300,L,€/L,,,2024-08-14T23:59:59.999999999+01:00,PROSPECTUS,https://driveimg1.intermarche.com/pt/Content/images/boitmal/produit/zoom/EB7E52D162BFDEBC6AEA41630D49AB71.jpg,,,8,4,
4971,5601001326103,20.0,Nescafé,Café solúvel sem cafeína,Embalagem de 20g,1.29,64.5,0,kg,€/Kg,,,2024-08-14T23:59:59.999999999+01:00,PROSPECTUS,https://driveimg1.intermarche.com/pt/Content/images/boitmal/produit/zoom/E66270B97DA870DD88669993A342194B.jpg,,,8,4,
51947,8719200253087,200.0,Planta,"Planteiga com Sal Vegan, 200g",,1.49,7.45,0,kg,€/Kg,,,2024-08-14T23:59:59.999999999+01:00,PROSPECTUS,https://driveimg1.intermarche.com/pt/Content/images/boitmal/produit/zoom/1C8192B5C8DA466AD648BB6546E3F415.jpg,,,8,4,
52296,3023290072097,160.0,Lindahls,"Iogurte Sólido Proteico Stracciatella,  160 g",,0.98,6.13,0,kg,€/Kg,,,2024-08-14T23:59:59.999999999+01:00,PROSPECTUS,https://driveimg1.intermarche.com/pt/Content/images/boitmal/produit/zoom/1D58D41F174566840E8A77CBA42EC7F1.jpg,,,8,4,
53067,5601050037821,620.0,Danone,"Bifidus Líquido Activia Ananás 000%, 4 x 155g",,1.99,3.21,0,kg,€/Kg,,,2024-08-14T23:59:59.999999999+01:00,PROSPECTUS,https://driveimg1.intermarche.com/pt/Content/images/boitmal/produit/zoom/227608E522C57EFFD851E1F0A8F434F8.jpg,,,8,4,
8436,5601050033762,620.0,Danone,"Iogurte activia líquido 0% frutos silvestres,  4 x 155 g",,1.99,3.21,0,kg,€/Kg,,1000 Artigos,2024-08-14T23:59:59.999999999+01:00,PROSPECTUS,https://driveimg1.intermarche.com/pt/Content/images/boitmal/produit/zoom/1898B39499E032B1AB748C6FC019A6DF.jpg,,,8,4,
8945,5601385503329,50.0,Aquafresh,Dentifríco p/ Dentes de Leite,Embalagem de 50 ml,2.24,44.8,50,L,€/L,,,2024-08-14T23:59:59.999999999+01:00,PROSPECTUS,https://driveimg1.intermarche.com/pt/Content/images/boitmal/produit/zoom/B0CD98112B11ABD5A72D29EB6212A2AF.jpg,,,8,4,
996,5601038005064,80.0,Knorr,Caldo de legumes 8 cubos,Embalagem de 80g,1.69,21.13,0,kg,€/Kg,,,2024-08-14T23:59:59.999999999+01:00,PROSPECTUS,https://driveimg1.intermarche.com/pt/Content/images/boitmal/produit/zoom/3606EB29BAB8193115549EA3C4464D95.jpg,,,8,4,
10001,8001480020566,4000.0,Neoblanc,"Lixívia, perfume fresco",Embalagem de 4 l,3.74,0.94,4000,L,€/L,,,2024-08-14T23:59:59.999999999+01:00,PROSPECTUS,https://driveimg1.intermarche.com/pt/Content/images/boitmal/produit/zoom/2040755A055F7A484FEAB095CC36C6F9.jpg,,,8,4,
11633,5601174190006,750.0,Periquita,Vinho branco península de setúbal,Garrafa de 0.75 l,3.69,4.92,750,L,€/L,,,2024-08-14T23:59:59.999999999+01:00,PROSPECTUS,https://driveimg1.intermarche.com/pt/Content/images/boitmal/produit/zoom/D64EC933BC260C74B48D3E2DE672D420.jpg,,,8,4,
11917,5603016000221,750.0,Fonte nico,Vinho tinto regional peninsula de setúbal,Garrafa de 750 ml,1.79,2.39,750,L,€/L,,,2024-08-14T23:59:59.999999999+01:00,PROSPECTUS,https://driveimg1.intermarche.com/pt/Content/images/boitmal/produit/zoom/BAB73D79362D530B53A253A897C03550.jpg,,,8,4,
13158,2893143000000,100.0,Peixaria,Lula Descongelada,1 un= 100 gr (aprox.),1.0,9.99,0,,€/Kg,,,2024-08-14T23:59:59.999999999+01:00,PROSPECTUS,https://driveimg1.intermarche.com/pt/Content/images/boitmal/produit/zoom/ED50EDDD473B6F16081950AF9B5B4382.jpg,,,8,4,
13552,2893546000000,1000.0,Peixaria,Pescada do Pacífico,"Congelada de 1 a 1,5 kg",4.99,4.99,0,,€/Kg,,,2024-08-14T23:59:59.999999999+01:00,PROSPECTUS,https://driveimg1.intermarche.com/pt/Content/images/boitmal/produit/zoom/9338753B1C4ABFCE07E8B8D915DEBC97.jpg,,,8,4,
14370,8712100544132,72.0,Knorr,Molho cervejeira 8 cubos,Embalagem de 70g,1.85,25.69,0,kg,€/Kg,,,2024-08-14T23:59:59.999999999+01:00,PROSPECTUS,https://driveimg1.intermarche.com/pt/Content/images/boitmal/produit/zoom/99ABD2CC2FF171ED837495A26082E0AD.jpg,,,8,4,
1457,5601286218575,500.0,Milaneza,Massa spaghetti tricolore,Embalagem de 500 g,1.79,3.58,0,kg,€/Kg,,,2024-08-14T23:59:59.999999999+01:00,PROSPECTUS,https://driveimg1.intermarche.com/pt/Content/images/boitmal/produit/zoom/283AE101F1B6673BD5B31AF661477173.jpg,,,8,4,
1540,5601489136157,500.0,Du Bois de la Roche,Bolachas crackers integral,Embalagem de 500g,2.99,5.98,0,kg,€/Kg,,,2024-08-14T23:59:59.999999999+01:00,PROSPECTUS,https://driveimg1.intermarche.com/pt/Content/images/boitmal/produit/zoom/4CA4AF2CD82F932BF057A3D74E80A75C.jpg,,,8,4,
15800,7613035078369,125.0,Nescafé,Cappuccino intenso,Embalagem de 130g,2.69,21.52,0,kg,€/Kg,,,2024-08-14T23:59:59.999999999+01:00,PROSPECTUS,https://driveimg1.intermarche.com/pt/Content/images/boitmal/produit/zoom/4A8D0C0803F0151C7B0ED9ADA911E25B.jpg,,,8,4,
15869,8411134117335,,Control,12 Preservativos Adapta Finíssimo XL,,7.99,7.99,0,,€/Unidade,,,2024-08-14T23:59:59.999999999+01:00,PROSPECTUS,https://driveimg1.intermarche.com/pt/Content/images/boitmal/produit/zoom/48C8C09DD497FC163126603AB206EE9B.jpg,https://driveimg1.intermarche.com/pt/Content/images/boitmal/produit/zoom/688239E7673C56F339B1B2B0AE89DD0F.jpg,,8,4,
15980,5601119244368,210.0,Nobre,Salsichas extra suculentas de peru,Frasco de 210g,2.39,11.38,0,kg,€/Kg,,,2024-08-14T23:59:59.999999999+01:00,PROSPECTUS,https://driveimg1.intermarche.com/pt/Content/images/boitmal/produit/zoom/777EA415D5DED2EBA379260001C63756.jpg,,,8,4,
16532,8410104156640,250.0,Air Wick,Ambientador recarga delícias de verão,Garrafa de 250 ml,3.59,14.36,250,L,€/L,,,2024-08-14T23:59:59.999999999+01:00,PROSPECTUS,https://driveimg1.intermarche.com/pt/Content/images/boitmal/produit/zoom/1A24418B2FA3D8BC0FEDAE10D82B4634.jpg,,,8,4,
20612,5029053550176,,Huggies,Toalhitas bebé natural care,3 x 56 unidades,3.39,3.39,0,,€/Unidade,,,2024-08-14T23:59:59.999999999+01:00,PROSPECTUS,https://driveimg1.intermarche.com/pt/Content/images/boitmal/produit/zoom/AF8A45B36B1439414EEFF76CE8CD98D0.jpg,,,8,4,
21745,7613035659728,250.0,Cerelac,Papa infantil não láctea multicereais +6 meses,Embalagem de 250g,2.39,9.56,0,kg,€/Kg,,,2024-08-14T23:59:59.999999999+01:00,PROSPECTUS,https://driveimg1.intermarche.com/pt/Content/images/boitmal/produit/zoom/4956638636F5ECFB6DD3614737E9527C.jpg,,,8,4,
22840,7613035268388,125.0,Nestlé,Tablete de chocolate leite,Embalagem de 130g,1.79,14.32,0,kg,€/Kg,,,2024-08-14T23:59:59.999999999+01:00,PROSPECTUS,https://driveimg1.intermarche.com/pt/Content/images/boitmal/produit/zoom/6CC50597F0349032C086C8C21485FBA4.jpg,,,8,4,
24377,5601119268012,200.0,Nobre,5 Salsichas tofu,Embalagem de 200g,2.39,11.95,0,kg,€/Kg,,,2024-08-14T23:59:59.999999999+01:00,PROSPECTUS,https://driveimg1.intermarche.com/pt/Content/images/boitmal/produit/zoom/D936B1BE443D6438C4709B6F92C9964B.jpg,,,8,4,
2456,7613030924302,400.0,Yogolino,Nestle iogolino prep iogurte pêra 100g,Embalagem de 400g,2.24,5.6,0,kg,€/Kg,,,2024-08-14T23:59:59.999999999+01:00,PROSPECTUS,https://driveimg1.intermarche.com/pt/Content/images/boitmal/produit/zoom/0257EFADCBBD666D5EC06A8661BCB1CB.jpg,,,8,4,
2473,7613032404154,250.0,Cerelac,1ª papa láctea multifrutos sem glúten +4 meses,Embalagem de 250g,3.74,14.96,0,kg,€/Kg,,,2024-08-14T23:59:59.999999999+01:00,PROSPECTUS,https://driveimg1.intermarche.com/pt/Content/images/boitmal/produit/zoom/9B0DF6D0DF8530E0C0365F57CC1B87FF.jpg,,,8,4,
25121,7613035749016,180.0,Cerelac,Bolachinhas,Embalagem de 180g,2.84,15.78,0,kg,€/Kg,,,2024-08-14T23:59:59.999999999+01:00,PROSPECTUS,https://driveimg1.intermarche.com/pt/Content/images/boitmal/produit/zoom/5BBEF4F801DAFADB1911E5F821051B1F.jpg,,,8,4,
28583,8006540876213,385.0,Pantene,Champô Caracóis Perfeitos,385 ml,3.89,10.1,385,L,€/L,,,2024-08-14T23:59:59.999999999+01:00,PROSPECTUS,https://driveimg1.intermarche.com/pt/Content/images/boitmal/produit/zoom/0B37A3422C290D74458F14C6AA3B3486.jpg,,,8,4,
32287,8711200379941,4000.0,Lipton,Ice Tea Manga,Pack 2 x 2 L,4.2,1.05,4000,L,€/L,,,2024-08-14T23:59:59.999999999+01:00,PROSPECTUS,https://driveimg1.intermarche.com/pt/Content/images/boitmal/produit/zoom/AE457B60F2B7849A6E41E0DE4B8C7D2F.jpg,,,8,4,
35616,7613037043914,100.0,Nestlé,Descafeinado,Embalagem de 100 g,3.49,34.9,0,kg,€/Kg,,,2024-08-14T23:59:59.999999999+01:00,PROSPECTUS,https://driveimg1.intermarche.com/pt/Content/images/boitmal/produit/zoom/0A2B761D74FBF68CCC420D8C812D4DA5.jpg,,,8,4,
35652,5603722517440,750.0,Mimosa,Bebida cálcio sem lactose + proteína,Embalagem de 3 x 250 ml,2.49,3.32,750,L,€/L,,,2024-08-14T23:59:59.999999999+01:00,PROSPECTUS,https://driveimg1.intermarche.com/pt/Content/images/boitmal/produit/zoom/082D57B313B97BA67B4431F02ED4BA22.jpg,https://driveimg1.intermarche.com/pt/Content/images/boitmal/produit/zoom/125C9D1092125B3BF7F626465A710366.jpg,https://driveimg1.intermarche.com/pt/Content/images/boitmal/produit/zoom/D55403D07574DB9841CBC2E986BD092B.jpg,8,4,https://driveimg1.intermarche.com/pt/Content/images/boitmal/produit/zoom/9CE43F9767873E3B88A8F371593A237D.jpg
36863,7613037564426,128.0,Starbucks,Café caramelo macchiato by dolce gusto,12 cápsulas,4.39,34.3,0,kg,€/Kg,,,2024-08-14T23:59:59.999999999+01:00,PROSPECTUS,https://driveimg1.intermarche.com/pt/Content/images/boitmal/produit/zoom/1A8A635C9230DA67B5959F1B62C5FEEB.jpg,,,8,4,
3862,3250390884033,400.0,Monique Ranou,Quiche lorraine,Embalagem de 400 g,3.99,9.98,0,kg,€/Kg,,Tipo de stockagem,2024-08-21T23:59:59.999999999+01:00,PROSPECTUS,https://driveimg1.intermarche.com/pt/Content/images/boitmal/produit/zoom/166F87C32705B0AE60B6E7E0510C958A.jpg,,,8,4,
40586,5601151974124,1750.0,Seven-up,"7 up regular gr 1,75l pet",Garrafa de 1.75 l,1.69,0.97,1750,L,€/L,,1000 Artigos,2024-08-14T23:59:59.999999999+01:00,PROSPECTUS,https://driveimg1.intermarche.com/pt/Content/images/boitmal/produit/zoom/376D09A0007846F14F0E3E411EDDAB0B.jpg,,,8,4,
40595,5603722519444,480.0,Mimosa,"Iogurte fruta batida pera, 480g",,1.69,3.52,0,kg,€/Kg,,,2024-08-14T23:59:59.999999999+01:00,PROSPECTUS,https://driveimg1.intermarche.com/pt/Content/images/boitmal/produit/zoom/481E71F4D7E7516D4A0B60F3DA82257A.jpg,,,8,4,
433,8722700086703,80.0,Knorr,Caldo p/ arroz  8 cubos,Embalagem de 80g,1.69,21.13,0,kg,€/Kg,,,2024-08-14T23:59:59.999999999+01:00,PROSPECTUS,https://driveimg1.intermarche.com/pt/Content/images/boitmal/produit/zoom/FF32635033F7FF74D39FC663DCC13FD6.jpg,,,8,4,
43359,5604260312894,550.0,PorSi Select,Folhado bacalhau com grelos,Embalagem de 550g,6.49,11.8,0,kg,€/Kg,,Tipo de stockagem,2024-08-14T23:59:59.999999999+01:00,PROSPECTUS,https://driveimg1.intermarche.com/pt/Content/images/boitmal/produit/zoom/FA7EDB258E2172A98824B6DFB675986A.jpg,,,8,4,
44645,8710604741859,36.0,Knorr,"Knorr 1, 2, 3...sabor! - Esparguete à Carbonara",Embalagem de 36g,1.14,31.67,0,kg,€/Kg,,,2024-08-14T23:59:59.999999999+01:00,PROSPECTUS,https://driveimg1.intermarche.com/pt/Content/images/boitmal/produit/zoom/17698927ECB1B75F0C7ADB4E843F97D5.jpg,,,8,4,
49259,5054563119933,75.0,Aquafresh,Dentífrico herbal naturals,75 ml,1.85,24.67,75,L,€/L,,,2024-08-14T23:59:59.999999999+01:00,PROSPECTUS,https://driveimg1.intermarche.com/pt/Content/images/boitmal/produit/zoom/DC36897E4C7BC17809701C693CA58165.jpg,,,8,4,
51039,8006540445761,300.0,H&S,Champô Derma X Pro Calmante,300 ml,4.59,15.3,300,L,€/L,,,2024-08-14T23:59:59.999999999+01:00,PROSPECTUS,https://driveimg1.intermarche.com/pt/Content/images/boitmal/produit/zoom/488ACFAD97317BB129F100987F53B9B5.jpg,,,8,4,
5134,5601077101048,750.0,Velhotes,vinho do Porto Ruby," garrafa de 0,75 l",5.45,7.27,750,L,€/L,,1000 Artigos,2024-08-14T23:59:59.999999999+01:00,PROSPECTUS,https://driveimg1.intermarche.com/pt/Content/images/boitmal/produit/zoom/3489DFB48D7AB1C8D2C104875A79BE65.jpg,,,8,4,
53079,8711327591011,650.0,Viennetta,"Gelado Caramelo Salgado, 650 ml",,2.59,3.98,650,L,€/L,,Tipo de stockagem,2024-08-14T23:59:59.999999999+01:00,PROSPECTUS,https://driveimg1.intermarche.com/pt/Content/images/boitmal/produit/zoom/96C8E669282C188787DB043E8B0F9711.jpg,,,8,4,
53219,8445290771858,83.0,Nestlé,"Chocolate Extrafino Dulce de Leche, 83g",,1.29,15.54,0,kg,€/Kg,,,2024-08-14T23:59:59.999999999+01:00,PROSPECTUS,https://driveimg1.intermarche.com/pt/Content/images/boitmal/produit/zoom/98956F1946F55DAF2594B42A4D09505D.jpg,,,8,4,
7050,2894090000000,150.0,Campofrio,Peito frango forno de lenha,1 un = 150 gr (aprox.),2.32,15.49,0,,€/Kg,,,2024-08-14T23:59:59.999999999+01:00,PROSPECTUS,https://driveimg1.intermarche.com/pt/Content/images/boitmal/produit/zoom/6772968344189119743079B1997DCA88.jpg,,,8,4,
7228,3059940006433,1000.0,Destop,Desentupidor gel turbo com lixívia,Garrafa de 1 l,5.84,5.84,1000,L,€/L,,,2024-08-14T23:59:59.999999999+01:00,PROSPECTUS,https://driveimg1.intermarche.com/pt/Content/images/boitmal/produit/zoom/8C14AE453887D1E807DA8F84ACE754F1.jpg,,,8,4,
7827,8006540876039,385.0,Pantene,Champô Classic,Embalagem de 385 ml,3.89,10.1,385,L,€/L,,1000 Artigos,2024-08-14T23:59:59.999999999+01:00,PROSPECTUS,https://driveimg1.intermarche.com/pt/Content/images/boitmal/produit/zoom/098EB270BD10DFDDE6327DD100D78985.jpg,,,8,4,
7994,5000204700398,,Raid,"Inseticida, recarga, elétrico, pack 2",1 embalagem com 2x27ml,7.99,7.99,0,,€/Unidade,,,2024-08-14T23:59:59.999999999+01:00,PROSPECTUS,https://driveimg1.intermarche.com/pt/Content/images/boitmal/produit/zoom/8901480BBB5476B8C9CD083F26DF5351.jpg,,,8,4,
8414,0000084105554,600.0,Actimel Danone,"Actimel natural, 600g",,2.79,4.65,0,kg,€/Kg,,,2024-08-14T23:59:59.999999999+01:00,PROSPECTUS,https://driveimg1.intermarche.com/pt/Content/images/boitmal/produit/zoom/7A186DC804919831E9938DE43EC05D70.jpg,,,8,4,
8438,5601050033816,620.0,Danone,"Iogurte activia líquido frutos silvestres,  4 x 155 g",,1.99,3.21,0,kg,€/Kg,,1000 Artigos,2024-08-14T23:59:59.999999999+01:00,PROSPECTUS,https://driveimg1.intermarche.com/pt/Content/images/boitmal/produit/zoom/47CDBF026E044A06DA4E05DE9D7A01E4.jpg,,,8,4,
990,5601029004038,385.0,Bom Petisco,Atum Posta em Óleo,Embalagem de 385 g,3.79,9.84,0,kg,€/Kg,,,2024-08-14T23:59:59.999999999+01:00,PROSPECTUS,https://driveimg1.intermarche.com/pt/Content/images/boitmal/produit/zoom/3453E0D4022E27F5D3F982CBA9865FEB.jpg,https://driveimg1.intermarche.com/pt/Content/images/boitmal/produit/zoom/F6B3199A9D749CA8EE4A4423B14856F3.jpg,,8,4,
997,5601038009031,80.0,Knorr,Caldo de marisco 8 cubos,Embalagem de 80g,1.69,21.13,0,kg,€/Kg,,,2024-08-14T23:59:59.999999999+01:00,PROSPECTUS,https://driveimg1.intermarche.com/pt/Content/images/boitmal/produit/zoom/7EB49A106F03BC7951E5777A06AA1A09.jpg,,,8,4,
1140,5601082026909,55.0,Delta Q,Cápsulas de café delta qualidus,Embalagem de 60g,3.69,67.09,0,kg,€/Kg,,,2024-08-14T23:59:59.999999999+01:00,PROSPECTUS,https://driveimg1.intermarche.com/pt/Content/images/boitmal/produit/zoom/D06BDFE4DBAC1FD7F10265262677632F.jpg,,,8,4,
12288,8001480020757,2000.0,Neoblanc,Lixívia para roupa delicada,Embalagem de 2 l,4.49,2.25,2000,L,€/L,,,2024-08-14T23:59:59.999999999+01:00,PROSPECTUS,https://driveimg1.intermarche.com/pt/Content/images/boitmal/produit/zoom/B4BF8DE0F17D4D83042107CF1D778F44.jpg,,,8,4,
12426,8411134112804,,Control,12 Preservativos Adapta Finíssimo,,7.69,7.69,0,,€/Unidade,,,2024-08-14T23:59:59.999999999+01:00,PROSPECTUS,https://driveimg1.intermarche.com/pt/Content/images/boitmal/produit/zoom/B91BAE1077CB2520CD7FFEBB885B9986.jpg,https://driveimg1.intermarche.com/pt/Content/images/boitmal/produit/zoom/0249329A134B1716C9019348A212960F.jpg,,8,4,
