identifier,produitEan13,capacite,marque,libelle,conditionnement,prix,unitPrice,volume,typeProduit_uniteByCode,unit_value,pictogrammes_0,pictogrammes_libelleCategorie,images_0,images_1,images_2,images_3,images_4,avantages_dateFin,avantages_categorie,nro_paginas,page,images_5
15161,5604260274246,1000.0,PorSi,Cenouras Programa Origens,Embalagem de 1 kg,0.89,0.89,0,kg,€/Kg,,,https://driveimg1.intermarche.com/pt/Content/images/boitmal/produit/zoom/558C3AC1450C10C8B2395D06441C5423.jpg,,,,,2025-08-06T23:59:59.999999999+01:00,PROSPECTUS,12,1,
14372,8712100599392,550.0,Calvé,"Ketchup top down, embalagem de 550g",,2.59,4.71,0,kg,€/Kg,,,https://driveimg1.intermarche.com/pt/Content/images/boitmal/produit/zoom/6D3218F33B22BC3205033BC41E176600.jpg,https://driveimg1.intermarche.com/pt/Content/images/boitmal/produit/zoom/FE7F103C359D2D1FD7BF3FDC8DD381BA.jpg,https://driveimg1.intermarche.com/pt/Content/images/boitmal/produit/zoom/FE7F103C359D2D1FD7BF3FDC8DD381BA.jpg,https://driveimg1.intermarche.com/pt/Content/images/boitmal/produit/zoom/FE7F103C359D2D1FD7BF3FDC8DD381BA.jpg,,2025-08-06T23:59:59.999999999+01:00,PROSPECTUS,12,1,
26772,5449000106186,3500.0,Coca-Cola,"Refrigerante com gás, pack 2 x 1.75 l",,3.77,1.08,3500,L,€/L,,,https://driveimg1.intermarche.com/pt/Content/images/boitmal/produit/zoom/A789E276311FA9DA8F07BCEEEA6CB731.jpg,,,,,2025-08-06T23:59:59.999999999+01:00,PROSPECTUS,12,1,
3526,2894034000000,150.0,Nobre,Fiambre da Perna Extra,1 un = 150 gr (aprox.),2.4,15.99,0,,€/Kg,,,https://driveimg1.intermarche.com/pt/Content/images/boitmal/produit/zoom/C76D05EF052819EDC79567520AD2D260.jpg,,,,,2025-08-06T23:59:59.999999999+01:00,PROSPECTUS,12,1,
6398,8410372182303,75.0,Colgate,"Dentifríco flúor gel, embalagem de 75 ml",,1.99,26.53,75,L,€/L,,,https://driveimg1.intermarche.com/pt/Content/images/boitmal/produit/zoom/3F011A79E5A34E1D47A1369D50D1C53B.jpg,,,,,2025-08-06T23:59:59.999999999+01:00,PROSPECTUS,12,1,
251,2696001000000,400.0,Padaria,Baguete,400 g,0.79,1.98,0,kg,€/Kg,,,https://driveimg1.intermarche.com/pt/Content/images/boitmal/produit/zoom/42C2E126B9E5B84C243F0668DEC3869F.jpg,,,,,2025-08-06T23:59:59.999999999+01:00,PROSPECTUS,12,1,
30414,4015400917304,480.0,Fairy,Detergente Liquido Loiça Original,480 ml,2.99,6.23,480,L,€/L,,,https://driveimg1.intermarche.com/pt/Content/images/boitmal/produit/zoom/BDA62A6B9333A70897E09AEAD0B62BBF.jpg,,,,,2025-08-06T23:59:59.999999999+01:00,PROSPECTUS,12,1,
13833,2892579000000,300.0,Legumes,Pepino,1 un = 300 gr  (aprox.),0.36,1.19,0,,€/Kg,,,https://driveimg1.intermarche.com/pt/Content/images/boitmal/produit/zoom/BD2734BFC4704D52A466FC85B929304E.jpg,,,,,2025-08-06T23:59:59.999999999+01:00,PROSPECTUS,12,1,
12888,2892090000000,500.0,Fruta,Manga Avião,1 un=500 gr (aprox.),1.95,3.89,0,,€/Kg,,,https://driveimg1.intermarche.com/pt/Content/images/boitmal/produit/zoom/A3E5B8447376E0E91C2C4BB7B1444B76.jpg,https://driveimg1.intermarche.com/pt/Content/images/boitmal/produit/zoom/842EA0C904154D230A3A6F63A245D264.jpg,,,,2025-08-06T23:59:59.999999999+01:00,PROSPECTUS,12,1,
15944,7613034290533,45.0,Felix,"Snack para gato crispies salmão e truta, embalagem de 50g",,1.49,33.11,0,kg,€/Kg,,,https://driveimg1.intermarche.com/pt/Content/images/boitmal/produit/zoom/BA37C2A72BA17B7DCCDD54F9C16B9673.jpg,,,,,2025-08-06T23:59:59.999999999+01:00,PROSPECTUS,12,1,
19607,7613035376625,90.0,Nestlé,Fruta para bebé maçã banana aveia +6 meses,Embalagem de 90g,0.65,7.22,0,kg,€/Kg,,,https://driveimg1.intermarche.com/pt/Content/images/boitmal/produit/zoom/63EF160EDC28D2A349A30B7555DC57D7.jpg,,,,,2025-08-06T23:59:59.999999999+01:00,PROSPECTUS,12,1,
53469,5601028019941,,Renova,Rolo Cozinha Máxima Absorção Extra XXL,Embalagem de 2 unidades,1.98,1.98,2,,€/Unidade,,,https://driveimg1.intermarche.com/pt/Content/images/boitmal/produit/zoom/F4A90C9D477EA88B96B77E4FB64FF1F5.jpg,,,,,2025-08-06T23:59:59.999999999+01:00,PROSPECTUS,12,1,
24838,5601164903722,7500.0,Super Bock,"Cerveja com álcool, pack 30 x 0.25 l",,13.85,1.85,7500,L,€/L,,,https://driveimg1.intermarche.com/pt/Content/images/boitmal/produit/zoom/F70F225DD8BCAD2EFB4E63DAAFD05BBF.jpg,,,,,2025-08-06T23:59:59.999999999+01:00,PROSPECTUS,12,1,
31516,8435257039107,1280.0,Nestlé,"Yoggi liquido morango, embalagem de 8x160g",,3.89,3.04,0,kg,€/Kg,,,https://driveimg1.intermarche.com/pt/Content/images/boitmal/produit/zoom/919C3780A665F064AD1803A3631A5911.jpg,,,,,2025-08-06T23:59:59.999999999+01:00,PROSPECTUS,12,1,
26165,5029053566122,,Scottex,Papel Higiénico Gigante,18 Rolos = 54 Rolos,11.99,11.99,0,,€/Unidade,,,https://driveimg1.intermarche.com/pt/Content/images/boitmal/produit/zoom/0B3DC32EEB060521F3FC27E231F242CB.jpg,,,,,2025-08-06T23:59:59.999999999+01:00,PROSPECTUS,12,1,
21767,7613035487871,90.0,Nestlé,"Fruta para bebé multifrutas +4 meses, embalagem de 90g",,0.65,7.22,0,kg,€/Kg,,,https://driveimg1.intermarche.com/pt/Content/images/boitmal/produit/zoom/1B1A7DCEC52C23E2760C4FE3A24A75EE.jpg,,,,,2025-08-06T23:59:59.999999999+01:00,PROSPECTUS,12,1,
15687,5000116109234,700.0,Iglo,"Ervilhas, embalagem de 700g",,3.39,4.84,0,kg,€/Kg,,Tipo de stockagem,https://driveimg1.intermarche.com/pt/Content/images/boitmal/produit/zoom/AC9F197DD289CE6E6A9903FC824FDD75.jpg,,,,,2025-08-06T23:59:59.999999999+01:00,PROSPECTUS,12,1,
10095,8435257040899,640.0,Nestlé,"Iogurte líquido yoggi morango, embalagem de 4 x 160g",,1.99,3.11,0,kg,€/Kg,,,https://driveimg1.intermarche.com/pt/Content/images/boitmal/produit/zoom/BCBB1C4518CDF8045B46EB41CD173E54.jpg,,,,,2025-08-06T23:59:59.999999999+01:00,PROSPECTUS,12,1,
32074,7613036488402,340.0,Purina One,"Comida húmida para gato com frango/vaca, embalagem de 340g",,2.59,7.62,0,kg,€/Kg,,,https://driveimg1.intermarche.com/pt/Content/images/boitmal/produit/zoom/7C69B3F68B06FF88501E698801F8DD83.jpg,,,,,2025-08-06T23:59:59.999999999+01:00,PROSPECTUS,12,1,
36263,5601027973060,480.0,Bimbo,Pão de forma integral,Embalagem de 480 g,1.89,3.94,0,kg,€/Kg,,,https://driveimg1.intermarche.com/pt/Content/images/boitmal/produit/zoom/34F016B3F162809D8E0423F1C3245DFD.jpg,,,,,2025-08-06T23:59:59.999999999+01:00,PROSPECTUS,12,1,
14897,2892245000000,4000.0,Fruta,Melancia Riscada,Vendido ao peso | 1 un = 4kg (aprox.),3.16,0.79,0,,€/Kg,,,https://driveimg1.intermarche.com/pt/Content/images/boitmal/produit/zoom/499A6B9B1699D69723890E8129338912.jpg,,,,,2025-08-06T23:59:59.999999999+01:00,PROSPECTUS,12,1,
15767,2892306000000,150.0,Fruta,Pêssego Vermelho Paraguaio,1 un = 150 gr (aprox.),0.36,2.39,0,,€/Kg,,,https://driveimg1.intermarche.com/pt/Content/images/boitmal/produit/zoom/E985AD8FF876DA419791D2BAC514FA7F.jpg,,,,,2025-08-06T23:59:59.999999999+01:00,PROSPECTUS,12,1,
36704,5604260300655,270.0,PorSi,Atum Posta Ao Natural 385G,,2.67,9.89,0,kg,€/Kg,,,https://driveimg1.intermarche.com/pt/Content/images/boitmal/produit/zoom/6E8F48924D1C68054BF8CC7FA6C97A49.jpg,,,,,2025-08-06T23:59:59.999999999+01:00,PROSPECTUS,12,1,
14921,2892534000000,400.0,Legumes,Couve Bróculo,Vendido ao peso,0.8,1.99,0,,€/Kg,,,https://driveimg1.intermarche.com/pt/Content/images/boitmal/produit/zoom/4F48873F332B6ECE759CD88793270811.jpg,,,,,2025-08-06T23:59:59.999999999+01:00,PROSPECTUS,12,1,
12997,2892527000000,300.0,Legumes,Courgette Categoria II,,0.36,1.19,0,,€/Kg,,,https://driveimg1.intermarche.com/pt/Content/images/boitmal/produit/zoom/323B806C0CB557ED0F5B2CB32A998FDE.jpg,,,,,2025-08-06T23:59:59.999999999+01:00,PROSPECTUS,12,1,
14896,2892259000000,800.0,Fruta,Meloa Canteloupe,1un=800 g (aprox.),1.27,1.59,0,,€/Kg,,,https://driveimg1.intermarche.com/pt/Content/images/boitmal/produit/zoom/E74C4DF9251AE472CD4A5B0B6EF7098B.jpg,,,,,2025-08-06T23:59:59.999999999+01:00,PROSPECTUS,12,1,
30958,5449000957955,3500.0,Coca-Cola,"Refrigerante zero, pack 2 x 1.75 l",,3.32,0.95,3500,L,€/L,,,https://driveimg1.intermarche.com/pt/Content/images/boitmal/produit/zoom/F2EAD17F7ACB8ABDBC63DEE76B961767.jpg,,,,,2025-08-06T23:59:59.999999999+01:00,PROSPECTUS,12,1,
1311,5601151981245,1000.0,Compal,"Néctar laranja algarve, 1 l",,1.69,1.69,1000,L,€/L,,,https://driveimg1.intermarche.com/pt/Content/images/boitmal/produit/zoom/7DD239B5792B8105C873DD15DF605FB9.jpg,,,,,2025-08-06T23:59:59.999999999+01:00,PROSPECTUS,12,1,
13625,2893620000000,300.0,Peixaria,Salmão de viveiro à posta,1 un. = 300 g (aprox.),3.6,11.99,0,,€/Kg,,,https://driveimg1.intermarche.com/pt/Content/images/boitmal/produit/zoom/A170DAF9DE78983CFA7E8DD1EFE6A371.jpg,,,,,2025-08-06T23:59:59.999999999+01:00,PROSPECTUS,12,1,
13817,2892582000000,250.0,Legumes,Pimento Verde,1 un = 250 gr  (aprox.),0.57,2.29,0,,€/Kg,,,https://driveimg1.intermarche.com/pt/Content/images/boitmal/produit/zoom/65E0131049B6BD4E669549F70B795EC0.jpg,,,,,2025-08-06T23:59:59.999999999+01:00,PROSPECTUS,12,1,
13866,2891048000000,1000.0,Porco,Bifanas,Vendido ao peso a partir de 1 kg,4.79,4.79,0,,€/Kg,,,https://driveimg1.intermarche.com/pt/Content/images/boitmal/produit/zoom/72DE0DA6B485199AC995C629E3E4D279.jpg,,,,,2025-08-06T23:59:59.999999999+01:00,PROSPECTUS,12,1,
34877,5604260285464,1500.0,PorSi,Maçã royal gala categoria II Programa Origens,Embalagem de 1.5 kg,1.99,1.33,0,kg,€/Kg,,,https://driveimg1.intermarche.com/pt/Content/images/boitmal/produit/zoom/F091E3663EBAE6E7A8981702DFBCC609.jpg,,,,,2025-08-06T23:59:59.999999999+01:00,PROSPECTUS,12,1,
1451,5601286201782,500.0,Milaneza,"Massa esparguete, embalagem de 500g",,0.88,1.76,0,kg,€/Kg,,,https://driveimg1.intermarche.com/pt/Content/images/boitmal/produit/zoom/FF90DF8806B7F52F8AD5ECEED9AAA2FA.jpg,,,,,2025-08-06T23:59:59.999999999+01:00,PROSPECTUS,12,1,
14947,2891215000000,150.0,Frango,Espetadas,1 un= 150 gr (aprox.),1.15,7.69,0,,€/Kg,,,https://driveimg1.intermarche.com/pt/Content/images/boitmal/produit/zoom/FE13AA549ADEC08AA2FF877D2299FBFE.jpg,,,,,2025-08-06T23:59:59.999999999+01:00,PROSPECTUS,12,1,
34875,5604260285457,1500.0,PorSi,Maçã golden categoria II Programa Origens,Embalagem de 1.5 kg,1.99,1.33,0,kg,€/Kg,,,https://driveimg1.intermarche.com/pt/Content/images/boitmal/produit/zoom/56695A5FACFB945E46B511CB21214202.jpg,,,,,2025-08-06T23:59:59.999999999+01:00,PROSPECTUS,12,1,
43864,5604260310296,1500.0,PorSi,"Lima-Limão Zero 1,5L",,0.67,0.45,1500,L,€/L,,,https://driveimg1.intermarche.com/pt/Content/images/boitmal/produit/zoom/59A3DE48DE214FDE3CF11677F5E9C81B.jpg,,,,,2025-08-06T23:59:59.999999999+01:00,PROSPECTUS,12,1,
52770,5604260331420,410.0,PorSi,Pizza Fiambre E Queijo 410G,,2.49,6.07,0,kg,€/Kg,,,https://driveimg1.intermarche.com/pt/Content/images/boitmal/produit/zoom/016F4D84B46374F84F0E6B94E3EE8A67.jpg,,,,,2025-08-06T23:59:59.999999999+01:00,PROSPECTUS,12,1,
13966,2696019000000,450.0,Padaria,Pão Regional Rio Maior Inteiro,1 unidade= 450 g,1.09,2.42,0,kg,€/Kg,,,https://driveimg1.intermarche.com/pt/Content/images/boitmal/produit/zoom/868CC38F01B8F1FD056036A7F49504A8.jpg,,,,,2025-08-06T23:59:59.999999999+01:00,PROSPECTUS,12,1,
29899,2696008000000,,Padaria,Bola Rústica,85 g,0.27,0.27,0,,€/Unidade,,,https://driveimg1.intermarche.com/pt/Content/images/boitmal/produit/zoom/06C705452DA793A390CC49C0690F6BDD.jpg,,,,,2025-08-06T23:59:59.999999999+01:00,PROSPECTUS,12,1,
48779,8410199023117,150.0,LayS,"Batatas fritas com sabor a sal e vinagre, embalagem de 150g",,1.39,9.27,0,kg,€/Kg,,,https://driveimg1.intermarche.com/pt/Content/images/boitmal/produit/zoom/FA380F7857550C630972C34B56D1614D.jpg,,,,,2025-08-06T23:59:59.999999999+01:00,PROSPECTUS,12,1,
5977,5604260274086,,PorSi,Acendalhas Brancas - 32 Unidades,,0.99,0.99,0,,€/Unidade,,,https://driveimg1.intermarche.com/pt/Content/images/boitmal/produit/zoom/5D848885F4F58352BFD5FA139BD7FC0A.jpg,https://driveimg1.intermarche.com/pt/Content/images/boitmal/produit/zoom/1FFF9F1373872F7DE961EE146FD1DAB4.jpg,https://driveimg1.intermarche.com/pt/Content/images/boitmal/produit/zoom/1FFF9F1373872F7DE961EE146FD1DAB4.jpg,,,2025-08-06T23:59:59.999999999+01:00,PROSPECTUS,12,1,
14196,5604260272105,250.0,PorSi,Salsichas Hot Dog Frasco 540G,,3.49,13.96,0,kg,€/Kg,,,https://driveimg1.intermarche.com/pt/Content/images/boitmal/produit/zoom/7586CC34D5F9746AF703E2FDCAFEE2C7.jpg,,,,,2025-08-06T23:59:59.999999999+01:00,PROSPECTUS,12,1,
1434,5601260037109,1000.0,Cigala,"Arroz agulha, embalagem de 1 kg",,1.38,1.38,0,kg,€/Kg,,,https://driveimg1.intermarche.com/pt/Content/images/boitmal/produit/zoom/B3D52BC13D571B9BC6634FD987C80F3C.jpg,,,,,2025-08-06T23:59:59.999999999+01:00,PROSPECTUS,12,1,
17189,5603344531107,110.0,General,"Atum em posta, em azeite, embalagem de 110g",,1.49,13.55,0,kg,€/Kg,,,https://driveimg1.intermarche.com/pt/Content/images/boitmal/produit/zoom/9B578FD57DAE66EA731A200412CF6D79.jpg,,,,,2025-08-06T23:59:59.999999999+01:00,PROSPECTUS,12,1,
2458,7613031423583,625.0,Nestlé,Cereais nesquik,Embalagem de 625g,3.24,5.18,0,kg,€/Kg,,,https://driveimg1.intermarche.com/pt/Content/images/boitmal/produit/zoom/154B8C74F4EECBF4F38F20B4618C4981.jpg,,,,,2025-08-06T23:59:59.999999999+01:00,PROSPECTUS,12,1,
405,8712566410910,275.0,Calvé,"Ketchup, embalagem de 275g",,1.48,5.38,0,kg,€/Kg,,,https://driveimg1.intermarche.com/pt/Content/images/boitmal/produit/zoom/9E63EED4B27A252289B8979C188F5B40.jpg,https://driveimg1.intermarche.com/pt/Content/images/boitmal/produit/zoom/0D7B165FF00CA45BD8F6AC077E3CA1EC.jpg,https://driveimg1.intermarche.com/pt/Content/images/boitmal/produit/zoom/0D7B165FF00CA45BD8F6AC077E3CA1EC.jpg,https://driveimg1.intermarche.com/pt/Content/images/boitmal/produit/zoom/0D7B165FF00CA45BD8F6AC077E3CA1EC.jpg,,2025-08-06T23:59:59.999999999+01:00,PROSPECTUS,12,1,
44594,5606999030223,400.0,Fruta,Kiwi amarelo Categoria: II,embalagem de 400 g,3.49,8.73,0,kg,€/Kg,,,https://driveimg1.intermarche.com/pt/Content/images/boitmal/produit/zoom/595466AB79BDB9351F6B699AD9427D4B.jpg,,,,,2025-08-06T23:59:59.999999999+01:00,PROSPECTUS,12,1,
44701,5053990156009,175.0,Pringles,"Snacks batata original, embalagem de 175g",,2.39,13.66,0,kg,€/Kg,,,https://driveimg1.intermarche.com/pt/Content/images/boitmal/produit/zoom/BE87AADF1BA674A5818FDF008937F90A.jpg,https://driveimg1.intermarche.com/pt/Content/images/boitmal/produit/zoom/843E1395B62C4B40E91467CF90852642.jpg,https://driveimg1.intermarche.com/pt/Content/images/boitmal/produit/zoom/843E1395B62C4B40E91467CF90852642.jpg,https://driveimg1.intermarche.com/pt/Content/images/boitmal/produit/zoom/843E1395B62C4B40E91467CF90852642.jpg,,2025-08-06T23:59:59.999999999+01:00,PROSPECTUS,12,1,
48041,5604260323234,280.0,PorSi,Pães De Leite,,1.13,4.04,0,kg,€/Kg,,,https://driveimg1.intermarche.com/pt/Content/images/boitmal/produit/zoom/7DB0C5DD2CD83D23CD79D8EFFE845817.jpg,,,,,2025-08-06T23:59:59.999999999+01:00,PROSPECTUS,12,1,
9279,5603533652002,1000.0,Frize,"Água com gás limão, pack 4 x 0.25 l",,2.09,2.09,1000,L,€/L,,,https://driveimg1.intermarche.com/pt/Content/images/boitmal/produit/zoom/11B7A1FE3C8011649267813E9487639D.jpg,,,,,2025-08-06T23:59:59.999999999+01:00,PROSPECTUS,12,1,
1114,5601066300780,500.0,Nacional,"Massa de maçarrão riscado, embalagem de 500g",,0.89,1.78,0,kg,€/Kg,,,https://driveimg1.intermarche.com/pt/Content/images/boitmal/produit/zoom/6E823110DFCFAB922E5CE2EEC9376131.jpg,,,,,2025-08-06T23:59:59.999999999+01:00,PROSPECTUS,12,1,
12471,8435257040868,640.0,Nestlé,"Iogurte líquido yoggi morango/banana, embalagem de 4 x 160g",,1.99,3.11,0,kg,€/Kg,,,https://driveimg1.intermarche.com/pt/Content/images/boitmal/produit/zoom/E92C48D7A1A5BA67322D0E6250F5BAFF.jpg,,,,,2025-08-06T23:59:59.999999999+01:00,PROSPECTUS,12,1,
13567,2893562000000,250.0,Marisco,Ameijoa Castanha Vietnamita Congelada,vendido ao peso a partir de 250 g,0.75,2.99,0,,€/Kg,,Avantages !,https://driveimg1.intermarche.com/pt/Content/images/boitmal/produit/zoom/33CC3279E2741F227440A7AFDC3AEEF9.jpg,,,,,2025-08-06T23:59:59.999999999+01:00,PROSPECTUS,12,1,
14684,0000080177173,350.0,Nutella,"Creme para barrar de avelãs e cacau, embalagem de 350g",,2.99,8.54,0,kg,€/Kg,,,https://driveimg1.intermarche.com/pt/Content/images/boitmal/produit/zoom/3F068C295F3B09B89A4B75830D497BA1.jpg,,,,,2025-08-06T23:59:59.999999999+01:00,PROSPECTUS,12,1,
1825,5604260032181,240.0,Porsi Vivabem,Bolacha De Aveia 240G,,1.23,5.13,0,kg,€/Kg,,,https://driveimg1.intermarche.com/pt/Content/images/boitmal/produit/zoom/0C6EAA13B16862AB0F0D51E429A7426C.jpg,,,,,2025-08-06T23:59:59.999999999+01:00,PROSPECTUS,12,1,
18778,5604260274963,200.0,Porsi Sel.,Alheira De Mirandela Ig 200G,,1.29,6.45,0,kg,€/Kg,,,https://driveimg1.intermarche.com/pt/Content/images/boitmal/produit/zoom/93E265B38537CF7D9CC71734EEF39C20.jpg,,,,,2025-08-06T23:59:59.999999999+01:00,PROSPECTUS,12,1,
29613,5604260283538,1000.0,Porsi Vivabem,Bebida De Aveia 0% Açúcares Adicionados 1L,,0.99,0.99,1000,L,€/L,,,https://driveimg1.intermarche.com/pt/Content/images/boitmal/produit/zoom/1EE40BC1DA49C5CE3D084214B1D3D3B9.jpg,,,,,2025-08-06T23:59:59.999999999+01:00,PROSPECTUS,12,1,
35138,5603722517655,960.0,Mimosa,"Iogurte sólido aroma morango, ananás e banana, 8 x 120 g",,1.89,1.97,0,kg,€/Kg,,,https://driveimg1.intermarche.com/pt/Content/images/boitmal/produit/zoom/7070B93AC2DB23DCF61734D801E40E6D.jpg,,,,,2025-08-06T23:59:59.999999999+01:00,PROSPECTUS,12,1,
40925,8710522652138,240.0,Calvé,"Maionese top down, embalagem de 240g",,1.48,6.17,0,kg,€/Kg,,,https://driveimg1.intermarche.com/pt/Content/images/boitmal/produit/zoom/ECF2C8ABFC985CAC5B87AA78A2E96931.jpg,https://driveimg1.intermarche.com/pt/Content/images/boitmal/produit/zoom/8E23B17512BCD2C444A6228885CC4217.jpg,https://driveimg1.intermarche.com/pt/Content/images/boitmal/produit/zoom/8E23B17512BCD2C444A6228885CC4217.jpg,https://driveimg1.intermarche.com/pt/Content/images/boitmal/produit/zoom/8E23B17512BCD2C444A6228885CC4217.jpg,https://driveimg1.intermarche.com/pt/Content/images/boitmal/produit/zoom/8E23B17512BCD2C444A6228885CC4217.jpg,2025-08-06T23:59:59.999999999+01:00,PROSPECTUS,12,1,
43878,2773120000000,400.0,PorSi,"Strogonoff de Frango, embalagem de 400g (aprox.)",,3.4,8.49,0,,€/Kg,,,https://driveimg1.intermarche.com/pt/Content/images/boitmal/produit/zoom/B0564C72162089A88CD1254AA02E059D.jpg,,,,,2025-08-06T23:59:59.999999999+01:00,PROSPECTUS,12,1,
44351,5604260315697,400.0,PorSi,Hambúrgueres De Novilho 400 G,,4.99,12.48,0,kg,€/Kg,,,https://driveimg1.intermarche.com/pt/Content/images/boitmal/produit/zoom/E779911F1889640C1045E57E0C7E319A.jpg,,,,,2025-08-06T23:59:59.999999999+01:00,PROSPECTUS,12,1,
44702,5053990155354,175.0,Pringles,"Snacks batata sour cream & onion, embalagem de 175g",,2.39,13.66,0,kg,€/Kg,,,https://driveimg1.intermarche.com/pt/Content/images/boitmal/produit/zoom/0C0E56E5BC42C468A1D6A594D5BD0C63.jpg,https://driveimg1.intermarche.com/pt/Content/images/boitmal/produit/zoom/3743B152C095FACA5BB155343DC8A7EE.jpg,https://driveimg1.intermarche.com/pt/Content/images/boitmal/produit/zoom/3743B152C095FACA5BB155343DC8A7EE.jpg,https://driveimg1.intermarche.com/pt/Content/images/boitmal/produit/zoom/3743B152C095FACA5BB155343DC8A7EE.jpg,https://driveimg1.intermarche.com/pt/Content/images/boitmal/produit/zoom/3743B152C095FACA5BB155343DC8A7EE.jpg,2025-08-06T23:59:59.999999999+01:00,PROSPECTUS,12,1,
49892,2892448000000,250.0,Legumes,Tomate Kumato | categoria: II,Vendido ao peso,0.4,1.59,0,,€/Kg,,,https://driveimg1.intermarche.com/pt/Content/images/boitmal/produit/zoom/BCFD7C85266A9186AC9846E74D3951C4.jpg,,,,,2025-08-06T23:59:59.999999999+01:00,PROSPECTUS,12,1,
52767,5604260331413,400.0,PorSi,Pizza Atum E Bacon 410G,,2.85,7.13,0,kg,€/Kg,,,https://driveimg1.intermarche.com/pt/Content/images/boitmal/produit/zoom/9E9D5B2F0315729FE8E3D46FFAEC5366.jpg,,,,,2025-08-06T23:59:59.999999999+01:00,PROSPECTUS,12,1,
52769,5604260331390,415.0,PorSi,Pizza Carbonara em Forno de Pedra,Embalagem de 415g,2.89,6.96,0,kg,€/Kg,,,https://driveimg1.intermarche.com/pt/Content/images/boitmal/produit/zoom/2C94AA05FFE95FFA57433A85A9B1141E.jpg,,,,,2025-08-06T23:59:59.999999999+01:00,PROSPECTUS,12,1,
53295,8414100301240,1000.0,Schweppes,"Água Tónica Regular Zero, garrafa de 1l",,1.65,1.65,1000,L,€/L,,,https://driveimg1.intermarche.com/pt/Content/images/boitmal/produit/zoom/25F21BC2F18171F01E270025DBAA2EDD.jpg,https://driveimg1.intermarche.com/pt/Content/images/boitmal/produit/zoom/AEC285B8796F6030DCD987BA7BB072F4.jpg,https://driveimg1.intermarche.com/pt/Content/images/boitmal/produit/zoom/AEC285B8796F6030DCD987BA7BB072F4.jpg,,,2025-08-06T23:59:59.999999999+01:00,PROSPECTUS,12,1,
6207,8001480020528,2000.0,Neoblanc,Lixívia para roupa tradicional,Embalagem de 2 l,1.74,0.87,2000,L,€/L,,,https://driveimg1.intermarche.com/pt/Content/images/boitmal/produit/zoom/930401C25A92312F34CEB71B016BE255.jpg,,,,,2025-08-06T23:59:59.999999999+01:00,PROSPECTUS,12,1,
9692,5604260270644,1000.0,Monique Ranou,Lasanha Bolonhesa 1K,,4.49,4.49,0,kg,€/Kg,,,https://driveimg1.intermarche.com/pt/Content/images/boitmal/produit/zoom/595A20D8C881F56034BBF0051C161610.jpg,,,,,2025-08-06T23:59:59.999999999+01:00,PROSPECTUS,12,1,
10094,8435257040776,640.0,Nestlé,"Iogurte líquido yoggi banana, embalagem de 4 x 160 g",,1.99,3.11,0,kg,€/Kg,,,https://driveimg1.intermarche.com/pt/Content/images/boitmal/produit/zoom/6885FCEF2FEF4752D565E64A3BDEE242.jpg,,,,,2025-08-06T23:59:59.999999999+01:00,PROSPECTUS,12,1,
1188,5601119007970,200.0,Nobre,"Salsichas de porco, lata de 200g",,1.39,6.95,0,kg,€/Kg,,,https://driveimg1.intermarche.com/pt/Content/images/boitmal/produit/zoom/F480FC52D56464F3C1B867155F4A37B9.jpg,,,,,2025-08-06T23:59:59.999999999+01:00,PROSPECTUS,12,1,
13048,2893561000000,250.0,Marisco,Ameijoa Branca Vietnamita Congelada,Vendido a partir de 250 gr  (aprox.),0.5,1.99,0,,€/Kg,,Avantages !,https://driveimg1.intermarche.com/pt/Content/images/boitmal/produit/zoom/EB1BC296FF41180E6F3E1626AD4F78AA.jpg,,,,,2025-08-06T23:59:59.999999999+01:00,PROSPECTUS,12,1,
13915,2891249000000,2000.0,Peru,Perna com Osso,Vendido ao peso,8.58,4.29,0,,€/Kg,,,https://driveimg1.intermarche.com/pt/Content/images/boitmal/produit/zoom/EA6C55F440DB29FDE55EB019973B1FE5.jpg,,,,,2025-08-06T23:59:59.999999999+01:00,PROSPECTUS,12,1,
14573,8414516001031,250.0,Florette,"Salada 4 estações, embalagem de 250 g",,1.49,5.96,0,kg,€/Kg,,,https://driveimg1.intermarche.com/pt/Content/images/boitmal/produit/zoom/544687527BD5EA27DA44855884673ABD.jpg,,,,,2025-08-06T23:59:59.999999999+01:00,PROSPECTUS,12,1,
15577,5604260279166,125.0,PorSi,Framboesa,Embalagem com 125g,1.59,12.72,0,kg,€/Kg,,,https://driveimg1.intermarche.com/pt/Content/images/boitmal/produit/zoom/B88FD29FAEF1BF8CB6DEB86AC94C2B60.jpg,,,,,2025-08-06T23:59:59.999999999+01:00,PROSPECTUS,12,1,
20645,8414100333142,250.0,Schweppes,"Água tónica, garrafa de 250 ml",,0.72,2.88,250,L,€/L,,,https://driveimg1.intermarche.com/pt/Content/images/boitmal/produit/zoom/A602F5762E875E3E3536D48B17925107.jpg,,,,,2025-08-06T23:59:59.999999999+01:00,PROSPECTUS,12,1,
24650,2892247000000,4000.0,Fruta,Melancia,Vendido ao peso | 1 un = 4kg (aprox.),3.16,0.79,0,,€/Kg,,,https://driveimg1.intermarche.com/pt/Content/images/boitmal/produit/zoom/C0453D565ABA4C6B0EAFD737DCA5ED98.jpg,https://driveimg1.intermarche.com/pt/Content/images/boitmal/produit/zoom/DAA9018116B6225E5E4D86EF44FD7710.jpg,,,,2025-08-06T23:59:59.999999999+01:00,PROSPECTUS,12,1,
2587,7622300165628,160.0,Oreo,"Bolachas mini, embalagem de 160g",,1.84,11.5,0,kg,€/Kg,,,https://driveimg1.intermarche.com/pt/Content/images/boitmal/produit/zoom/F9C526AA63F496736DBEE08B88A78CA2.jpg,,,,,2025-08-06T23:59:59.999999999+01:00,PROSPECTUS,12,1,
2676,8410000809831,160.0,Artiach,"Bolachas chiquilin ositos de mel, embalagem de 160g",,1.69,10.56,0,kg,€/Kg,,,https://driveimg1.intermarche.com/pt/Content/images/boitmal/produit/zoom/7F651091C0FC8F1A45FAC9DC89A926AB.jpg,,,,,2025-08-06T23:59:59.999999999+01:00,PROSPECTUS,12,1,
35542,7613036867405,,Nescafé,"Café em cápsulas dolce gusto ristreto intenso, embalagem de 210g",,10.49,10.49,30,,€/Unidade,,,https://driveimg1.intermarche.com/pt/Content/images/boitmal/produit/zoom/FC99456EA03268527FE0EC549A21D081.jpg,,,,,2025-08-06T23:59:59.999999999+01:00,PROSPECTUS,12,1,
36924,5604260296651,1500.0,PorSi,"Lima-Limão 1,5L",,0.74,0.49,1500,L,€/L,,,https://driveimg1.intermarche.com/pt/Content/images/boitmal/produit/zoom/2A1424B586D4DC563639874DB1FA87A8.jpg,,,,,2025-08-06T23:59:59.999999999+01:00,PROSPECTUS,12,1,
41226,5601050036572,440.0,Danone,"Oikos morango, embalagem de 4 x 110g",,2.09,4.75,0,kg,€/Kg,,,https://driveimg1.intermarche.com/pt/Content/images/boitmal/produit/zoom/2653493E2B1190B7D8AE6B95BAB9D958.jpg,,,,,2025-08-06T23:59:59.999999999+01:00,PROSPECTUS,12,1,
41302,5601050036558,440.0,Danone,"Iogurte oikos natural açucarado, embalagem de 4 x 110g",,2.49,5.66,0,kg,€/Kg,,,https://driveimg1.intermarche.com/pt/Content/images/boitmal/produit/zoom/EF9CBAC3BDE3B09B251B8011D3C6F904.jpg,,,,,2025-08-06T23:59:59.999999999+01:00,PROSPECTUS,12,1,
438,8722700140139,20.0,Lipton,"20 saquetas infusão de cidreira, embalagem de 20g",,1.49,74.5,0,kg,€/Kg,,,https://driveimg1.intermarche.com/pt/Content/images/boitmal/produit/zoom/75772B648D442A3C0BB5D4E8A4601B76.jpg,,,,,2025-08-06T23:59:59.999999999+01:00,PROSPECTUS,12,1,
47807,5604260316724,250.0,Porsi Select - Programa Origens,Secretos De Porco Preto Do Alentejo 250 G,,4.49,17.96,0,kg,€/Kg,,,https://driveimg1.intermarche.com/pt/Content/images/boitmal/produit/zoom/6A87D20A3CF16F872AA7C71D8779E2D2.jpg,,,,,2025-08-06T23:59:59.999999999+01:00,PROSPECTUS,12,1,
49542,5604260323906,1000.0,Porsi Vivabem,Bebida De Amendoa 0% Açúcares Adicionados 1L,,1.35,1.35,1000,L,€/L,,,https://driveimg1.intermarche.com/pt/Content/images/boitmal/produit/zoom/F89BE6092FFDF79437CA524ACE479BA7.jpg,,,,,2025-08-06T23:59:59.999999999+01:00,PROSPECTUS,12,1,
49848,5601146700011,1500.0,Sagres,"Cerveja com álcool Branca, 6x0.25l",,3.74,2.49,1500,L,€/L,,,https://driveimg1.intermarche.com/pt/Content/images/boitmal/produit/zoom/7DD63AF461A2001B6593334CAE40B609.jpg,,,,,2025-08-06T23:59:59.999999999+01:00,PROSPECTUS,12,1,
53079,8711327591011,650.0,Viennetta,"Gelado caramelo salgado, 650 ml",,2.59,3.98,650,L,€/L,,Tipo de stockagem,https://driveimg1.intermarche.com/pt/Content/images/boitmal/produit/zoom/B05E55484D079FDCAE0B99F040C539B7.jpg,https://driveimg1.intermarche.com/pt/Content/images/boitmal/produit/zoom/96C8E669282C188787DB043E8B0F9711.jpg,https://driveimg1.intermarche.com/pt/Content/images/boitmal/produit/zoom/96C8E669282C188787DB043E8B0F9711.jpg,,,2025-08-06T23:59:59.999999999+01:00,PROSPECTUS,12,1,
53112,8719200261396,225.0,Planta,"Creme vegetal para barrar magro sabor a manteiga, 225g",,1.79,7.96,0,kg,€/Kg,,,https://driveimg1.intermarche.com/pt/Content/images/boitmal/produit/zoom/5F1FDA1229D6F2FCA08B8CD4D16D2827.jpg,https://driveimg1.intermarche.com/pt/Content/images/boitmal/produit/zoom/8A26170B245BCD16D7302351FE82D3EB.jpg,https://driveimg1.intermarche.com/pt/Content/images/boitmal/produit/zoom/8A26170B245BCD16D7302351FE82D3EB.jpg,https://driveimg1.intermarche.com/pt/Content/images/boitmal/produit/zoom/8A26170B245BCD16D7302351FE82D3EB.jpg,,2025-08-06T23:59:59.999999999+01:00,PROSPECTUS,12,1,
53238,5601027116313,240.0,Bimbo,"6 Wraps Clássicos, 240g",,1.99,8.29,0,kg,€/Kg,,,https://driveimg1.intermarche.com/pt/Content/images/boitmal/produit/zoom/E949FD51CD255B33D4B4EAF5D9B1E235.jpg,,,,,2025-08-06T23:59:59.999999999+01:00,PROSPECTUS,12,1,
54633,5603722523052,1000.0,Gresso,"Leite Uht Magro, 1L",,0.87,0.87,1000,L,€/L,,,https://driveimg1.intermarche.com/pt/Content/images/boitmal/produit/zoom/62FAA0AA671FC5B53B3DDBACCC92B900.jpg,,,,,2025-08-06T23:59:59.999999999+01:00,PROSPECTUS,12,1,
54683,8711327609082,330.0,Magnum,"5 gelados mini chocolate clássico, amêndoa e chocolate branco, 330 ml",,3.99,12.09,330,L,€/L,,Tipo de stockagem,https://driveimg1.intermarche.com/pt/Content/images/boitmal/produit/zoom/29273D02F85CCA3787C7EFAE4B965F92.jpg,,,,,2025-08-06T23:59:59.999999999+01:00,PROSPECTUS,12,1,
55260,8445291133396,220.0,Sical,"Café Moído Clássico Int 10, 220g",,3.49,15.86,0,kg,€/Kg,,,https://driveimg1.intermarche.com/pt/Content/images/boitmal/produit/zoom/F1F21D9DD5EF92659D4D4D9622ABB148.jpg,,,,,2025-08-06T23:59:59.999999999+01:00,PROSPECTUS,12,1,
7994,5000204700398,,Raid,"Inseticida, recarga, elétrico, pack 2",1 embalagem com 2x27ml,7.59,7.59,0,,€/Unidade,,,https://driveimg1.intermarche.com/pt/Content/images/boitmal/produit/zoom/14C1FAF83F88740F609DED3B0E2D51E7.jpg,,,,,2025-08-06T23:59:59.999999999+01:00,PROSPECTUS,12,1,
8068,5011417544679,400.0,Finish,Abrilhantador p/ máquina de lavar loiça,Garrafa de 400 ml,4.99,12.48,400,L,€/L,,,https://driveimg1.intermarche.com/pt/Content/images/boitmal/produit/zoom/5D045CC65EE222532216DB5B0BF2A582.jpg,,,,,2025-08-06T23:59:59.999999999+01:00,PROSPECTUS,12,1,
8396,5601049614330,250.0,Milhafre,"Manteiga com sal, embalagem de 250g",,2.49,9.96,0,kg,€/Kg,,,https://driveimg1.intermarche.com/pt/Content/images/boitmal/produit/zoom/8DCB9F2F3B36086D35B7173891ABA268.jpg,,,,,2025-08-06T23:59:59.999999999+01:00,PROSPECTUS,12,1,
8413,8410500008932,600.0,Danone,"Actimel iogurte líquido de morango, de 6 x 100g",,2.99,4.98,0,kg,€/Kg,,,https://driveimg1.intermarche.com/pt/Content/images/boitmal/produit/zoom/F5F985DE2C1FEBCCE4ED6002098F416C.jpg,,,,,2025-08-06T23:59:59.999999999+01:00,PROSPECTUS,12,1,
1187,5601119007963,120.0,Nobre,"6 salsichas de porco, lata de 120g",,1.04,8.67,0,kg,€/Kg,,,https://driveimg1.intermarche.com/pt/Content/images/boitmal/produit/zoom/024D21F90F760BFDC12CBD7EB02BECC6.jpg,,,,,2025-08-06T23:59:59.999999999+01:00,PROSPECTUS,12,1,
11959,5603722504945,200.0,Mimosa,"Nata para culinária ligeira, embalagem de 200 ml",,0.91,4.55,200,L,€/L,,,https://driveimg1.intermarche.com/pt/Content/images/boitmal/produit/zoom/34074ECCE8C9D0028618D923D64DF04D.jpg,,,,,2025-08-06T23:59:59.999999999+01:00,PROSPECTUS,12,1,
13112,2893091000000,400.0,Peixaria,Chicharro Fresco,1 un= 400 g (aprox.),2.4,5.99,0,,€/Kg,,,https://driveimg1.intermarche.com/pt/Content/images/boitmal/produit/zoom/FB568BCCF7F0742E8CF1174087C1CF25.jpg,,,,,2025-08-06T23:59:59.999999999+01:00,PROSPECTUS,12,1,
13126,2893105000000,600.0,Peixaria,Dourada de Viveiro,de 600 a 800g,4.49,7.49,0,,€/Kg,,,https://driveimg1.intermarche.com/pt/Content/images/boitmal/produit/zoom/6E8A33BF89ACC347EAD33BE9A6FF5B5C.jpg,,,,,2025-08-06T23:59:59.999999999+01:00,PROSPECTUS,12,1,
13541,2893533000000,250.0,Congelado de Aquicultura,Camarão Congelado 60/80,1 un = 250 gr  (aprox.),2.0,7.99,0,,€/Kg,,Avantages !,https://driveimg1.intermarche.com/pt/Content/images/boitmal/produit/zoom/29A2DFA509FFDAFCD18E7F308BD753B4.jpg,,,,,2025-08-06T23:59:59.999999999+01:00,PROSPECTUS,12,2,
13602,2893597000000,500.0,Peixaria,Pescada Média Argentina Congelada,+ de 500 g,2.0,3.99,0,,€/Kg,,Avantages !,https://driveimg1.intermarche.com/pt/Content/images/boitmal/produit/zoom/0D3A6A42D4C22CDA932A00A286926BF6.jpg,,,,,2025-08-06T23:59:59.999999999+01:00,PROSPECTUS,12,2,
13861,2691127000000,,Aves,Codornizes,1 un. = 150 g (aprox.),1.09,1.09,0,,€/Unidade,,,https://driveimg1.intermarche.com/pt/Content/images/boitmal/produit/zoom/49A0BEA3AB28A38ED8B2B84EBCB7B813.jpg,,,,,2025-08-06T23:59:59.999999999+01:00,PROSPECTUS,12,2,
13893,2891043000000,1000.0,Porco,Entrecosto,Vendido ao peso a partir de 1 kg,5.99,5.99,0,,€/Kg,,,https://driveimg1.intermarche.com/pt/Content/images/boitmal/produit/zoom/AA05EE99D302D59771FCC108473E0700.jpg,,,,,2025-08-06T23:59:59.999999999+01:00,PROSPECTUS,12,2,
13956,2891205000000,50.0,Porco,Salsicha Brasileira,1 un = 50 gr (aprox.),0.27,5.39,0,,€/Kg,,,https://driveimg1.intermarche.com/pt/Content/images/boitmal/produit/zoom/F6298C19D94A9653E5F3E3E4F0DEBFCF.jpg,,,,,2025-08-06T23:59:59.999999999+01:00,PROSPECTUS,12,2,
13990,2696200000000,,Pastelaria,Folhado de salsichas,1 unidade = 110 g,0.89,0.89,0,,€/Unidade,,,https://driveimg1.intermarche.com/pt/Content/images/boitmal/produit/zoom/4DCF72DC736051BE772FEB48C9B7E455.jpg,,,,,2025-08-06T23:59:59.999999999+01:00,PROSPECTUS,12,2,
14585,8414516074554,100.0,Florette,"Salada antioxidante, 100g",,1.49,14.9,0,kg,€/Kg,,,https://driveimg1.intermarche.com/pt/Content/images/boitmal/produit/zoom/87AD22D6D21C8388359D48D3BFA701BC.jpg,,,,,2025-08-06T23:59:59.999999999+01:00,PROSPECTUS,12,2,
15921,2696132000000,650.0,Pastelaria,Tarte de Flan,embalagem com 650g,3.99,6.14,0,kg,€/Kg,,,https://driveimg1.intermarche.com/pt/Content/images/boitmal/produit/zoom/27A5BDE3187D3D3C51C647BB82D32136.jpg,,,,,2025-08-06T23:59:59.999999999+01:00,PROSPECTUS,12,2,
16343,5601151978856,6000.0,Serra da estrela,"Água sem gás, garrafão de 6l",,1.79,0.3,6000,L,€/L,,,https://driveimg1.intermarche.com/pt/Content/images/boitmal/produit/zoom/8D402342781DACEBEA13B36CE32D8EBF.jpg,,,,,2025-08-06T23:59:59.999999999+01:00,PROSPECTUS,12,2,
16566,5029053560243,,Scottex,"Rolo de cozinha branco, mega",1 unidade - 3rolos,2.39,2.39,0,,€/Unidade,,,https://driveimg1.intermarche.com/pt/Content/images/boitmal/produit/zoom/65EF51C6EA58B766FE8D1C05034ABBCF.jpg,,,,,2025-08-06T23:59:59.999999999+01:00,PROSPECTUS,12,2,
16754,4015400738367,,Ausonia,Cuecas de incontinência Plus M,Uma embalagem - 9Unidades,7.49,7.49,0,,€/Unidade,,,https://driveimg1.intermarche.com/pt/Content/images/boitmal/produit/zoom/CD6B276BB60CA3FAF3426C424474A8D2.jpg,,,,,2025-08-06T23:59:59.999999999+01:00,PROSPECTUS,12,2,
17174,2891285000000,1000.0,Novilho,Costeletão,Vendido ao peso a partir de 1 kg,10.99,10.99,0,,€/Kg,,,https://driveimg1.intermarche.com/pt/Content/images/boitmal/produit/zoom/3119B572BBCB66D5B0D8D4234718B722.jpg,,,,,2025-08-06T23:59:59.999999999+01:00,PROSPECTUS,12,2,
17419,5601119243781,110.0,Nobre,"Peito de frango fatias finas, embalagem de 110g",,2.19,19.91,0,kg,€/Kg,,,https://driveimg1.intermarche.com/pt/Content/images/boitmal/produit/zoom/568E87E8AE328D133D5414163DCC53D1.jpg,,,,,2025-08-06T23:59:59.999999999+01:00,PROSPECTUS,12,2,
17665,8712100745591,754.0,Calvé,"Maionese top down, embalagem de 753 g",,3.49,4.63,0,kg,€/Kg,,,https://driveimg1.intermarche.com/pt/Content/images/boitmal/produit/zoom/C6F00A8AA4D7D21E56D34CFA61170423.jpg,,,,,2025-08-06T23:59:59.999999999+01:00,PROSPECTUS,12,2,
21149,3415581114935,460.0,Haagen Daz,"Salted caramel, embalagem de 460 ml",,5.79,12.59,460,L,€/L,,Tipo de stockagem,https://driveimg1.intermarche.com/pt/Content/images/boitmal/produit/zoom/3221FA219404BC43A0A4240ED9704EE0.jpg,,,,,2025-08-06T23:59:59.999999999+01:00,PROSPECTUS,12,2,
22413,7613035314375,125.0,Nestlé,"Tablete de chocolate preto, embalagem de 130g",,2.59,20.72,0,kg,€/Kg,,,https://driveimg1.intermarche.com/pt/Content/images/boitmal/produit/zoom/A4ECB1D77E989339C34579161CBA1AC6.jpg,,,,,2025-08-06T23:59:59.999999999+01:00,PROSPECTUS,12,2,
2306,5604260271672,800.0,PorSi,Bacalhau posta média,Embalagem de 800g,7.79,9.74,0,kg,€/Kg,,Tipo de stockagem,https://driveimg1.intermarche.com/pt/Content/images/boitmal/produit/zoom/7BFB91B2030DFA8C523A88F3C016C8D9.jpg,,,,,2025-08-06T23:59:59.999999999+01:00,PROSPECTUS,12,2,
24415,8410436299961,1300.0,Sonasol,"Lava tudo lavanda, 1,3l",,2.09,1.61,1300,L,€/L,,,https://driveimg1.intermarche.com/pt/Content/images/boitmal/produit/zoom/7357FEB6EC6D53B795AF0EA5889F5ADF.jpg,,,,,2025-08-06T23:59:59.999999999+01:00,PROSPECTUS,12,2,
2466,7613032142599,500.0,Cerelac,Farinha láctea 12 meses,Embalagem de 500g,3.74,7.48,0,kg,€/Kg,,,https://driveimg1.intermarche.com/pt/Content/images/boitmal/produit/zoom/4E708CAF1A60A052407E76B7A92102F7.jpg,,,,,2025-08-06T23:59:59.999999999+01:00,PROSPECTUS,12,2,
24810,8714100289983,440.0,Magnum,"Gelado pint amêndoas, embalagem de 440 ml",,3.99,9.07,440,L,€/L,,Tipo de stockagem,https://driveimg1.intermarche.com/pt/Content/images/boitmal/produit/zoom/3A13A62312A4E6B689883F50A6265AFD.jpg,https://driveimg1.intermarche.com/pt/Content/images/boitmal/produit/zoom/CAF47DA081A9FA3D88EC863A18BD3DDE.jpg,https://driveimg1.intermarche.com/pt/Content/images/boitmal/produit/zoom/CAF47DA081A9FA3D88EC863A18BD3DDE.jpg,,,2025-08-06T23:59:59.999999999+01:00,PROSPECTUS,12,2,
25881,5601151155257,3000.0,Serra da estrela,"Água sem gás, pack 6 x 0,50 l",,1.99,0.66,3000,L,€/L,,,https://driveimg1.intermarche.com/pt/Content/images/boitmal/produit/zoom/984AE28FD91E1C697070D2BD18A4765A.jpg,,,,,2025-08-06T23:59:59.999999999+01:00,PROSPECTUS,12,2,
2675,8410000802771,160.0,Chips Ahoy!,Bolachas mini chips ahoy,Embalagem de 160g,1.84,11.5,0,kg,€/Kg,,,https://driveimg1.intermarche.com/pt/Content/images/boitmal/produit/zoom/3707DD444CDD44D20F774875B91B068B.jpg,,,,,2025-08-06T23:59:59.999999999+01:00,PROSPECTUS,12,2,
2780,8410199002303,96.0,Cheetos,"Aperitivos palitos, embalagem de 100g",,1.49,15.52,0,kg,€/Kg,,,https://driveimg1.intermarche.com/pt/Content/images/boitmal/produit/zoom/35C90C106FCD999188F46A491D275892.jpg,,,,,2025-08-06T23:59:59.999999999+01:00,PROSPECTUS,12,2,
30170,5604260274956,200.0,PorSi,Alheira Esp.Tras Os Mtes 200G,,1.29,6.45,0,kg,€/Kg,,,https://driveimg1.intermarche.com/pt/Content/images/boitmal/produit/zoom/19929337FCFE5B600DFE0ACDB988D2AA.jpg,,,,,2025-08-06T23:59:59.999999999+01:00,PROSPECTUS,12,2,
31551,8414100333241,250.0,Schweppes,"Schweppes tónica zero, garrafa de 250 ml",,0.72,2.88,250,L,€/L,,,https://driveimg1.intermarche.com/pt/Content/images/boitmal/produit/zoom/4DBFD7A80C20CF9D74FFDE40B52421E2.jpg,,,,,2025-08-06T23:59:59.999999999+01:00,PROSPECTUS,12,2,
34199,3083680905008,700.0,Bonduelle,"Salteado mediterrâneo, embalagem de 750 g",,4.19,5.99,0,kg,€/Kg,,Tipo de stockagem,https://driveimg1.intermarche.com/pt/Content/images/boitmal/produit/zoom/B23675E7CD8B0377798B2F686A375FC0.jpg,,,,,2025-08-06T23:59:59.999999999+01:00,PROSPECTUS,12,2,
36170,5604260295654,1000.0,PorSi,Batata pré-frita palito,Embalagem de 1 kg,1.99,1.99,0,kg,€/Kg,,Tipo de stockagem,https://driveimg1.intermarche.com/pt/Content/images/boitmal/produit/zoom/CF4C3E7B4CE8656CEB5876B96DD4C997.jpg,,,,,2025-08-06T23:59:59.999999999+01:00,PROSPECTUS,12,2,
40564,5604260325757,330.0,PorSi,Mix 6 Salsichas 330 G,,5.19,15.73,0,kg,€/Kg,,,https://driveimg1.intermarche.com/pt/Content/images/boitmal/produit/zoom/A602225BF97DD74FD9F9FA1E3AB6FBF9.jpg,,,,,2025-08-06T23:59:59.999999999+01:00,PROSPECTUS,12,2,
40951,8711327324831,360.0,Olá,"Feast, 4x90ml",,2.99,8.31,360,L,€/L,,Tipo de stockagem,https://driveimg1.intermarche.com/pt/Content/images/boitmal/produit/zoom/F3D35B2BB9F7BAB6B2C8C41763D3C22D.jpg,,,,,2025-08-06T23:59:59.999999999+01:00,PROSPECTUS,12,2,
40983,8711327398351,750.0,Olá,Carte dor romantica 750ml,,6.49,8.65,750,L,€/L,,Tipo de stockagem,https://driveimg1.intermarche.com/pt/Content/images/boitmal/produit/zoom/D57A8BD6552872F6AB48A23112A32845.jpg,,,,,2025-08-06T23:59:59.999999999+01:00,PROSPECTUS,12,2,
41297,5601050036534,440.0,Danone,"Iogurte oikos pêssego, embalagem de 4 x 110g",,2.09,4.75,0,kg,€/Kg,,,https://driveimg1.intermarche.com/pt/Content/images/boitmal/produit/zoom/C2BCC90FB2B192B3C8BC1E9CCF0DA4AF.jpg,,,,,2025-08-06T23:59:59.999999999+01:00,PROSPECTUS,12,2,
43215,5603722519802,300.0,Castelões,"Queijo curado fatias sem lactose, 2x150g",,3.49,11.63,0,kg,€/Kg,,,https://driveimg1.intermarche.com/pt/Content/images/boitmal/produit/zoom/00AFD4E031A3F72FB642915439BD8EFE.jpg,,,,,2025-08-06T23:59:59.999999999+01:00,PROSPECTUS,12,2,
44264,5603722517136,200.0,Mimosa,"Nata cremosa sem lactose, 200 ml",,1.04,5.2,200,L,€/L,,,https://driveimg1.intermarche.com/pt/Content/images/boitmal/produit/zoom/8BEE16017818634A0906C7EEA760EC96.jpg,,,,,2025-08-06T23:59:59.999999999+01:00,PROSPECTUS,12,2,
44651,7622201410483,160.0,Oreo,"Bolachas golden mini, embalagem de 160g",,1.84,11.5,0,kg,€/Kg,,,https://driveimg1.intermarche.com/pt/Content/images/boitmal/produit/zoom/8EE72F4B8C31524152803DCB15134537.jpg,,,,,2025-08-06T23:59:59.999999999+01:00,PROSPECTUS,12,2,
44809,7613035593756,1000.0,Nesquik,"Achocolatado em saco, embalagem de 1 kg",,6.99,6.99,0,kg,€/Kg,,,https://driveimg1.intermarche.com/pt/Content/images/boitmal/produit/zoom/B72BED7B45B21CF0D0F77A499251A582.jpg,,,,,2025-08-06T23:59:59.999999999+01:00,PROSPECTUS,12,2,
45628,5604260312061,500.0,PorSi,Couscous Com Especiarias 4X125G,,1.99,3.98,0,kg,€/Kg,,,https://driveimg1.intermarche.com/pt/Content/images/boitmal/produit/zoom/B490F81EB2EE20AE37F5E2181CD3AAC2.jpg,,,,,2025-08-06T23:59:59.999999999+01:00,PROSPECTUS,12,2,
46871,8411660000224,,Sanytol,"Toalhitas desinfetantes, 36 unidades",,2.49,2.49,0,,€/Unidade,,,https://driveimg1.intermarche.com/pt/Content/images/boitmal/produit/zoom/4B0437D5536C9ECA61CD0C9A016E01DD.jpg,,,,,2025-08-06T23:59:59.999999999+01:00,PROSPECTUS,12,2,
48782,8410199023070,150.0,LayS,"Batatas camponesas, embalagem de 150g",,1.39,9.27,0,kg,€/Kg,,,https://driveimg1.intermarche.com/pt/Content/images/boitmal/produit/zoom/D570E7E39595628616CA3F3914A72126.jpg,,,,,2025-08-06T23:59:59.999999999+01:00,PROSPECTUS,12,2,
49897,4005900911629,270.0,Nivea Sun,"Protetor solar spray protect & moisture hidratante spf50+, 270ml",,13.99,51.81,270,L,€/L,,,https://driveimg1.intermarche.com/pt/Content/images/boitmal/produit/zoom/682A3477E06D79E1FE5ADE92095B440C.jpg,,,,,2025-08-06T23:59:59.999999999+01:00,PROSPECTUS,12,2,
49964,8719200238176,225.0,Becel,"Creme de barrar, embalagem de 225g",,1.99,8.84,0,kg,€/Kg,,,https://driveimg1.intermarche.com/pt/Content/images/boitmal/produit/zoom/02C3B8CB4BF40DA381639A6BD63AEBA6.jpg,,,,,2025-08-06T23:59:59.999999999+01:00,PROSPECTUS,12,2,
50033,5601050037593,300.0,Yopro,"Iogurte liquido pêssego maragujá, 300g",,1.99,6.63,0,kg,€/Kg,,,https://driveimg1.intermarche.com/pt/Content/images/boitmal/produit/zoom/FBD4E9C7CBF6F8731249673D25B3B2EC.jpg,,,,,2025-08-06T23:59:59.999999999+01:00,PROSPECTUS,12,2,
50297,5604260324187,750.0,Labell,Gel Banho Glamour Fresh,Embalagem com 750 ml,1.99,2.65,750,L,€/L,,,https://driveimg1.intermarche.com/pt/Content/images/boitmal/produit/zoom/F82CC10C22B4E89B6A4BBE414698CC98.jpg,https://driveimg1.intermarche.com/pt/Content/images/boitmal/produit/zoom/BB4B4E3B90A4467E5D7685963931E65C.jpg,,,,2025-08-06T23:59:59.999999999+01:00,PROSPECTUS,12,2,
50624,5603722520969,200.0,Mimosa,"Nata culinária sem lactose, 200 ml",,1.04,5.2,200,L,€/L,,,https://driveimg1.intermarche.com/pt/Content/images/boitmal/produit/zoom/17C52EE6D7D8FA0AE40E9527FFF803CC.jpg,,,,,2025-08-06T23:59:59.999999999+01:00,PROSPECTUS,12,2,
511,3046920028363,100.0,Lindt,"Tablete de chocolate excellence, 85% cacau, embalagem de 100g",,3.74,37.4,0,kg,€/Kg,,,https://driveimg1.intermarche.com/pt/Content/images/boitmal/produit/zoom/05B4E950A6290D86B9B96B210C726A38.jpg,,,,,2025-08-06T23:59:59.999999999+01:00,PROSPECTUS,12,2,
51505,8006540347058,200.0,Pantene,Espuma Volume Perfeito,Embalagem de 200 ml,3.99,19.95,200,L,€/L,,,https://driveimg1.intermarche.com/pt/Content/images/boitmal/produit/zoom/813E82BB5BF971731625EC7946D052E4.jpg,,,,,2025-08-06T23:59:59.999999999+01:00,PROSPECTUS,12,2,
51784,5604260327683,1000.0,PorSi,Iogurte Líquido Magro Morango 1Kg/ 963Ml,,1.54,1.54,0,kg,€/Kg,,,https://driveimg1.intermarche.com/pt/Content/images/boitmal/produit/zoom/E4FA32AC7053A690EC4B42D5772246F4.jpg,,,,,2025-08-06T23:59:59.999999999+01:00,PROSPECTUS,12,2,
52766,5604260331406,380.0,PorSi,Pizza 4 Queijos 380G,,2.69,7.08,0,kg,€/Kg,,,https://driveimg1.intermarche.com/pt/Content/images/boitmal/produit/zoom/5E1EA1405D60B451233CAD21DBFCF0CA.jpg,,,,,2025-08-06T23:59:59.999999999+01:00,PROSPECTUS,12,2,
52880,8719200267794,450.0,Becel,"Creme vegetal de barrar com sabor a manteiga, 450g",,3.56,7.91,0,kg,€/Kg,,,https://driveimg1.intermarche.com/pt/Content/images/boitmal/produit/zoom/E2EFE8BE5E96AF9FCA9D840059BF696C.jpg,https://driveimg1.intermarche.com/pt/Content/images/boitmal/produit/zoom/287D301C66C180312FAA8A3BAE7EA710.jpg,https://driveimg1.intermarche.com/pt/Content/images/boitmal/produit/zoom/287D301C66C180312FAA8A3BAE7EA710.jpg,https://driveimg1.intermarche.com/pt/Content/images/boitmal/produit/zoom/287D301C66C180312FAA8A3BAE7EA710.jpg,,2025-08-06T23:59:59.999999999+01:00,PROSPECTUS,12,2,
52887,5603722523137,200.0,Mimosa,"Natas para massas, 200 ml",,1.04,5.2,200,L,€/L,,,https://driveimg1.intermarche.com/pt/Content/images/boitmal/produit/zoom/836A8DFC9F960FD6B745222B729AE7FC.jpg,https://driveimg1.intermarche.com/pt/Content/images/boitmal/produit/zoom/F3EDAE46E372CBB78EE7DEA3A9DB3BD9.jpg,https://driveimg1.intermarche.com/pt/Content/images/boitmal/produit/zoom/F3EDAE46E372CBB78EE7DEA3A9DB3BD9.jpg,,,2025-08-06T23:59:59.999999999+01:00,PROSPECTUS,12,2,
53227,8410500028954,320.0,Danone,"Kefir Activia Natural, 320g",,1.89,5.91,0,kg,€/Kg,,,https://driveimg1.intermarche.com/pt/Content/images/boitmal/produit/zoom/3618BB9FBE5019AAC8808484291DD432.jpg,,,,,2025-08-06T23:59:59.999999999+01:00,PROSPECTUS,12,2,
53893,5604260330102,220.0,PorSi,Morcela Tras Os Mtes 220G,,1.79,8.14,0,kg,€/Kg,,,https://driveimg1.intermarche.com/pt/Content/images/boitmal/produit/zoom/66805998142A305675267D9F42D78346.jpg,,,,,2025-08-06T23:59:59.999999999+01:00,PROSPECTUS,12,2,
54286,3600542572606,150.0,Ambre Solaire,"Bruma de Rosto e Corpo Ideal Bronze FPS 30, 150ml",,10.79,71.93,150,L,€/L,,,https://driveimg1.intermarche.com/pt/Content/images/boitmal/produit/zoom/BEC24ED41A51D097D8696C8F88727D82.jpg,https://driveimg1.intermarche.com/pt/Content/images/boitmal/produit/zoom/CA224EB4844779FE418EA239867214C0.jpg,https://driveimg1.intermarche.com/pt/Content/images/boitmal/produit/zoom/CA224EB4844779FE418EA239867214C0.jpg,https://driveimg1.intermarche.com/pt/Content/images/boitmal/produit/zoom/CA224EB4844779FE418EA239867214C0.jpg,,2025-08-06T23:59:59.999999999+01:00,PROSPECTUS,12,2,
54632,5603722523045,1000.0,Gresso,"Leite UHT Meio Gordo, 1L",,0.87,0.87,1000,L,€/L,,,https://driveimg1.intermarche.com/pt/Content/images/boitmal/produit/zoom/ECF816693AC2579C9FB595FD8ABD96D7.jpg,,,,,2025-08-06T23:59:59.999999999+01:00,PROSPECTUS,12,2,
54775,8711327639874,480.0,Cornetto,"4 gelados brigadeiro, 480 ml",,3.89,8.1,480,L,€/L,,Tipo de stockagem,https://driveimg1.intermarche.com/pt/Content/images/boitmal/produit/zoom/962707DE4486454556D51C1A705EA1C2.jpg,,,,,2025-08-06T23:59:59.999999999+01:00,PROSPECTUS,12,2,
54789,8711327608665,400.0,Magnum,"4 gelados chocolate e amêndoa, 400 ml",,3.99,9.98,400,L,€/L,,Tipo de stockagem,https://driveimg1.intermarche.com/pt/Content/images/boitmal/produit/zoom/8722D1A85B18DF132EACF542CF5DDE68.jpg,,,,,2025-08-06T23:59:59.999999999+01:00,PROSPECTUS,12,2,
55018,5601027117303,430.0,Bimbo,"Pão de forma com Côdea, 430g",,1.74,4.05,0,kg,€/Kg,,,https://driveimg1.intermarche.com/pt/Content/images/boitmal/produit/zoom/4C17DB6C614697DA1B5FB0CE80A911CD.jpg,,,,,2025-08-06T23:59:59.999999999+01:00,PROSPECTUS,12,2,
55263,8445291133372,220.0,Sical,"Café Moído Moagem Universal Tradição Int 11, 220g",,3.35,15.23,0,kg,€/Kg,,,https://driveimg1.intermarche.com/pt/Content/images/boitmal/produit/zoom/2C71B4BE8C62CE03863B42CCFD75F09E.jpg,,,,,2025-08-06T23:59:59.999999999+01:00,PROSPECTUS,12,2,
56083,8711327642034,520.0,Ola,"Gelado Sandwich Filipinos, 4x130ml",,3.99,7.67,520,L,€/L,,Tipo de stockagem,https://driveimg1.intermarche.com/pt/Content/images/boitmal/produit/zoom/40C569E6C728A3ECA2DAA98A1E8AB046.jpg,,,,,2025-08-06T23:59:59.999999999+01:00,PROSPECTUS,12,2,
8388,5601049152993,1000.0,Mimosa,"Leite especial cálcio + vitamina d m/g, de 1l",,1.0,1.0,1000,L,€/L,,,https://driveimg1.intermarche.com/pt/Content/images/boitmal/produit/zoom/AE995344CF7D57F674EA8EE465C57CA4.jpg,,,,,2025-08-06T23:59:59.999999999+01:00,PROSPECTUS,12,2,
8391,5601049159992,1000.0,Mimosa,"Leite especial cálcio + vitamina d magro, de 1l",,1.0,1.0,1000,L,€/L,,,https://driveimg1.intermarche.com/pt/Content/images/boitmal/produit/zoom/22E6964D6A2F2B922BCB40BB341AE902.jpg,,,,,2025-08-06T23:59:59.999999999+01:00,PROSPECTUS,12,2,
8537,5601119957206,120.0,Campofrio,"Peito frango forno lenha fatias clássicas, embalagem de 120g",,2.19,18.25,0,kg,€/Kg,,,https://driveimg1.intermarche.com/pt/Content/images/boitmal/produit/zoom/A5EDB423B7786C27645C35469FF56E84.jpg,,,,,2025-08-06T23:59:59.999999999+01:00,PROSPECTUS,12,2,
8538,5601119957213,120.0,Campofrio,"Peito frango forno lenha fatias finas, embalagem de 120g",,2.19,18.25,0,kg,€/Kg,,,https://driveimg1.intermarche.com/pt/Content/images/boitmal/produit/zoom/73C7285F6ACF8A124F339DF62D4EEA07.jpg,,,,,2025-08-06T23:59:59.999999999+01:00,PROSPECTUS,12,2,
944,5601001339301,200.0,Nestlé,"Mistura solúvel mokambo, embalagem de 200g",,3.89,19.45,0,kg,€/Kg,,,https://driveimg1.intermarche.com/pt/Content/images/boitmal/produit/zoom/7654D4A8AEB526591EE0FD0D1A7BE478.jpg,,,,,2025-08-06T23:59:59.999999999+01:00,PROSPECTUS,12,2,
1009,5601038300077,80.0,Knorr,"Caldo de galinha 8 cubos, embalagem de 80g",,1.49,18.63,0,kg,€/Kg,,,https://driveimg1.intermarche.com/pt/Content/images/boitmal/produit/zoom/CFDBB6C1885F48FB7941F504CD886192.jpg,,,,,2025-08-06T23:59:59.999999999+01:00,PROSPECTUS,12,2,
10161,8410199030900,85.0,LayS,"Aperitivos 3ds cones, embalagem de 90g",,1.19,14.0,0,kg,€/Kg,,,https://driveimg1.intermarche.com/pt/Content/images/boitmal/produit/zoom/CABD9E02E15FE0A39A1EB6AA89751DFE.jpg,,,,,2025-08-06T23:59:59.999999999+01:00,PROSPECTUS,12,2,
10651,8714789113227,75.0,Colgate,"Pasta dentífrica herbal branqueadora, embalagem de 75 ml",,1.99,26.53,75,L,€/L,,,https://driveimg1.intermarche.com/pt/Content/images/boitmal/produit/zoom/D603169FD8B2B272886B853A2EE3184C.jpg,,,,,2025-08-06T23:59:59.999999999+01:00,PROSPECTUS,12,2,
10823,2895063000000,250.0,Castelões,Queijo Curado kg,1 un = 250 gr  (aprox.),2.62,10.49,0,,€/Kg,,,https://driveimg1.intermarche.com/pt/Content/images/boitmal/produit/zoom/75B6363D9B6BD363EA11623977BF1CB2.jpg,,,,,2025-08-06T23:59:59.999999999+01:00,PROSPECTUS,12,2,
1120,5601066301718,500.0,Nacional,"Massa de espirais, embalagem de 500g",,0.89,1.78,0,kg,€/Kg,,,https://driveimg1.intermarche.com/pt/Content/images/boitmal/produit/zoom/B50E4B0B2C4856A819A2FF672D887104.jpg,,,,,2025-08-06T23:59:59.999999999+01:00,PROSPECTUS,12,2,
11496,5601049213991,200.0,Mimosa,"Nata uht, embalagem de 200 ml",,0.91,4.55,200,L,€/L,,,https://driveimg1.intermarche.com/pt/Content/images/boitmal/produit/zoom/8FC5ABCE23EB48F851FFE29C53BFA5D9.jpg,,,,,2025-08-06T23:59:59.999999999+01:00,PROSPECTUS,12,2,
1189,5601119007987,250.0,Nobre,"Salsichas de porco, lata de 250g",,1.67,6.68,0,kg,€/Kg,,,https://driveimg1.intermarche.com/pt/Content/images/boitmal/produit/zoom/0B023C2ECBDBE7AB09A89A8810925D65.jpg,,,,,2025-08-06T23:59:59.999999999+01:00,PROSPECTUS,12,2,
11942,5603533492202,1000.0,Frize,"Água com gás groselha, pack 4 x 0.25 l",,2.09,2.09,1000,L,€/L,,,https://driveimg1.intermarche.com/pt/Content/images/boitmal/produit/zoom/9F272D120CD1620A52E8FDFD1398797A.jpg,,,,,2025-08-06T23:59:59.999999999+01:00,PROSPECTUS,12,2,
1213,5601119950498,420.0,Nobre,"Receita caseira de jardineira, 420g",,3.19,7.6,0,kg,€/Kg,,,https://driveimg1.intermarche.com/pt/Content/images/boitmal/produit/zoom/DDEBF3C4FBE1E8F1CC6A231B5449F13D.jpg,,,,,2025-08-06T23:59:59.999999999+01:00,PROSPECTUS,12,2,
1218,5601126039148,1000.0,Sical,"Café 5 estrelas grão, embalagem de 1 kg",,15.39,15.39,0,kg,€/Kg,,,https://driveimg1.intermarche.com/pt/Content/images/boitmal/produit/zoom/F30913D07FB49FD462FB35C8623DC586.jpg,https://driveimg1.intermarche.com/pt/Content/images/boitmal/produit/zoom/352FFCFAE868D5178905BD9725C43B6E.jpg,,,,2025-08-06T23:59:59.999999999+01:00,PROSPECTUS,12,2,
12707,3387390326574,375.0,Nestlé,"Cereais cookie crisp, embalagem de 380g",,3.19,8.51,0,kg,€/Kg,,,https://driveimg1.intermarche.com/pt/Content/images/boitmal/produit/zoom/C3C9F6F83B5C3B2A5598C75459ACC4A8.jpg,,,,,2025-08-06T23:59:59.999999999+01:00,PROSPECTUS,12,2,
12730,3415581113938,460.0,Häagen-Dazs,"Gelado belgian chocolate, embalagem de 460 ml",,5.79,12.59,460,L,€/L,,Tipo de stockagem,https://driveimg1.intermarche.com/pt/Content/images/boitmal/produit/zoom/CB20015B48979081B87C643EC17BED75.jpg,,,,,2025-08-06T23:59:59.999999999+01:00,PROSPECTUS,12,2,
1337,5601165100786,50.0,Calvé,"Piri piri, 50 ml",,1.78,35.6,50,L,€/L,,,https://driveimg1.intermarche.com/pt/Content/images/boitmal/produit/zoom/4F951154E7DFDEA3712D693426B6D96C.jpg,,,,,2025-08-06T23:59:59.999999999+01:00,PROSPECTUS,12,2,
13523,2893515000000,250.0,Peixaria,Lula Congelada,1 un= 250 gr (aprox.),1.25,4.99,0,,€/Kg,,Avantages !,https://driveimg1.intermarche.com/pt/Content/images/boitmal/produit/zoom/B2B7BBDC4CDC3C912C9CD2FEC6D3B682.jpg,,,,,2025-08-06T23:59:59.999999999+01:00,PROSPECTUS,12,2,
13537,2893529000000,250.0,Peixaria,Sardinha Congelada,1 un = 250 gr  (aprox.),0.75,2.99,0,,€/Kg,,Avantages !,https://driveimg1.intermarche.com/pt/Content/images/boitmal/produit/zoom/20CBBBB0702ADDE0888E404D1EC78925.jpg,,,,,2025-08-06T23:59:59.999999999+01:00,PROSPECTUS,12,2,
13561,2893555000000,400.0,Peixaria,Red Fish Congelado,,1.8,4.49,0,,€/Kg,,Avantages !,https://driveimg1.intermarche.com/pt/Content/images/boitmal/produit/zoom/6B51C5A0022242B4A2691EFB27EE24DC.jpg,,,,,2025-08-06T23:59:59.999999999+01:00,PROSPECTUS,12,2,
13566,2893560000000,250.0,Congelado de Aquicultura,Camarão Congelado 20/30,1 un = 250 gr  (aprox.),2.25,8.99,0,,€/Kg,,Avantages !,https://driveimg1.intermarche.com/pt/Content/images/boitmal/produit/zoom/863DB9F10BE616A55736AB7A17BC6BB5.jpg,,,,,2025-08-06T23:59:59.999999999+01:00,PROSPECTUS,12,2,
13582,2893577000000,400.0,Peixaria,Solha Congelada,,2.28,5.69,0,,€/Kg,,Avantages !,https://driveimg1.intermarche.com/pt/Content/images/boitmal/produit/zoom/09CD29C77ECA15BC59D0A288B72C20B4.jpg,,,,,2025-08-06T23:59:59.999999999+01:00,PROSPECTUS,12,2,
13585,2893580000000,250.0,Marisco,Gambão Congelado 20/30,Vendido a partir de 250 (aprox.),2.5,9.99,0,,€/Kg,,Avantages !,https://driveimg1.intermarche.com/pt/Content/images/boitmal/produit/zoom/8045A02528560B0A77B8815B2FADD1B4.jpg,,,,,2025-08-06T23:59:59.999999999+01:00,PROSPECTUS,12,2,
13950,2891145000000,100.0,Porco,Salsicha Fresca,1 un = 100 gr (aprox.),0.54,5.39,0,,€/Kg,,,https://driveimg1.intermarche.com/pt/Content/images/boitmal/produit/zoom/2E1CED7EDF010F56C2BF0E6CDF74D52B.jpg,,,,,2025-08-06T23:59:59.999999999+01:00,PROSPECTUS,12,2,
14075,2891270000000,800.0,Bovino,Picanha,Vendido ao peso a partir de 800 g,11.59,14.49,0,,€/Kg,,,https://driveimg1.intermarche.com/pt/Content/images/boitmal/produit/zoom/E46BAE24DB78F38B82D6A78A68640322.jpg,,,,,2025-08-06T23:59:59.999999999+01:00,PROSPECTUS,12,2,
14458,7613034678607,90.0,Nestlé,"Fruta para bebé banana maçã +4 meses, embalagem de 90g",,0.65,7.22,0,kg,€/Kg,,,https://driveimg1.intermarche.com/pt/Content/images/boitmal/produit/zoom/0F3547F16577E97D821E3E9FDD9F17B9.jpg,,,,,2025-08-06T23:59:59.999999999+01:00,PROSPECTUS,12,2,
14568,8414516001161,250.0,Florette,"Salada toscana, embalagem de 250 g",,1.49,5.96,0,kg,€/Kg,,,https://driveimg1.intermarche.com/pt/Content/images/boitmal/produit/zoom/7A8AB6F020FBCE4F95A94F76648CD544.jpg,,,,,2025-08-06T23:59:59.999999999+01:00,PROSPECTUS,12,2,
14641,5603722513879,1500.0,Pleno,"Tisana de chá verde/limão light, de 1,5 l",,1.59,1.06,1500,L,€/L,,,https://driveimg1.intermarche.com/pt/Content/images/boitmal/produit/zoom/F6BF791EA11EAC23396FF6DFA2CA04B8.jpg,,,,,2025-08-06T23:59:59.999999999+01:00,PROSPECTUS,12,2,
14698,7613034570512,90.0,Nestlé,"Fruta para bebé 4 frutas +4 meses, embalagem de 90g",,0.65,7.22,0,kg,€/Kg,,,https://driveimg1.intermarche.com/pt/Content/images/boitmal/produit/zoom/3717C2AF583A80AD83A765BB8032F767.jpg,,,,,2025-08-06T23:59:59.999999999+01:00,PROSPECTUS,12,2,
14971,3083681022803,400.0,Bonduelle,"Brocolos natur pré-preparados, congelados",Embalagem de 400g,1.69,4.23,0,kg,€/Kg,,Tipo de stockagem,https://driveimg1.intermarche.com/pt/Content/images/boitmal/produit/zoom/BAD37548AE8D4A0D4C5D58D6BD0B7B47.jpg,,,,,2025-08-06T23:59:59.999999999+01:00,PROSPECTUS,12,2,
1693,5603344681017,40.0,General,Filete de anchovas estendidas,Embalagem de 40g,1.99,49.75,0,kg,€/Kg,,,https://driveimg1.intermarche.com/pt/Content/images/boitmal/produit/zoom/06C9DE88EC4B1F1E75839FBBD4E50942.jpg,,,,,2025-08-06T23:59:59.999999999+01:00,PROSPECTUS,12,2,
17477,8712100740435,72.0,Knorr,"Tempero alho & coentros 8 cubos, embalagem de 70g",,1.59,22.08,0,kg,€/Kg,,,https://driveimg1.intermarche.com/pt/Content/images/boitmal/produit/zoom/57773A0BEA6BB1E7F24BDC74561D1B47.jpg,,,,,2025-08-06T23:59:59.999999999+01:00,PROSPECTUS,12,2,
17827,5603344531022,110.0,General,Atum posta em óleo,Embalagem de 110g,1.89,17.18,0,kg,€/Kg,,,https://driveimg1.intermarche.com/pt/Content/images/boitmal/produit/zoom/6CF8780AD6CFF5E4D2703538338330A5.jpg,,,,,2025-08-06T23:59:59.999999999+01:00,PROSPECTUS,12,2,
1919,5604260049318,1000.0,PorSi,Farinha De Trigo Fina - Com Fermento 1 Kg,,0.75,0.75,0,kg,€/Kg,,,https://driveimg1.intermarche.com/pt/Content/images/boitmal/produit/zoom/B081D6C7E8819267DC975A9B41881B49.jpg,,,,,2025-08-06T23:59:59.999999999+01:00,PROSPECTUS,12,2,
20201,5603722516221,1500.0,Pleno,"Tisana chá camomila e romã, de 1,5 l",,1.59,1.06,1500,L,€/L,,,https://driveimg1.intermarche.com/pt/Content/images/boitmal/produit/zoom/7D295EE342D567A594A666D24B68A8E1.jpg,,,,,2025-08-06T23:59:59.999999999+01:00,PROSPECTUS,12,2,
21766,7613035487840,90.0,Nestlé,Fruta para bebé banana laranja bolacha +6 meses,Embalagem de 90g,0.65,7.22,0,kg,€/Kg,,,https://driveimg1.intermarche.com/pt/Content/images/boitmal/produit/zoom/A8104E7B3738DD14CEF192706B16EFC4.jpg,,,,,2025-08-06T23:59:59.999999999+01:00,PROSPECTUS,12,2,
22954,3045200715009,150.0,Sanytol,"Desodorizante e desinfetante para calçado, 150 ml",,3.39,22.6,150,L,€/L,,,https://driveimg1.intermarche.com/pt/Content/images/boitmal/produit/zoom/D3DCE6928DD622E4A01975DBC929BC27.jpg,,,,,2025-08-06T23:59:59.999999999+01:00,PROSPECTUS,12,2,
23605,5601024335182,1000.0,Fula,Óleo especial fritura,Garrafa de 1 l,1.89,1.89,1000,L,€/L,,,https://driveimg1.intermarche.com/pt/Content/images/boitmal/produit/zoom/69E445CB49A81927EAD36F899A4FF4A1.jpg,,,,,2025-08-06T23:59:59.999999999+01:00,PROSPECTUS,12,2,
24414,8410436297691,1300.0,Sonasol,"Lava tudo camomila e flor de laranjeira, 1,3l",,2.09,1.61,1300,L,€/L,,,https://driveimg1.intermarche.com/pt/Content/images/boitmal/produit/zoom/C67C521AD0B096D9F596A17B56363CA4.jpg,,,,,2025-08-06T23:59:59.999999999+01:00,PROSPECTUS,12,2,
24843,5604655005158,400.0,Peixaria,Paloco desfiado do pacifico,Embalagem de 400 g,2.99,7.48,0,kg,€/Kg,,,https://driveimg1.intermarche.com/pt/Content/images/boitmal/produit/zoom/A6D43F84A49577D695E61B0D7FE082C0.jpg,,,,,2025-08-06T23:59:59.999999999+01:00,PROSPECTUS,12,2,
25214,7613035930551,90.0,Nestlé,"Fruta para bebé maçã banana morango +8 meses, embalagem de 90g",,0.65,7.22,0,kg,€/Kg,,,https://driveimg1.intermarche.com/pt/Content/images/boitmal/produit/zoom/A2E1B043C34553B91FFED35123D220EC.jpg,,,,,2025-08-06T23:59:59.999999999+01:00,PROSPECTUS,12,2,
25215,7613035930582,90.0,Nestlé,"Fruta para bebé maçã manga +6 meses, embalagem de 90g",,0.65,7.22,0,kg,€/Kg,,,https://driveimg1.intermarche.com/pt/Content/images/boitmal/produit/zoom/1A0BFDB38CDBA8991FD9074B384368B9.jpg,,,,,2025-08-06T23:59:59.999999999+01:00,PROSPECTUS,12,3,
25513,8410063074924,320.0,Pescanova,"4 filetes de pescada tipo caseiro sem gluten, embalagem com 320 g",,4.49,14.03,0,kg,€/Kg,,Tipo de stockagem,https://driveimg1.intermarche.com/pt/Content/images/boitmal/produit/zoom/223B86A64722EA649978D9F45EF21399.jpg,,,,,2025-08-06T23:59:59.999999999+01:00,PROSPECTUS,12,3,
25706,8411660670229,750.0,Sanytol,Desinfetante p/ WC,Embalagem de 750 ml,2.49,3.32,750,L,€/L,,,https://driveimg1.intermarche.com/pt/Content/images/boitmal/produit/zoom/D105B4A8ECD800E2D1E3546D9AD3B145.jpg,,,,,2025-08-06T23:59:59.999999999+01:00,PROSPECTUS,12,3,
2589,7622300281182,154.0,Oreo,"Bolachas, tubo, embalagem de 150g",,1.49,9.68,0,kg,€/Kg,,,https://driveimg1.intermarche.com/pt/Content/images/boitmal/produit/zoom/A967EF8D7DC66A4DE384AFCA6E356DB8.jpg,,,,,2025-08-06T23:59:59.999999999+01:00,PROSPECTUS,12,3,
2672,8410000002904,130.0,Chips Ahoy!,Bolachas chips ahoy,Embalagem de 130g,1.69,13.0,0,kg,€/Kg,,,https://driveimg1.intermarche.com/pt/Content/images/boitmal/produit/zoom/BD589AC15D17690FDC8560DC4300A108.jpg,,,,,2025-08-06T23:59:59.999999999+01:00,PROSPECTUS,12,3,
2748,8410063044521,200.0,Pescanova,"Miolo de camarão cozido 40/60, 200 g",,6.39,31.95,0,kg,€/Kg,,Tipo de stockagem,https://driveimg1.intermarche.com/pt/Content/images/boitmal/produit/zoom/D50FF0C33F27025B364B2A0F02EC1F36.jpg,,,,,2025-08-06T23:59:59.999999999+01:00,PROSPECTUS,12,3,
27695,5604260278060,300.0,PorSi,Aerossol Limpa Moveis 300 Ml,,1.59,5.3,300,L,€/L,,,https://driveimg1.intermarche.com/pt/Content/images/boitmal/produit/zoom/8B013C3FCB2F8EBF6EDA9930E9F88D33.jpg,,,,,2025-08-06T23:59:59.999999999+01:00,PROSPECTUS,12,3,
2786,8410199150905,100.0,Cheetos,"Aperitivos rolitos, embalagem de 100g",,1.49,14.9,0,kg,€/Kg,,,https://driveimg1.intermarche.com/pt/Content/images/boitmal/produit/zoom/F470A36FD76D61EC69758C933CF291DA.jpg,,,,,2025-08-06T23:59:59.999999999+01:00,PROSPECTUS,12,3,
29612,5604260283545,1000.0,Porsi Vivabem,Bebida De Arroz 0% Açúcares Adicionados 1L,,1.19,1.19,1000,L,€/L,,,https://driveimg1.intermarche.com/pt/Content/images/boitmal/produit/zoom/1CC67FBC1159B7AB53C4B66B360A0BCF.jpg,,,,,2025-08-06T23:59:59.999999999+01:00,PROSPECTUS,12,3,
29738,8410436324533,1300.0,Sonasol,"Lava Tudo Flores Montanha, 1.3 l",,2.09,1.61,1300,L,€/L,,,https://driveimg1.intermarche.com/pt/Content/images/boitmal/produit/zoom/13FBFB2C777E7C44B0340328520A2D41.jpg,,,,,2025-08-06T23:59:59.999999999+01:00,PROSPECTUS,12,3,
29834,8712100516467,480.0,Olá,"Gelado cornetto mini clássico, embalagem de 8 x 60 ml",,3.89,8.1,480,L,€/L,,Tipo de stockagem,https://driveimg1.intermarche.com/pt/Content/images/boitmal/produit/zoom/966639A10CEAB2E0B5CACE51C203C362.jpg,,,,,2025-08-06T23:59:59.999999999+01:00,PROSPECTUS,12,3,
30181,5607238032107,345.0,Casa de Mateus,"Geleia de morango, embalagem de 345g",,2.99,8.67,0,kg,€/Kg,,,https://driveimg1.intermarche.com/pt/Content/images/boitmal/produit/zoom/B386B3AED2791B1ABC3F8E529297B645.jpg,,,,,2025-08-06T23:59:59.999999999+01:00,PROSPECTUS,12,3,
31326,5601286260437,500.0,Milaneza,"Macarrão integral com aveia, 500g",,1.35,2.7,0,kg,€/Kg,,,https://driveimg1.intermarche.com/pt/Content/images/boitmal/produit/zoom/212FB83AC9C0B84676450D6A6F562CFF.jpg,,,,,2025-08-06T23:59:59.999999999+01:00,PROSPECTUS,12,3,
31327,5601286260444,500.0,Milaneza,"Esparguete integral com aveia, embalagem de 500g",,1.35,2.7,0,kg,€/Kg,,,https://driveimg1.intermarche.com/pt/Content/images/boitmal/produit/zoom/C7C1B707BDFB668F7CFB6D27DE2D8BF6.jpg,,,,,2025-08-06T23:59:59.999999999+01:00,PROSPECTUS,12,3,
31496,8410076420763,195.0,Old El Paso,"Molho guacamole, 200g",,2.19,11.23,0,kg,€/Kg,,,https://driveimg1.intermarche.com/pt/Content/images/boitmal/produit/zoom/4A5B8E9C78101821574B57EBF433CC0B.jpg,,,,,2025-08-06T23:59:59.999999999+01:00,PROSPECTUS,12,3,
31906,4005900388537,150.0,Nivea,"Desodorizante pure & natural spray, 150 ml",,2.99,19.93,150,L,€/L,,,https://driveimg1.intermarche.com/pt/Content/images/boitmal/produit/zoom/A77E0FF1059640DB697D85A289690707.jpg,,,,,2025-08-06T23:59:59.999999999+01:00,PROSPECTUS,12,3,
32043,5603722517457,1000.0,Mimosa,"Mimosa bem especial leite e aveia, embalagem de 1litro",,1.18,1.18,1000,L,€/L,,,https://driveimg1.intermarche.com/pt/Content/images/boitmal/produit/zoom/E5C4A490D600808B036AC802EEDAB637.jpg,,,,,2025-08-06T23:59:59.999999999+01:00,PROSPECTUS,12,3,
32075,7613036496230,340.0,Purina One,Comida húmida para gato indoor em molho com atum,Embalagem de 340g,2.59,7.62,0,kg,€/Kg,,,https://driveimg1.intermarche.com/pt/Content/images/boitmal/produit/zoom/3841879E8C072CCA15A9C44E736AF30F.jpg,,,,,2025-08-06T23:59:59.999999999+01:00,PROSPECTUS,12,3,
32076,7613036496353,340.0,Purina One,"Comida húmida para gato esterilizado em molho com salmão, 4 x 85g",,2.59,7.62,0,kg,€/Kg,,,https://driveimg1.intermarche.com/pt/Content/images/boitmal/produit/zoom/3F5C404D1E0ED04E5681C0681EDCBF4A.jpg,,,,,2025-08-06T23:59:59.999999999+01:00,PROSPECTUS,12,3,
32318,2891008000000,800.0,Novilho,Bife da Rabadilha,Vendido ao peso a partir de 800 g,11.11,13.89,0,,€/Kg,,,https://driveimg1.intermarche.com/pt/Content/images/boitmal/produit/zoom/7CA2802CDA45BD2E9E5EF6C3219166BA.jpg,,,,,2025-08-06T23:59:59.999999999+01:00,PROSPECTUS,12,3,
32342,5603722517334,200.0,Milhafre,Queijo açoriano fatias de textura cremosa,Embalagem de 200g,2.19,10.95,0,kg,€/Kg,,,https://driveimg1.intermarche.com/pt/Content/images/boitmal/produit/zoom/171D35F4FE014EB04FB3B5636B039DB0.jpg,,,,,2025-08-06T23:59:59.999999999+01:00,PROSPECTUS,12,3,
33152,5601217130259,,Vanish,"Toalhitas gold, 16 unidades",,5.99,5.99,16,,€/Unidade,,,https://driveimg1.intermarche.com/pt/Content/images/boitmal/produit/zoom/2C4F47781D82CE8A2AF6BD52732E744E.jpg,,,,,2025-08-06T23:59:59.999999999+01:00,PROSPECTUS,12,3,
33631,5601217130631,,Finish,"Ambientador para a máquina da loiça de lima e limão, 1 un.",,3.49,3.49,1,,€/Unidade,,,https://driveimg1.intermarche.com/pt/Content/images/boitmal/produit/zoom/59B0AD9BB7EBD8E68264D646B0B54FF9.jpg,,,,,2025-08-06T23:59:59.999999999+01:00,PROSPECTUS,12,3,
33884,2893837000000,1500.0,Peixaria,Peixe espada preto inteiro,Vendido ao peso,11.99,7.99,0,,€/Kg,,,https://driveimg1.intermarche.com/pt/Content/images/boitmal/produit/zoom/0C1CA3DE6B16A13335042AAFE1F612D6.jpg,,,,,2025-08-06T23:59:59.999999999+01:00,PROSPECTUS,12,3,
35462,8410500023652,300.0,Yopro,"Iogurte liquido proteína yopro morango/framboesa, 300g",,1.99,6.63,0,kg,€/Kg,,,https://driveimg1.intermarche.com/pt/Content/images/boitmal/produit/zoom/0355698CE2ECE716D8F24A21D83D0BA6.jpg,,,,,2025-08-06T23:59:59.999999999+01:00,PROSPECTUS,12,3,
35510,5000204093087,54.0,Raid,Inseticida elétrico,2 Aparelhos + 2 Recargas de 27 ml | 45 Noites + 45 Noites,10.59,196.11,54,L,€/L,,,https://driveimg1.intermarche.com/pt/Content/images/boitmal/produit/zoom/5A7673F19CD20743CD4CF1BC69D4F456.jpg,,,,,2025-08-06T23:59:59.999999999+01:00,PROSPECTUS,12,3,
35550,5053990125050,70.0,Pringles,"Snack batata com natas e cebola, embalagem de 70 g",,1.59,22.71,0,kg,€/Kg,,,https://driveimg1.intermarche.com/pt/Content/images/boitmal/produit/zoom/5B137E2B847C452AD571457308B76DC1.jpg,,,,,2025-08-06T23:59:59.999999999+01:00,PROSPECTUS,12,3,
35583,8410104900922,,Finish,Detergente máquina de lavar loiça quantum ultimate regular,35 pastilhas,8.99,8.99,0,,€/Unidade,,,https://driveimg1.intermarche.com/pt/Content/images/boitmal/produit/zoom/1F869E57BAE0887B38F9577B5D341FDF.jpg,,,,,2025-08-06T23:59:59.999999999+01:00,PROSPECTUS,12,3,
35849,5601050035353,440.0,Danone,"Iogurte oikos cheesecake de mirtilo, embalagem de 4 x 110g",,2.09,4.75,0,kg,€/Kg,,,https://driveimg1.intermarche.com/pt/Content/images/boitmal/produit/zoom/4A1EC89AAD14F77718D5CC67F571432A.jpg,,,,,2025-08-06T23:59:59.999999999+01:00,PROSPECTUS,12,3,
35983,5601027972735,700.0,Bimbo,Pão de forma torradas familiares,Embalagem de 700 g,1.98,2.83,0,kg,€/Kg,,,https://driveimg1.intermarche.com/pt/Content/images/boitmal/produit/zoom/6F4E1280EFC32C3DD99C945770A284F8.jpg,,,,,2025-08-06T23:59:59.999999999+01:00,PROSPECTUS,12,3,
36719,5604260297078,200.0,PorSi,Queijo Maasdam Fatiado 200G,,1.99,9.95,0,kg,€/Kg,,,https://driveimg1.intermarche.com/pt/Content/images/boitmal/produit/zoom/54536D3CF3629010991A32E161AAAD0F.jpg,,,,,2025-08-06T23:59:59.999999999+01:00,PROSPECTUS,12,3,
36806,8001090639011,300.0,Pantene,Champô 3 em 1 anti-caspa,Embalagem de 300 ml,4.74,15.8,300,L,€/L,,,https://driveimg1.intermarche.com/pt/Content/images/boitmal/produit/zoom/63F1C2B8DA28084708D48EB2853A6BE4.jpg,,,,,2025-08-06T23:59:59.999999999+01:00,PROSPECTUS,12,3,
372,8711200532391,260.0,Calvé,"Molho big burguer, embalagem de 260g",,1.94,7.46,0,kg,€/Kg,,,https://driveimg1.intermarche.com/pt/Content/images/boitmal/produit/zoom/274182EF6D0EFA8A84998CA913A7016C.jpg,https://driveimg1.intermarche.com/pt/Content/images/boitmal/produit/zoom/122719564EBC4BB4D52F039A6C0EDAF1.jpg,,,,2025-08-06T23:59:59.999999999+01:00,PROSPECTUS,12,3,
37602,5603722518782,,Castelões,"Queijo curado pequeno, embalagem de 500g",,6.29,6.29,1,,€/Unidade,,,https://driveimg1.intermarche.com/pt/Content/images/boitmal/produit/zoom/5DFFAAD500F2992E98C505840753B8C7.jpg,,,,,2025-08-06T23:59:59.999999999+01:00,PROSPECTUS,12,3,
37923,5604260300990,1000.0,Porsi Vivabem,Bebida De Amêndoa 1L,,1.05,1.05,1000,L,€/L,,,https://driveimg1.intermarche.com/pt/Content/images/boitmal/produit/zoom/74B05726BD16B03D5A528D4778757940.jpg,,,,,2025-08-06T23:59:59.999999999+01:00,PROSPECTUS,12,3,
38312,8410104702663,,Finish,"Limpa máquinas de loiça limão, embalagem com 250 ml",,3.99,3.99,1,,€/Unidade,,,https://driveimg1.intermarche.com/pt/Content/images/boitmal/produit/zoom/543AF0EA0E513D87A0B6AA970DE2490B.jpg,,,,,2025-08-06T23:59:59.999999999+01:00,PROSPECTUS,12,3,
38970,5603722518805,,Castelões,"Queijo curado -30% gordura, 500 g",,6.29,6.29,1,,€/Unidade,,,https://driveimg1.intermarche.com/pt/Content/images/boitmal/produit/zoom/72A7031F9A56666D6A179BF7A6411A71.jpg,,,,,2025-08-06T23:59:59.999999999+01:00,PROSPECTUS,12,3,
40121,8410076481825,185.0,Old El Paso,"Queijo chips, 185g",,2.19,11.84,0,kg,€/Kg,,,https://driveimg1.intermarche.com/pt/Content/images/boitmal/produit/zoom/B48B295FE352E2196B154716F7AF2C3E.jpg,,,,,2025-08-06T23:59:59.999999999+01:00,PROSPECTUS,12,3,
40233,8718951078994,,Colgate,"Escova de dentes manual kids, 2 unidades",,2.59,2.59,2,,€/Unidade,,,https://driveimg1.intermarche.com/pt/Content/images/boitmal/produit/zoom/91E96A0D47F686A47CF5736FF55B7C33.jpg,,,,,2025-08-06T23:59:59.999999999+01:00,PROSPECTUS,12,3,
40347,8410076471604,350.0,Old El Paso,"6 tortilhas de trigo wrap, embalagem de 350g",,2.69,7.69,0,kg,€/Kg,,,https://driveimg1.intermarche.com/pt/Content/images/boitmal/produit/zoom/1EB2056E778DEB67B0CA58563B07CF9B.jpg,,,,,2025-08-06T23:59:59.999999999+01:00,PROSPECTUS,12,3,
40670,5000116125449,1440.0,Capitão Iglo,"18 hamburguers sem glúten vaca, pack familiar com 1.4 kg",,16.99,11.8,0,kg,€/Kg,,Tipo de stockagem,https://driveimg1.intermarche.com/pt/Content/images/boitmal/produit/zoom/080130715FD0824001550733A3631559.jpg,,,,,2025-08-06T23:59:59.999999999+01:00,PROSPECTUS,12,3,
41289,8718951312319,75.0,Colgate,"Pasta de dentes sensation white, 75 ml",,1.99,26.53,75,L,€/L,,,https://driveimg1.intermarche.com/pt/Content/images/boitmal/produit/zoom/22BEC3D6BF2DBA57D9A3EEAAC1E33FD8.jpg,,,,,2025-08-06T23:59:59.999999999+01:00,PROSPECTUS,12,3,
41300,5601050036596,440.0,Danone,"Iogurte oikos manga papaya, embalagem de 4 x 110g",,2.09,4.75,0,kg,€/Kg,,,https://driveimg1.intermarche.com/pt/Content/images/boitmal/produit/zoom/407B76EA9B8AB5CE288E3F687A8DBF84.jpg,,,,,2025-08-06T23:59:59.999999999+01:00,PROSPECTUS,12,3,
41384,5601050036602,440.0,Danone,"Iogurte grego oikos stracciatella, embalagem de 4 x 110g",,2.09,4.75,0,kg,€/Kg,,,https://driveimg1.intermarche.com/pt/Content/images/boitmal/produit/zoom/4F7A349ED222FA644F51711D6A4D74B4.jpg,,,,,2025-08-06T23:59:59.999999999+01:00,PROSPECTUS,12,3,
41581,5601050036619,440.0,Danone,"Iogurte grego maçã e canela, 4 x 110g",,2.09,4.75,0,kg,€/Kg,,,https://driveimg1.intermarche.com/pt/Content/images/boitmal/produit/zoom/069FA6355B7D02BF816E598F365E6B99.jpg,,,,,2025-08-06T23:59:59.999999999+01:00,PROSPECTUS,12,3,
42122,5604260304332,2000.0,PorSi Select,Alimento  Seco Gato Pro Adulto 2 Kg,,5.99,3.0,0,kg,€/Kg,,,https://driveimg1.intermarche.com/pt/Content/images/boitmal/produit/zoom/9C42A2744D89F3E2795F5F8D5BEC84F2.jpg,,,,,2025-08-06T23:59:59.999999999+01:00,PROSPECTUS,12,3,
42644,5604260303571,1500.0,PorSi,Areia Para Gato Silica Gel 1.5K,,3.49,2.33,0,kg,€/Kg,,,https://driveimg1.intermarche.com/pt/Content/images/boitmal/produit/zoom/ADE2416B5C97F8F9901691182F640EC1.jpg,,,,,2025-08-06T23:59:59.999999999+01:00,PROSPECTUS,12,3,
42777,5604260307159,250.0,PorSi,Farinheira Do Fundao 250G,,1.79,7.16,0,kg,€/Kg,,,https://driveimg1.intermarche.com/pt/Content/images/boitmal/produit/zoom/AE100699EBB2063DCA1EEE97793A4DD8.jpg,,,,,2025-08-06T23:59:59.999999999+01:00,PROSPECTUS,12,3,
43374,5604260307166,250.0,PorSi,Morcela Assar Fundao 250G,,1.79,7.16,0,kg,€/Kg,,,https://driveimg1.intermarche.com/pt/Content/images/boitmal/produit/zoom/A6811FFD06B5A9C3E2DC28983E04EF86.jpg,https://driveimg1.intermarche.com/pt/Content/images/boitmal/produit/zoom/18CE59FFC257102F97438AA54E07B2CC.jpg,https://driveimg1.intermarche.com/pt/Content/images/boitmal/produit/zoom/18CE59FFC257102F97438AA54E07B2CC.jpg,https://driveimg1.intermarche.com/pt/Content/images/boitmal/produit/zoom/18CE59FFC257102F97438AA54E07B2CC.jpg,https://driveimg1.intermarche.com/pt/Content/images/boitmal/produit/zoom/18CE59FFC257102F97438AA54E07B2CC.jpg,2025-08-06T23:59:59.999999999+01:00,PROSPECTUS,12,3,
43540,5604260312573,2520.0,PorSi,Detergente Em Pó Active  Action 2520 G,,5.59,2.22,0,kg,€/Kg,,,https://driveimg1.intermarche.com/pt/Content/images/boitmal/produit/zoom/F9A12FCC303D0D1D32033297746495E3.jpg,,,,,2025-08-06T23:59:59.999999999+01:00,PROSPECTUS,12,3,
43626,5604260302765,500.0,PorSi,Creme Vegetal Líquido 500Ml,,1.69,3.38,500,L,€/L,,,https://driveimg1.intermarche.com/pt/Content/images/boitmal/produit/zoom/035BBBF1C7A90921F0F76A66CFD2D6A5.jpg,,,,,2025-08-06T23:59:59.999999999+01:00,PROSPECTUS,12,3,
44174,5029053527581,,Huggies,"Fralda cueca Drynites para Menina 4 a 7 Anos, 10 unidades",,5.99,5.99,0,,€/Unidade,,,https://driveimg1.intermarche.com/pt/Content/images/boitmal/produit/zoom/A2EE978C52486B5848C2588ACD07F7F2.jpg,,,,,2025-08-06T23:59:59.999999999+01:00,PROSPECTUS,12,3,
44234,8710522854815,257.0,Calvé,"Mostarda top down, embalagem de 257g",,1.68,6.54,0,kg,€/Kg,,,https://driveimg1.intermarche.com/pt/Content/images/boitmal/produit/zoom/63AC7BC5BB2C7D5CE58B458BE855CC4A.jpg,,,,,2025-08-06T23:59:59.999999999+01:00,PROSPECTUS,12,3,
44688,8710522940914,72.0,Knorr,"Caldo sem sal galinha, embalagem de 72g",,1.59,22.08,0,kg,€/Kg,,,https://driveimg1.intermarche.com/pt/Content/images/boitmal/produit/zoom/B4C23637D25FEB791F3247C201B4FD80.jpg,,,,,2025-08-06T23:59:59.999999999+01:00,PROSPECTUS,12,3,
44741,7613287093233,330.0,Nestlé,"Achocolatado intenso 40% cacau, embalagem de 330g",,5.99,18.15,0,kg,€/Kg,,,https://driveimg1.intermarche.com/pt/Content/images/boitmal/produit/zoom/6ABD0AF4397116A85051453F7C6CB96D.jpg,,,,,2025-08-06T23:59:59.999999999+01:00,PROSPECTUS,12,3,
45032,5054563098795,75.0,Sensodyne,Pasta dentífrica repair&protect,Embalagem de 75 ml,4.19,55.87,75,L,€/L,,,https://driveimg1.intermarche.com/pt/Content/images/boitmal/produit/zoom/76D41495665EAB67980545B32E3813D6.jpg,,,,,2025-08-06T23:59:59.999999999+01:00,PROSPECTUS,12,3,
45208,5604260312054,500.0,PorSi,Couscous 5 X 100G,,1.39,2.78,0,kg,€/Kg,,,https://driveimg1.intermarche.com/pt/Content/images/boitmal/produit/zoom/EFAE0B5C3A6800C28E30F3B736F4E7AF.jpg,,,,,2025-08-06T23:59:59.999999999+01:00,PROSPECTUS,12,3,
46340,8720181029370,150.0,Axe,"Desodorizante spray dark temptation, embalagem de 150 ml",,5.99,39.93,150,L,€/L,,,https://driveimg1.intermarche.com/pt/Content/images/boitmal/produit/zoom/6089641281D0C2E4D5F46619C43CCB3F.jpg,,,,,2025-08-06T23:59:59.999999999+01:00,PROSPECTUS,12,3,
46517,5000204208917,750.0,Pato,"Líquido sanitário ação total pinho, 750 ml",,1.94,2.59,750,L,€/L,,,https://driveimg1.intermarche.com/pt/Content/images/boitmal/produit/zoom/08C17A1F547C898E2E6E9CBB3441BB2A.jpg,,,,,2025-08-06T23:59:59.999999999+01:00,PROSPECTUS,12,3,
47106,7613287613806,,Nescafé,"Café espresso buondi intenso, 16 cápsulas",,9.49,9.49,30,,€/Unidade,,,https://driveimg1.intermarche.com/pt/Content/images/boitmal/produit/zoom/E40A3E7241DABB11EAC194DA9AD5C029.jpg,,,,,2025-08-06T23:59:59.999999999+01:00,PROSPECTUS,12,3,
47782,5604260319985,1000.0,Porsi Vivabem,Bebida De Avelã 1L,,1.29,1.29,1000,L,€/L,,,https://driveimg1.intermarche.com/pt/Content/images/boitmal/produit/zoom/094EAEBDE5D57C017BB756A541CFD9A9.jpg,,,,,2025-08-06T23:59:59.999999999+01:00,PROSPECTUS,12,3,
47806,5604260316717,250.0,Porsi Select - Programa Origens,Plumas De Porco Preto Do Alentejo 250 G,,4.75,19.0,0,kg,€/Kg,,,https://driveimg1.intermarche.com/pt/Content/images/boitmal/produit/zoom/B5DC1D80E58550495CED2985DA500FDE.jpg,,,,,2025-08-06T23:59:59.999999999+01:00,PROSPECTUS,12,3,
48744,7622201500047,157.0,Oreo,Bolachas Remix Framboesa,Embalagem de 157g,1.49,9.49,0,kg,€/Kg,,,https://driveimg1.intermarche.com/pt/Content/images/boitmal/produit/zoom/4D6A404E4927B697641C957FC456754C.jpg,,,,,2025-08-06T23:59:59.999999999+01:00,PROSPECTUS,12,3,
48917,5604260320899,,PorSi,Tampões Normal - 32 Unidades,,1.89,1.89,0,,€/Unidade,,,https://driveimg1.intermarche.com/pt/Content/images/boitmal/produit/zoom/073FAF6EE933FF8A38F4F6107502687C.jpg,https://driveimg1.intermarche.com/pt/Content/images/boitmal/produit/zoom/6EB6FF2069552CC1137752CCDAD06D3A.jpg,https://driveimg1.intermarche.com/pt/Content/images/boitmal/produit/zoom/6EB6FF2069552CC1137752CCDAD06D3A.jpg,https://driveimg1.intermarche.com/pt/Content/images/boitmal/produit/zoom/6EB6FF2069552CC1137752CCDAD06D3A.jpg,https://driveimg1.intermarche.com/pt/Content/images/boitmal/produit/zoom/6EB6FF2069552CC1137752CCDAD06D3A.jpg,2025-08-06T23:59:59.999999999+01:00,PROSPECTUS,12,3,https://driveimg1.intermarche.com/pt/Content/images/boitmal/produit/zoom/6EB6FF2069552CC1137752CCDAD06D3A.jpg
48918,5604260320905,,PorSi,Tampões Super - 32 Unidades,,1.89,1.89,0,,€/Unidade,,,https://driveimg1.intermarche.com/pt/Content/images/boitmal/produit/zoom/90B8F6662219C89C88E7788A6B9D64AC.jpg,https://driveimg1.intermarche.com/pt/Content/images/boitmal/produit/zoom/1CD06FF772DA863064B46F160C279828.jpg,https://driveimg1.intermarche.com/pt/Content/images/boitmal/produit/zoom/1CD06FF772DA863064B46F160C279828.jpg,https://driveimg1.intermarche.com/pt/Content/images/boitmal/produit/zoom/1CD06FF772DA863064B46F160C279828.jpg,https://driveimg1.intermarche.com/pt/Content/images/boitmal/produit/zoom/1CD06FF772DA863064B46F160C279828.jpg,2025-08-06T23:59:59.999999999+01:00,PROSPECTUS,12,3,
49083,5604260320929,,PorSi,Tampões Super Com Aplicador Compacto - 16 Unidades,,1.89,1.89,0,,€/Unidade,,,https://driveimg1.intermarche.com/pt/Content/images/boitmal/produit/zoom/7867E54AE047523809A413160FD139BA.jpg,,,,,2025-08-06T23:59:59.999999999+01:00,PROSPECTUS,12,3,
49335,8711327326750,270.0,Olá,Solero mpk red berries 3x90ml,,1.99,7.37,270,L,€/L,,Tipo de stockagem,https://driveimg1.intermarche.com/pt/Content/images/boitmal/produit/zoom/AE67DE344F885AB0380E7773FB61B722.jpg,,,,,2025-08-06T23:59:59.999999999+01:00,PROSPECTUS,12,3,
49588,4005900911568,270.0,Nivea Sun,Spray Solar para Crianças FP50+,Embalagem de 270 ml,14.59,54.04,270,L,€/L,,,https://driveimg1.intermarche.com/pt/Content/images/boitmal/produit/zoom/DB6852274B99EA013FD080D7A3847BA0.jpg,,,,,2025-08-06T23:59:59.999999999+01:00,PROSPECTUS,12,3,
49767,5601151969106,1000.0,Frize,"Água com gás ananás, pack 4 x 0.25 l",,2.09,2.09,1000,L,€/L,,,https://driveimg1.intermarche.com/pt/Content/images/boitmal/produit/zoom/894FBD4D289713EED7DB570E33675A74.jpg,,,,,2025-08-06T23:59:59.999999999+01:00,PROSPECTUS,12,3,
49831,8445290157348,390.0,Nesquik,"Achocolatado em pó, embalagem de 390g",,3.49,8.95,0,kg,€/Kg,,,https://driveimg1.intermarche.com/pt/Content/images/boitmal/produit/zoom/1C8D0ADDD419DD646B2CF36E18D3378F.jpg,,,,,2025-08-06T23:59:59.999999999+01:00,PROSPECTUS,12,3,
49896,4005900911599,270.0,Nivea Sun,Protetor Solar Spray Protect & Moisture SPF30,Embalagem de 270ml,12.49,46.26,270,L,€/L,,,https://driveimg1.intermarche.com/pt/Content/images/boitmal/produit/zoom/5189CE01980E1521DBDBB694945E2B20.jpg,,,,,2025-08-06T23:59:59.999999999+01:00,PROSPECTUS,12,3,
49984,8715035310308,250.0,Kikkoman,"Molho teriyaki bbq com mel, 250 ml",,3.55,14.2,250,L,€/L,,,https://driveimg1.intermarche.com/pt/Content/images/boitmal/produit/zoom/5EBB751DB5EA19A3A4EB1A78CA6AC767.jpg,,,,,2025-08-06T23:59:59.999999999+01:00,PROSPECTUS,12,3,
50443,5059319016603,320.0,KelloggS,"Granola aveia e chocolate negro, embalagem de 320g",,3.34,10.44,0,kg,€/Kg,,,https://driveimg1.intermarche.com/pt/Content/images/boitmal/produit/zoom/E80551B30CB693651F5B819B71E5C789.jpg,,,,,2025-08-06T23:59:59.999999999+01:00,PROSPECTUS,12,3,
50477,8410063087016,400.0,Pescanova,"Filetes de pescada com alho e salsa, 400g",,4.99,12.48,0,kg,€/Kg,,Tipo de stockagem,https://driveimg1.intermarche.com/pt/Content/images/boitmal/produit/zoom/1D8DBC2ECA1AA6FEC5E899EA860B48E6.jpg,,,,,2025-08-06T23:59:59.999999999+01:00,PROSPECTUS,12,3,
50489,8414100339007,200.0,Schweppes,Água tónica original 200 ml,,0.89,4.45,200,L,€/L,,,https://driveimg1.intermarche.com/pt/Content/images/boitmal/produit/zoom/CE9B4218E839EFD8ADFE8BC027EADCD9.jpg,,,,,2025-08-06T23:59:59.999999999+01:00,PROSPECTUS,12,3,
50490,8414100362319,200.0,Schweppes,"Ginger ale, 200 ml",,0.89,4.45,200,L,€/L,,,https://driveimg1.intermarche.com/pt/Content/images/boitmal/produit/zoom/99C5E9644DA12CAE23B004D8DC6D8071.jpg,,,,,2025-08-06T23:59:59.999999999+01:00,PROSPECTUS,12,3,
51182,5601217137272,720.0,Quanto,"Perfumador de roupa rosa, 36 doses",,3.49,4.85,720,L,€/L,,,https://driveimg1.intermarche.com/pt/Content/images/boitmal/produit/zoom/49C27F970394771F7D0DE5ACF0C1EA92.jpg,,,,,2025-08-06T23:59:59.999999999+01:00,PROSPECTUS,12,3,
51382,8434165608030,150.0,Cuétara,Cuetara marinheiros classicas  *9,Embalagem de 150g,1.59,10.6,0,kg,€/Kg,,,https://driveimg1.intermarche.com/pt/Content/images/boitmal/produit/zoom/3333EEF869CDC53A2CB138941A0845C5.jpg,,,,,2025-08-06T23:59:59.999999999+01:00,PROSPECTUS,12,3,
51383,8434165608023,150.0,Cuétara,Cuet marinheiros chia-quinoa-lin *9,Embalagem de 150g,1.59,10.6,0,kg,€/Kg,,,https://driveimg1.intermarche.com/pt/Content/images/boitmal/produit/zoom/12296D3DBC6CE8CBB7918AE72A6F0B1F.jpg,,,,,2025-08-06T23:59:59.999999999+01:00,PROSPECTUS,12,3,
51853,8720182470133,447.0,Calvé,"Maionese magra, embalagem de 447g",,2.19,4.9,0,kg,€/Kg,,,https://driveimg1.intermarche.com/pt/Content/images/boitmal/produit/zoom/669DCF67630FE8FCA748AC7DC2CB15C7.jpg,,,,,2025-08-06T23:59:59.999999999+01:00,PROSPECTUS,12,3,
51873,7613287159373,50.0,Felix,Felix naturallydelicious smn&spin8xit,Embalagem de 50g,1.49,29.8,0,kg,€/Kg,,,https://driveimg1.intermarche.com/pt/Content/images/boitmal/produit/zoom/1F650E789604BB4672D08543278D3D08.jpg,,,,,2025-08-06T23:59:59.999999999+01:00,PROSPECTUS,12,3,
51879,8445290061294,186.0,Kit Kat,"Snack Chocolate de Leite, 9x20,7 g",,2.99,16.08,0,kg,€/Kg,,,https://driveimg1.intermarche.com/pt/Content/images/boitmal/produit/zoom/69BD862917E065B1375B806F7E0D20DC.jpg,,,,,2025-08-06T23:59:59.999999999+01:00,PROSPECTUS,12,3,
52084,4005900911650,270.0,Nivea Sun,"Protetor solar spray protect & bronze fp30, 270 ml",,14.59,54.04,270,L,€/L,,,https://driveimg1.intermarche.com/pt/Content/images/boitmal/produit/zoom/3C2A74C462399DAC1B991323A1716841.jpg,,,,,2025-08-06T23:59:59.999999999+01:00,PROSPECTUS,12,3,
52304,8006540346891,250.0,Pantene,Laca Cabelo Volume Perfeito,Embalagem de 250ml,3.99,15.96,250,L,€/L,,,https://driveimg1.intermarche.com/pt/Content/images/boitmal/produit/zoom/B4BC585D383475BEE87A7AE2CA305595.jpg,,,,,2025-08-06T23:59:59.999999999+01:00,PROSPECTUS,12,3,
52539,8718951506824,75.0,Colgate,Pasta de Dentes Naturals Carvão Vegetal,Embalagem de 75ml,3.24,43.2,75,L,€/L,,,https://driveimg1.intermarche.com/pt/Content/images/boitmal/produit/zoom/A8293F81F33C2D77A05D51BE01FFA658.jpg,,,,,2025-08-06T23:59:59.999999999+01:00,PROSPECTUS,12,3,
5254,5601151978986,1000.0,Compal,"Néctar de manga magdalena, embalagem de 1l",,1.69,1.69,1000,L,€/L,,,https://driveimg1.intermarche.com/pt/Content/images/boitmal/produit/zoom/47E9AB29AFDC94599FA3537D795DF684.jpg,,,,,2025-08-06T23:59:59.999999999+01:00,PROSPECTUS,12,3,
52780,8711327621015,825.0,Carte DOr,"Gelado stracciatella, 825 ml",,3.59,4.35,825,L,€/L,,Tipo de stockagem,https://driveimg1.intermarche.com/pt/Content/images/boitmal/produit/zoom/9077E20C19CAF03342D46F370AD9A5BA.jpg,https://driveimg1.intermarche.com/pt/Content/images/boitmal/produit/zoom/96ACD079643DD28D2A3D30A5732CD591.jpg,https://driveimg1.intermarche.com/pt/Content/images/boitmal/produit/zoom/96ACD079643DD28D2A3D30A5732CD591.jpg,,,2025-08-06T23:59:59.999999999+01:00,PROSPECTUS,12,3,
52797,8711327616332,825.0,Carte DOr,"Gelado brownie chocolate, 825 ml",,3.59,4.35,825,L,€/L,,Tipo de stockagem,https://driveimg1.intermarche.com/pt/Content/images/boitmal/produit/zoom/86933FC9C9D9EA2E9FB58FB8E0DC69F7.jpg,https://driveimg1.intermarche.com/pt/Content/images/boitmal/produit/zoom/89D187521E159B499F9E24CFA10981D6.jpg,https://driveimg1.intermarche.com/pt/Content/images/boitmal/produit/zoom/89D187521E159B499F9E24CFA10981D6.jpg,,,2025-08-06T23:59:59.999999999+01:00,PROSPECTUS,12,3,
52804,5603722523014,200.0,Mimosa,"Creme vegetal leite coco, 200 ml",,1.29,6.45,200,L,€/L,,,https://driveimg1.intermarche.com/pt/Content/images/boitmal/produit/zoom/74AD251D5DB0C9A68E66FD5BC08E0938.jpg,,,,,2025-08-06T23:59:59.999999999+01:00,PROSPECTUS,12,3,
52806,8711327608153,400.0,Magnum,"Gelado chocolate branco com morango, 400 ml",,3.99,9.98,400,L,€/L,,Tipo de stockagem,https://driveimg1.intermarche.com/pt/Content/images/boitmal/produit/zoom/D8E3D5651D942B9134970E7747D188FF.jpg,,,,,2025-08-06T23:59:59.999999999+01:00,PROSPECTUS,12,3,
52854,8410500029524,320.0,Danone,"Kefir activia mirtilo, 320g",,1.89,5.91,0,kg,€/Kg,,,https://driveimg1.intermarche.com/pt/Content/images/boitmal/produit/zoom/1002CD7C24AF79B0D5F215C4EBADB452.jpg,,,,,2025-08-06T23:59:59.999999999+01:00,PROSPECTUS,12,3,
52881,8719200267190,450.0,Becel,"Creme vegetal para barrar original, 450g",,3.56,7.91,0,kg,€/Kg,,,https://driveimg1.intermarche.com/pt/Content/images/boitmal/produit/zoom/7D8CFDDFB89CBA606F61A06158439D60.jpg,https://driveimg1.intermarche.com/pt/Content/images/boitmal/produit/zoom/D67292663C5C1617E51BCDF904BF56A4.jpg,https://driveimg1.intermarche.com/pt/Content/images/boitmal/produit/zoom/D67292663C5C1617E51BCDF904BF56A4.jpg,,,2025-08-06T23:59:59.999999999+01:00,PROSPECTUS,12,3,
52964,8445290299031,340.0,Purina One,"Comida Húmida para Cão Mini Delicate, 4 x 85g",,2.24,6.59,0,kg,€/Kg,,,https://driveimg1.intermarche.com/pt/Content/images/boitmal/produit/zoom/32231F745A365BE95601B28982095381.jpg,,,,,2025-08-06T23:59:59.999999999+01:00,PROSPECTUS,12,3,
53016,3046920027281,100.0,Lindt,"Tablete chocolate preto com sal marinho e caramelo, 100g",,2.99,29.9,0,kg,€/Kg,,,https://driveimg1.intermarche.com/pt/Content/images/boitmal/produit/zoom/21980D5EAFABD088C9201193D84E96F4.jpg,,,,,2025-08-06T23:59:59.999999999+01:00,PROSPECTUS,12,3,
53113,8719200265271,225.0,Planta,"Creme vegetal para barrar sabor a manteiga, 225g",,1.79,7.96,0,kg,€/Kg,,,https://driveimg1.intermarche.com/pt/Content/images/boitmal/produit/zoom/6933A44AB3EA30061ADF0D13AACAFFF4.jpg,https://driveimg1.intermarche.com/pt/Content/images/boitmal/produit/zoom/EEC881B16EB917B52FDADCD01B6DC717.jpg,https://driveimg1.intermarche.com/pt/Content/images/boitmal/produit/zoom/EEC881B16EB917B52FDADCD01B6DC717.jpg,https://driveimg1.intermarche.com/pt/Content/images/boitmal/produit/zoom/EEC881B16EB917B52FDADCD01B6DC717.jpg,,2025-08-06T23:59:59.999999999+01:00,PROSPECTUS,12,3,
53166,8711327612754,140.0,Magnum,"Gelado bomboniera, 140 ml",,4.19,29.93,140,L,€/L,,Tipo de stockagem,https://driveimg1.intermarche.com/pt/Content/images/boitmal/produit/zoom/D7EEE9024551E6345F84FF315A388587.jpg,https://driveimg1.intermarche.com/pt/Content/images/boitmal/produit/zoom/2C67DE42D7FCE19DB87FA0B25D923563.jpg,https://driveimg1.intermarche.com/pt/Content/images/boitmal/produit/zoom/2C67DE42D7FCE19DB87FA0B25D923563.jpg,,,2025-08-06T23:59:59.999999999+01:00,PROSPECTUS,12,3,
53232,8445290759207,600.0,Nesquik,"Achocolatado em Pó, 600g",,5.24,8.73,0,kg,€/Kg,,,https://driveimg1.intermarche.com/pt/Content/images/boitmal/produit/zoom/8142D9ABDD247C983EB9286F596F2E87.jpg,https://driveimg1.intermarche.com/pt/Content/images/boitmal/produit/zoom/1E8F61743B1B3F44416834AAF4EBE584.jpg,https://driveimg1.intermarche.com/pt/Content/images/boitmal/produit/zoom/1E8F61743B1B3F44416834AAF4EBE584.jpg,https://driveimg1.intermarche.com/pt/Content/images/boitmal/produit/zoom/1E8F61743B1B3F44416834AAF4EBE584.jpg,,2025-08-06T23:59:59.999999999+01:00,PROSPECTUS,12,3,
53236,8711327581937,330.0,Magnum,"Mini gelados double framboesa, 6 x 55ml",,4.49,13.61,330,L,€/L,,Tipo de stockagem,https://driveimg1.intermarche.com/pt/Content/images/boitmal/produit/zoom/6932EECFEFF640B58D8FE0AAE944AFD2.jpg,https://driveimg1.intermarche.com/pt/Content/images/boitmal/produit/zoom/AE4B42C54F61649E5F63B556EA44C28A.jpg,https://driveimg1.intermarche.com/pt/Content/images/boitmal/produit/zoom/AE4B42C54F61649E5F63B556EA44C28A.jpg,https://driveimg1.intermarche.com/pt/Content/images/boitmal/produit/zoom/AE4B42C54F61649E5F63B556EA44C28A.jpg,,2025-08-06T23:59:59.999999999+01:00,PROSPECTUS,12,3,
53237,8445290299215,340.0,Purina One,"Comida Húmida para Cão Mini Controlo Peso, 4 x 85g",,2.24,6.59,0,kg,€/Kg,,,https://driveimg1.intermarche.com/pt/Content/images/boitmal/produit/zoom/40D134D7CE22BE39C26A49915801BF86.jpg,,,,,2025-08-06T23:59:59.999999999+01:00,PROSPECTUS,12,3,
53262,8711327597761,360.0,Cornetto,"Gelado filipinos, 4 x 90ml",,3.89,10.81,360,L,€/L,,Tipo de stockagem,https://driveimg1.intermarche.com/pt/Content/images/boitmal/produit/zoom/187A9562E86FFB8D917A1C414ECC4EB3.jpg,https://driveimg1.intermarche.com/pt/Content/images/boitmal/produit/zoom/B06A234868C6C8C0E9F6DD974D43ACB2.jpg,https://driveimg1.intermarche.com/pt/Content/images/boitmal/produit/zoom/B06A234868C6C8C0E9F6DD974D43ACB2.jpg,,,2025-08-06T23:59:59.999999999+01:00,PROSPECTUS,12,3,
53316,4006000034027,625.0,Nivea,"Creme corpo aloe e hidratação, 625ml",,6.99,11.18,625,L,€/L,,,https://driveimg1.intermarche.com/pt/Content/images/boitmal/produit/zoom/4DE6DC311849BADCA0FD3C7DEDECEE5D.jpg,https://driveimg1.intermarche.com/pt/Content/images/boitmal/produit/zoom/E91359983DB8847E67F210BFA75C479B.jpg,,,,2025-08-06T23:59:59.999999999+01:00,PROSPECTUS,12,4,
53561,8006540836255,,Dodot,"Toalhitas Bebé Aqua Pure 0% Plástico, 144 unidades",,4.78,4.78,144,,€/Unidade,,,https://driveimg1.intermarche.com/pt/Content/images/boitmal/produit/zoom/9142F4475E7EF3378B360790325BDEDA.jpg,,,,,2025-08-06T23:59:59.999999999+01:00,PROSPECTUS,12,4,
53667,5054563109705,75.0,Sensodyne,Pasta de Dentes Multiprotection Branqueadora,Embalagem de 75ml,3.96,52.8,75,L,€/L,,,https://driveimg1.intermarche.com/pt/Content/images/boitmal/produit/zoom/94E99A1DF4FA94D15532DE9F772BF6D5.jpg,https://driveimg1.intermarche.com/pt/Content/images/boitmal/produit/zoom/79C3CD129F06F9A8E203F1CDCCF40417.jpg,https://driveimg1.intermarche.com/pt/Content/images/boitmal/produit/zoom/79C3CD129F06F9A8E203F1CDCCF40417.jpg,https://driveimg1.intermarche.com/pt/Content/images/boitmal/produit/zoom/79C3CD129F06F9A8E203F1CDCCF40417.jpg,https://driveimg1.intermarche.com/pt/Content/images/boitmal/produit/zoom/79C3CD129F06F9A8E203F1CDCCF40417.jpg,2025-08-06T23:59:59.999999999+01:00,PROSPECTUS,12,4,https://driveimg1.intermarche.com/pt/Content/images/boitmal/produit/zoom/79C3CD129F06F9A8E203F1CDCCF40417.jpg
53870,8720573436342,,Koopman,"3 Tubos Bolas Sabão, 60ml",,1.49,1.49,0,,€/Unidade,,,https://driveimg1.intermarche.com/pt/Content/images/boitmal/produit/zoom/245EEC8A0B4467D1E051FDB33D385593.jpg,,,,,2025-08-06T23:59:59.999999999+01:00,PROSPECTUS,12,4,
54233,8410104913786,224.0,Air Wick,"Ambientador recarga difusor active fresh jasmim, 224 ml",,5.99,26.74,224,L,€/L,,,https://driveimg1.intermarche.com/pt/Content/images/boitmal/produit/zoom/D400A33808567EF65243C468780B5F6D.jpg,https://driveimg1.intermarche.com/pt/Content/images/boitmal/produit/zoom/2D04B4805DBD623AE585D9180C97D454.jpg,https://driveimg1.intermarche.com/pt/Content/images/boitmal/produit/zoom/2D04B4805DBD623AE585D9180C97D454.jpg,https://driveimg1.intermarche.com/pt/Content/images/boitmal/produit/zoom/2D04B4805DBD623AE585D9180C97D454.jpg,,2025-08-06T23:59:59.999999999+01:00,PROSPECTUS,12,4,
54244,8718951611528,50.0,Colgate,"Pasta de Dentes Criança 0 a 5 Anos, 50ml",,1.94,38.8,50,L,€/L,,,https://driveimg1.intermarche.com/pt/Content/images/boitmal/produit/zoom/10AE10B5777CA71F69E960B360440AB4.jpg,https://driveimg1.intermarche.com/pt/Content/images/boitmal/produit/zoom/D61030DA68A1574C75445A611ED36E39.jpg,https://driveimg1.intermarche.com/pt/Content/images/boitmal/produit/zoom/D61030DA68A1574C75445A611ED36E39.jpg,https://driveimg1.intermarche.com/pt/Content/images/boitmal/produit/zoom/D61030DA68A1574C75445A611ED36E39.jpg,,2025-08-06T23:59:59.999999999+01:00,PROSPECTUS,12,4,
54287,3600542572637,150.0,Ambre Solaire,"Protetor Solar Spray Ideal Bronze FPS 30, 150ml",,10.79,71.93,150,L,€/L,,,https://driveimg1.intermarche.com/pt/Content/images/boitmal/produit/zoom/FCE5FBC255160EE253EDAFC8DDFC9410.jpg,https://driveimg1.intermarche.com/pt/Content/images/boitmal/produit/zoom/E1A7A6026FAD20847EC19A92C4F0982F.jpg,https://driveimg1.intermarche.com/pt/Content/images/boitmal/produit/zoom/E1A7A6026FAD20847EC19A92C4F0982F.jpg,https://driveimg1.intermarche.com/pt/Content/images/boitmal/produit/zoom/E1A7A6026FAD20847EC19A92C4F0982F.jpg,,2025-08-06T23:59:59.999999999+01:00,PROSPECTUS,12,4,
54291,3600542520447,150.0,Ambre Solaire,"Protetor Solar Spray Sensitive Advanced FPS 50+, 150ml",,11.39,75.93,150,L,€/L,,,https://driveimg1.intermarche.com/pt/Content/images/boitmal/produit/zoom/688E9491F0504157A81F4CAE6A4D28DC.jpg,https://driveimg1.intermarche.com/pt/Content/images/boitmal/produit/zoom/00AF2F3E6B8D9A76D4EE0717657122D6.jpg,https://driveimg1.intermarche.com/pt/Content/images/boitmal/produit/zoom/00AF2F3E6B8D9A76D4EE0717657122D6.jpg,https://driveimg1.intermarche.com/pt/Content/images/boitmal/produit/zoom/00AF2F3E6B8D9A76D4EE0717657122D6.jpg,,2025-08-06T23:59:59.999999999+01:00,PROSPECTUS,12,4,
54294,3600542523035,270.0,Ambre Solaire,"Protetor Solar Spray Sensitive Advanced FPS 50+, 270ml",,14.09,52.19,270,L,€/L,,,https://driveimg1.intermarche.com/pt/Content/images/boitmal/produit/zoom/36923D8A047010E409BFF281E0D1623C.jpg,https://driveimg1.intermarche.com/pt/Content/images/boitmal/produit/zoom/A38EDAC1200CE150CA6E33AFFF91BB30.jpg,https://driveimg1.intermarche.com/pt/Content/images/boitmal/produit/zoom/A38EDAC1200CE150CA6E33AFFF91BB30.jpg,https://driveimg1.intermarche.com/pt/Content/images/boitmal/produit/zoom/A38EDAC1200CE150CA6E33AFFF91BB30.jpg,,2025-08-06T23:59:59.999999999+01:00,PROSPECTUS,12,4,
54320,8718951559721,100.0,Colgate,"Pasta De Dentes Maximum Caries Protection, 100ml",,2.14,21.4,100,L,€/L,,,https://driveimg1.intermarche.com/pt/Content/images/boitmal/produit/zoom/FB112999317664A7E18AAA81FF2A5D06.jpg,https://driveimg1.intermarche.com/pt/Content/images/boitmal/produit/zoom/3694932EDFE660C6F958943C13CEE297.jpg,https://driveimg1.intermarche.com/pt/Content/images/boitmal/produit/zoom/3694932EDFE660C6F958943C13CEE297.jpg,https://driveimg1.intermarche.com/pt/Content/images/boitmal/produit/zoom/3694932EDFE660C6F958943C13CEE297.jpg,,2025-08-06T23:59:59.999999999+01:00,PROSPECTUS,12,4,
54349,5601217138040,1332.0,Quanto,"Amaciador roupa concentrado ametista e íris, 74d",,2.99,2.24,1332,L,€/L,,,https://driveimg1.intermarche.com/pt/Content/images/boitmal/produit/zoom/AA97CA06C6A5E4D6FDDA513779ACDB8A.jpg,,,,,2025-08-06T23:59:59.999999999+01:00,PROSPECTUS,12,4,
54362,8410104914127,,Finish,"Detergente loiça máquina ultimate limão, 32 pastilhas",,8.99,8.99,32,,€/Unidade,,,https://driveimg1.intermarche.com/pt/Content/images/boitmal/produit/zoom/1D3A215F5E688CA6FF7E7D1EDBD7C601.jpg,,,,,2025-08-06T23:59:59.999999999+01:00,PROSPECTUS,12,4,
54365,8410104915209,,Finish,"Detergente Loiça Máquina Quantum Limão, 64 Pastilhas",,12.49,12.49,0,,€/Unidade,,,https://driveimg1.intermarche.com/pt/Content/images/boitmal/produit/zoom/D395D7FB7505791938B52E99053AC6D0.jpg,,,,,2025-08-06T23:59:59.999999999+01:00,PROSPECTUS,12,4,
54521,5029053548562,,Huggies,"Fralda Cueca T4 9-14Kg, 26un.",,9.99,9.99,0,,€/Unidade,,,https://driveimg1.intermarche.com/pt/Content/images/boitmal/produit/zoom/D6177F023553BB0FB9522071E676488E.jpg,,,,,2025-08-06T23:59:59.999999999+01:00,PROSPECTUS,12,4,
54557,5604260332007,300.0,Labell,"Champô Anticaspa 2em1, 300ml",,1.69,5.63,300,L,€/L,,,https://driveimg1.intermarche.com/pt/Content/images/boitmal/produit/zoom/2E53192879ADFE4BC3F0292F8A1D0DC5.jpg,,,,,2025-08-06T23:59:59.999999999+01:00,PROSPECTUS,12,4,
54573,5604260331925,300.0,Labell,"Condicionador Cabelos Secos Reparação & Nutrição, 300ml",,1.89,6.3,300,L,€/L,,,https://driveimg1.intermarche.com/pt/Content/images/boitmal/produit/zoom/66EE7C00F615E8BAEEB00E1D763AD386.jpg,,,,,2025-08-06T23:59:59.999999999+01:00,PROSPECTUS,12,4,
54684,8711327611924,330.0,Magnum,"6 gelados mini chocolate e amêndoa, 330 ml",,3.99,12.09,330,L,€/L,,Tipo de stockagem,https://driveimg1.intermarche.com/pt/Content/images/boitmal/produit/zoom/779A2D41120BAD2364A0B6F639CCEACA.jpg,,,,,2025-08-06T23:59:59.999999999+01:00,PROSPECTUS,12,4,
54763,8720182858290,245.0,Calvé,"Molho cocktail, 245g",,1.94,7.92,0,kg,€/Kg,,,https://driveimg1.intermarche.com/pt/Content/images/boitmal/produit/zoom/235F1A0F09B842825C47B4D30251D6FC.jpg,,,,,2025-08-06T23:59:59.999999999+01:00,PROSPECTUS,12,4,
54765,8711327616165,825.0,Carte DOr,"Gelado caramelo salgado les dessertz, 825 ml",,3.59,4.35,825,L,€/L,,Tipo de stockagem,https://driveimg1.intermarche.com/pt/Content/images/boitmal/produit/zoom/A5FE262C7D7C5F17B290BA4B9BC148EC.jpg,,,,,2025-08-06T23:59:59.999999999+01:00,PROSPECTUS,12,4,
54813,8711327633353,240.0,Olá,"Gelado disney rei leão, 4 x 60 ml",,2.99,12.46,240,L,€/L,,Tipo de stockagem,https://driveimg1.intermarche.com/pt/Content/images/boitmal/produit/zoom/21302EFD090838C1C95742BB4D804C91.jpg,,,,,2025-08-06T23:59:59.999999999+01:00,PROSPECTUS,12,4,
54870,8700216609616,450.0,Fairy,"Detergente Manual Loiça Maxi Poder Limão, 450ml",,2.99,6.64,450,L,€/L,,,https://driveimg1.intermarche.com/pt/Content/images/boitmal/produit/zoom/81D44E99D044577B7484666755EA0354.jpg,,,,,2025-08-06T23:59:59.999999999+01:00,PROSPECTUS,12,4,
54885,8700216210430,250.0,Herbal Essences,"Condicionador Fortificante Aloe, 250ml",,3.99,15.96,250,L,€/L,,,https://driveimg1.intermarche.com/pt/Content/images/boitmal/produit/zoom/8C7FAEC362009116EC9B1FFBA6F03055.jpg,,,,,2025-08-06T23:59:59.999999999+01:00,PROSPECTUS,12,4,
54986,8711327609716,330.0,Magnum,"6 gelados mini chocolate branco e amêndoa, 330 ml",,3.99,12.09,330,L,€/L,,Tipo de stockagem,https://driveimg1.intermarche.com/pt/Content/images/boitmal/produit/zoom/AE00CAEAE1C3665E1D86858ECC0FD0D3.jpg,,,,,2025-08-06T23:59:59.999999999+01:00,PROSPECTUS,12,4,
55022,8711327624917,280.0,Magnum,"Gelado After Dinner, 8 x 35ml",,4.19,14.96,280,L,€/L,,Tipo de stockagem,https://driveimg1.intermarche.com/pt/Content/images/boitmal/produit/zoom/01E85D0D7CFD27050DD90D8BA136172A.jpg,,,,,2025-08-06T23:59:59.999999999+01:00,PROSPECTUS,12,4,
55047,8445291325036,250.0,Nestum,"Nestum Cereais Proteína, 250g",,2.48,9.92,0,kg,€/Kg,,,https://driveimg1.intermarche.com/pt/Content/images/boitmal/produit/zoom/60118FC3A66CD4FA6B7C87A7FDB061C9.jpg,,,,,2025-08-06T23:59:59.999999999+01:00,PROSPECTUS,12,4,
55062,7613033573118,100.0,Nescafé,"Café Solúvel Intenso, 100g",,3.79,37.9,0,kg,€/Kg,,,https://driveimg1.intermarche.com/pt/Content/images/boitmal/produit/zoom/9DFAAE3DDF17AD37B92FE8C506233FEC.jpg,,,,,2025-08-06T23:59:59.999999999+01:00,PROSPECTUS,12,4,
55080,5601119356641,420.0,Nobre,"Chili com Carne, 420g",,3.19,7.6,0,kg,€/Kg,,,https://driveimg1.intermarche.com/pt/Content/images/boitmal/produit/zoom/904313DCADDEF517A2CC2B7859D76E3C.jpg,,,,,2025-08-06T23:59:59.999999999+01:00,PROSPECTUS,12,4,
55245,8719200021242,500.0,Becel,"Creme Culinário Líquido, 500ml",,2.99,5.98,500,L,€/L,,,https://driveimg1.intermarche.com/pt/Content/images/boitmal/produit/zoom/478344CAF06A9054474A177948CC3583.jpg,,,,,2025-08-06T23:59:59.999999999+01:00,PROSPECTUS,12,4,
55261,8445291133563,220.0,Sical,"Café Moído Moagem Grossa Int 10, 220g",,3.49,15.86,0,kg,€/Kg,,,https://driveimg1.intermarche.com/pt/Content/images/boitmal/produit/zoom/26E77AAA63D51AF821232FF21D1A167F.jpg,,,,,2025-08-06T23:59:59.999999999+01:00,PROSPECTUS,12,4,
55289,8410500029791,270.0,Danone,"Iogurte Líquido Proteína Morango, 270ml",,1.49,5.52,0,kg,€/Kg,,,https://driveimg1.intermarche.com/pt/Content/images/boitmal/produit/zoom/4375806FE6DB88489548FF228675A068.jpg,,,,,2025-08-06T23:59:59.999999999+01:00,PROSPECTUS,12,4,
55354,8410063095202,1200.0,Pescanova,"Barrinhas Pescada Panada sem Gluten, 1.2Kg",,7.89,6.58,0,kg,€/Kg,,Tipo de stockagem,https://driveimg1.intermarche.com/pt/Content/images/boitmal/produit/zoom/D2F57A76EACAFAE8D2E905FFD81B787B.jpg,,,,,2025-08-06T23:59:59.999999999+01:00,PROSPECTUS,12,4,
55721,5601119414310,200.0,Campofrio,"Fiambre Peito de Frango Fatias Finas Forno de Lenha, 200g",,3.29,16.45,0,kg,€/Kg,,,https://driveimg1.intermarche.com/pt/Content/images/boitmal/produit/zoom/16BE8C4DFB1D84096320131C9B0C0DD8.jpg,,,,,2025-08-06T23:59:59.999999999+01:00,PROSPECTUS,12,4,
