identifier,produitEan13,capacite,marque,libelle,conditionnement,prix,unitPrice,volume,typeProduit_uniteByCode,unit_value,pictogrammes_0,pictogrammes_libelleCategorie,images_0,images_1,images_2,images_3,avantages_dateFin,avantages_categorie,nro_paginas,page,images_4,images_5,images_6
13818,2892584000000,250.0,Legumes,Pimento Vermelho,1 un=250 gr (aprox.),0.62,2.49,0,,€/Kg,,,https://driveimg1.intermarche.com/pt/Content/images/boitmal/produit/zoom/F76C07448A59E6639379639A64EE2C63.jpg,,,,2025-07-23T23:59:59.999999999+01:00,PROSPECTUS,18,1,,,
1293,5601151398104,630.0,Compal,"Pack de 3 embalagens de polpa de tomate, embalagem de 630g",,1.49,2.37,0,kg,€/Kg,,,https://driveimg1.intermarche.com/pt/Content/images/boitmal/produit/zoom/BC7D38B0892D2B72B99AEECF05E81523.jpg,,,,2025-07-23T23:59:59.999999999+01:00,PROSPECTUS,18,1,,,
1323,5601163020512,9000.0,Luso,"Água sem gás, pack 6 x 1.5 l",,3.59,0.4,9000,L,€/L,,,https://driveimg1.intermarche.com/pt/Content/images/boitmal/produit/zoom/001A786D3A6068914B18C4EF27206C2E.jpg,,,,2025-07-23T23:59:59.999999999+01:00,PROSPECTUS,18,1,,,
50657,7622201723767,150.0,Philadelphia,Queijo Creme Original,Embalagem de 150g,1.79,11.93,0,kg,€/Kg,,,https://driveimg1.intermarche.com/pt/Content/images/boitmal/produit/zoom/20323EE24C6F48A7328A69B95A2AA090.jpg,,,,2025-07-23T23:59:59.999999999+01:00,PROSPECTUS,18,1,,,
15161,5604260274246,1000.0,PorSi,Cenouras Programa Origens,Embalagem de 1 kg,0.95,0.95,0,kg,€/Kg,,,https://driveimg1.intermarche.com/pt/Content/images/boitmal/produit/zoom/558C3AC1450C10C8B2395D06441C5423.jpg,,,,2025-07-23T23:59:59.999999999+01:00,PROSPECTUS,18,1,,,
10651,8714789113227,75.0,Colgate,"Pasta dentífrica herbal branqueadora, embalagem de 75 ml",,1.99,26.53,75,L,€/L,,,https://driveimg1.intermarche.com/pt/Content/images/boitmal/produit/zoom/D603169FD8B2B272886B853A2EE3184C.jpg,,,,2025-07-23T23:59:59.999999999+01:00,PROSPECTUS,18,1,,,
23353,5000116112197,375.0,Capitão Iglo,"18 nuggets de frango, embalagem de 380g",,4.99,13.31,0,kg,€/Kg,,Tipo de stockagem,https://driveimg1.intermarche.com/pt/Content/images/boitmal/produit/zoom/F26C89B365D9DC17E138C74AB049DE6B.jpg,,,,2025-07-23T23:59:59.999999999+01:00,PROSPECTUS,18,1,,,
13981,2696138000000,60.0,Pastelaria,Pastel de Nata,60 g,0.39,6.5,0,kg,€/Kg,,,https://driveimg1.intermarche.com/pt/Content/images/boitmal/produit/zoom/EA9B10BF07D95E268418206A452F7022.jpg,,,,2025-07-23T23:59:59.999999999+01:00,PROSPECTUS,18,1,,,
43462,5604260310104,3000.0,Selecção de Enófilos,Vinho Tinto Regional Alentejano Bib 3L,,5.49,1.83,3000,L,€/L,,,https://driveimg1.intermarche.com/pt/Content/images/boitmal/produit/zoom/53FADA83AC2F295204C7449D670813D4.jpg,,,,2025-07-23T23:59:59.999999999+01:00,PROSPECTUS,18,1,,,
25538,7613035800281,1500.0,Friskies,Ração para gato esterilizado com peru,"Embalagem de 1,5 kg",5.84,3.89,0,kg,€/Kg,,,https://driveimg1.intermarche.com/pt/Content/images/boitmal/produit/zoom/FF9C78F9FCA49B5C5370D6F754BBF1C8.jpg,,,,2025-07-23T23:59:59.999999999+01:00,PROSPECTUS,18,1,,,
14458,7613034678607,90.0,Nestlé,"Fruta para bebé banana maçã +4 meses, embalagem de 90g",,0.65,7.22,0,kg,€/Kg,,,https://driveimg1.intermarche.com/pt/Content/images/boitmal/produit/zoom/0F3547F16577E97D821E3E9FDD9F17B9.jpg,,,,2025-07-23T23:59:59.999999999+01:00,PROSPECTUS,18,1,,,
6278,8410001103877,,Scotch Brite,"Esfregão com Esponja Salva Unhas Fibra Verde Gama Classic, 2 unidades",,0.99,0.99,0,,€/Unidade,,,https://driveimg1.intermarche.com/pt/Content/images/boitmal/produit/zoom/8B050954A17B3AEE53D05423C2DB9B5C.jpg,,,,2025-07-23T23:59:59.999999999+01:00,PROSPECTUS,18,1,,,
11656,5601195510128,1000.0,Pedras Salgadas,"Água com gás limão, pack 4 x 0.25 l",,2.19,2.19,1000,L,€/L,,,https://driveimg1.intermarche.com/pt/Content/images/boitmal/produit/zoom/B17C3B681260FB1EF3C3D602C2A48DB7.jpg,,,,2025-07-23T23:59:59.999999999+01:00,PROSPECTUS,18,1,,,
48862,5604260320592,640.0,Porsi Vivabem,Iogurte Líquido Magro Morango 4X160G,,1.35,2.11,0,kg,€/Kg,,,https://driveimg1.intermarche.com/pt/Content/images/boitmal/produit/zoom/6E2158069C8CF147F08FEAD2346409FC.jpg,,,,2025-07-23T23:59:59.999999999+01:00,PROSPECTUS,18,1,,,
32306,8718951202979,500.0,Palmolive,"Gel de banho naturals amêndoa e leite, 500 ml",,2.69,5.38,500,L,€/L,,,https://driveimg1.intermarche.com/pt/Content/images/boitmal/produit/zoom/F33F92F4F53A6A0ED534C67B846C0ABA.jpg,,,,2025-07-30T23:59:59.999999999+01:00,PROSPECTUS,18,1,,,
19607,7613035376625,90.0,Nestlé,Fruta para bebé maçã banana aveia +6 meses,Embalagem de 90g,0.65,7.22,0,kg,€/Kg,,,https://driveimg1.intermarche.com/pt/Content/images/boitmal/produit/zoom/63EF160EDC28D2A349A30B7555DC57D7.jpg,,,,2025-07-23T23:59:59.999999999+01:00,PROSPECTUS,18,1,,,
13048,2893561000000,250.0,Marisco,Ameijoa Branca Vietnamita Congelada,Vendido a partir de 250 gr  (aprox.),0.5,1.99,0,,€/Kg,,Avantages !,https://driveimg1.intermarche.com/pt/Content/images/boitmal/produit/zoom/EB1BC296FF41180E6F3E1626AD4F78AA.jpg,,,,2025-07-23T23:59:59.999999999+01:00,PROSPECTUS,18,1,,,
15504,5601050031669,480.0,Danone,"Iogurte activia cremoso frutos silvestres,  4 x 120 g",,1.99,4.15,0,kg,€/Kg,,,https://driveimg1.intermarche.com/pt/Content/images/boitmal/produit/zoom/026F552D6926173F10573B7F8F21FD44.jpg,,,,2025-07-23T23:59:59.999999999+01:00,PROSPECTUS,18,1,,,
2775,8410168195562,1500.0,Friskies,Ração para gato júnior com frango,"Embalagem de 1,5 kg",5.84,3.89,0,kg,€/Kg,,,https://driveimg1.intermarche.com/pt/Content/images/boitmal/produit/zoom/8B26E8FECF30B2840793E6B147C2D6D8.jpg,,,,2025-07-23T23:59:59.999999999+01:00,PROSPECTUS,18,1,,,
38321,2696806000000,250.0,Padaria,Pão gémeos,250 g,0.54,2.16,0,kg,€/Kg,,,https://driveimg1.intermarche.com/pt/Content/images/boitmal/produit/zoom/A99E9F55D9FD5180D848A5ADDB578F15.jpg,,,,2025-07-23T23:59:59.999999999+01:00,PROSPECTUS,18,1,,,
12978,2892462000000,400.0,Legumes,Alface Frisada,1 un= 400 g (aprox.),0.6,1.49,0,,€/Kg,,,https://driveimg1.intermarche.com/pt/Content/images/boitmal/produit/zoom/11753DE36CD8D1B450ED5A40B08A088C.jpg,,,,2025-07-23T23:59:59.999999999+01:00,PROSPECTUS,18,1,,,
12146,5604260272785,750.0,Selecção de Enófilos,"Moscato Branco 0,75L",,3.59,4.79,750,L,€/L,,,https://driveimg1.intermarche.com/pt/Content/images/boitmal/produit/zoom/0A0A98BE17ADBF48ECEC0D2D97B4EA6E.jpg,,,,2025-07-23T23:59:59.999999999+01:00,PROSPECTUS,18,1,,,
13886,2891108000000,1000.0,Frango,Bife de Frango,Vendido ao peso a partir de 1 kg,5.99,5.99,0,,€/Kg,,,https://driveimg1.intermarche.com/pt/Content/images/boitmal/produit/zoom/519BDC237EE2CC43FB5B010D4FF5A15B.jpg,,,,2025-07-23T23:59:59.999999999+01:00,PROSPECTUS,18,1,,,
14897,2892245000000,4000.0,Fruta,Melancia Riscada,Vendido ao peso | 1 un = 4kg (aprox.),3.56,0.89,0,,€/Kg,,,https://driveimg1.intermarche.com/pt/Content/images/boitmal/produit/zoom/499A6B9B1699D69723890E8129338912.jpg,,,,2025-07-23T23:59:59.999999999+01:00,PROSPECTUS,18,1,,,
28607,5604260278442,640.0,PorSi,Iogurte Líquido Morango E Banana 4X160G,,1.29,2.02,0,kg,€/Kg,,,https://driveimg1.intermarche.com/pt/Content/images/boitmal/produit/zoom/447BBD3B74588222DD6837C3B2BE4D8D.jpg,,,,2025-07-23T23:59:59.999999999+01:00,PROSPECTUS,18,1,,,
11967,5601049612336,250.0,Mimosa,"Manteiga com sal, embalagem de 250g",,2.19,8.76,0,kg,€/Kg,,,https://driveimg1.intermarche.com/pt/Content/images/boitmal/produit/zoom/2C2D066D904F137421CA4F472DC07738.jpg,https://driveimg1.intermarche.com/pt/Content/images/boitmal/produit/zoom/B59AE74FD0DBE6C3112F001AFF69E867.jpg,https://driveimg1.intermarche.com/pt/Content/images/boitmal/produit/zoom/BB9196C3025886DBB6F20EDD70A1CA7A.jpg,,2025-07-23T23:59:59.999999999+01:00,PROSPECTUS,18,1,,,
13821,2892597000000,200.0,Legumes,Tomate Cacho,1 un = 200 gr (aprox.),0.26,1.29,0,,€/Kg,,,https://driveimg1.intermarche.com/pt/Content/images/boitmal/produit/zoom/FD67F77AFAB450B6A4FA38E0279E6686.jpg,,,,2025-07-23T23:59:59.999999999+01:00,PROSPECTUS,18,1,,,
9390,5604260033461,200.0,PorSi,Chouricao Fatiado 200G,,1.79,8.95,0,kg,€/Kg,,,https://driveimg1.intermarche.com/pt/Content/images/boitmal/produit/zoom/488FD9ED9A345F6FE9EEEB99CC3F6311.jpg,,,,2025-07-23T23:59:59.999999999+01:00,PROSPECTUS,18,1,,,
14896,2892259000000,800.0,Fruta,Meloa Canteloupe,1un=800 g (aprox.),1.27,1.59,0,,€/Kg,,,https://driveimg1.intermarche.com/pt/Content/images/boitmal/produit/zoom/E74C4DF9251AE472CD4A5B0B6EF7098B.jpg,,,,2025-07-23T23:59:59.999999999+01:00,PROSPECTUS,18,1,,,
13865,2891042000000,1000.0,Porco,Costeletas do Cachaço,Vendido ao peso a partir de 1 kg,4.99,4.99,0,,€/Kg,,,https://driveimg1.intermarche.com/pt/Content/images/boitmal/produit/zoom/D0D96FA697CD7DF7D0B353E0ED0B1193.jpg,,,,2025-07-23T23:59:59.999999999+01:00,PROSPECTUS,18,1,,,
19447,5604260278473,640.0,PorSi,Iogurte Líquido Frutos Vermelhos 4X160G,,1.29,2.02,0,kg,€/Kg,,,https://driveimg1.intermarche.com/pt/Content/images/boitmal/produit/zoom/E5E8E165201F83E6573606F360D4FBE1.jpg,,,,2025-07-23T23:59:59.999999999+01:00,PROSPECTUS,18,1,,,
12888,2892090000000,500.0,Fruta,Manga Avião,1 un=500 gr (aprox.),1.95,3.89,0,,€/Kg,,,https://driveimg1.intermarche.com/pt/Content/images/boitmal/produit/zoom/A3E5B8447376E0E91C2C4BB7B1444B76.jpg,https://driveimg1.intermarche.com/pt/Content/images/boitmal/produit/zoom/842EA0C904154D230A3A6F63A245D264.jpg,,,2025-07-23T23:59:59.999999999+01:00,PROSPECTUS,18,1,,,
1467,5601286236784,500.0,Milaneza,"Massa de espirais, embalagem de 500g",,1.04,2.08,0,kg,€/Kg,,,https://driveimg1.intermarche.com/pt/Content/images/boitmal/produit/zoom/90F3AD9985391E2BB3C76374F1217643.jpg,,,,2025-07-23T23:59:59.999999999+01:00,PROSPECTUS,18,1,,,
18295,5604260278411,640.0,PorSi,Iogurte Líquido Morango E Cereais 4X160G,,1.29,2.02,0,kg,€/Kg,,,https://driveimg1.intermarche.com/pt/Content/images/boitmal/produit/zoom/77FF2EFA6010C76FAECF5B9D28E76BCE.jpg,,,,2025-07-23T23:59:59.999999999+01:00,PROSPECTUS,18,1,,,
28608,5604260282821,640.0,PorSi,Iogurte Líquido Frutos Tropicais 4X160G,,1.29,2.02,0,kg,€/Kg,,,https://driveimg1.intermarche.com/pt/Content/images/boitmal/produit/zoom/98DAB469B1CF7CBC9019272104A0FF20.jpg,,,,2025-07-23T23:59:59.999999999+01:00,PROSPECTUS,18,1,,,
48893,5604260318735,,PorSi,Papel Higiénico Branco Ultra Compacto 2 Folhas 4 Rolos,,2.39,2.39,0,,€/Unidade,,,https://driveimg1.intermarche.com/pt/Content/images/boitmal/produit/zoom/64D5B92D15C4E36C20D810B890EA4FF7.jpg,,,,2025-07-23T23:59:59.999999999+01:00,PROSPECTUS,18,1,,,
15767,2892306000000,150.0,Fruta,Pêssego Vermelho Paraguaio,1 un = 150 gr (aprox.),0.36,2.39,0,,€/Kg,,,https://driveimg1.intermarche.com/pt/Content/images/boitmal/produit/zoom/E985AD8FF876DA419791D2BAC514FA7F.jpg,,,,2025-07-23T23:59:59.999999999+01:00,PROSPECTUS,18,1,,,
43868,5604260310951,340.0,PorSi,Manteiga amendoim crocant,Embalagem de 340g,1.74,5.12,0,kg,€/Kg,,,https://driveimg1.intermarche.com/pt/Content/images/boitmal/produit/zoom/07F9265D160287AC33E286FF5141D5E2.jpg,https://driveimg1.intermarche.com/pt/Content/images/boitmal/produit/zoom/E6808984EBE0E9B8AC722EE0F45AA4D9.jpg,https://driveimg1.intermarche.com/pt/Content/images/boitmal/produit/zoom/E6808984EBE0E9B8AC722EE0F45AA4D9.jpg,https://driveimg1.intermarche.com/pt/Content/images/boitmal/produit/zoom/E6808984EBE0E9B8AC722EE0F45AA4D9.jpg,2025-07-23T23:59:59.999999999+01:00,PROSPECTUS,18,1,,,
43924,5604260295982,,PorSi,Pelicula Aderente 30 Mts,,0.89,0.89,0,,€/Unidade,,,https://driveimg1.intermarche.com/pt/Content/images/boitmal/produit/zoom/E8D06A9D9F641DDAD6999FEA1A810ED8.jpg,,,,2025-07-23T23:59:59.999999999+01:00,PROSPECTUS,18,1,,,
973,5601024105020,1000.0,Fula,Óleo alimentar,Embalagem 1L,1.99,1.99,1000,L,€/L,,,https://driveimg1.intermarche.com/pt/Content/images/boitmal/produit/zoom/322383F88535C8A24498724B92188318.jpg,,,,2025-07-23T23:59:59.999999999+01:00,PROSPECTUS,18,1,,,
1310,5601151979969,140.0,Compal,"Compal da horta concentrado tomate, embalagem de 140g",,0.99,7.07,0,kg,€/Kg,,,https://driveimg1.intermarche.com/pt/Content/images/boitmal/produit/zoom/AFB213C2AE47899B42B45E2988A779B7.jpg,,,,2025-07-23T23:59:59.999999999+01:00,PROSPECTUS,18,1,,,
14372,8712100599392,550.0,Calvé,"Ketchup top down, embalagem de 550g",,2.59,4.71,0,kg,€/Kg,,,https://driveimg1.intermarche.com/pt/Content/images/boitmal/produit/zoom/6D3218F33B22BC3205033BC41E176600.jpg,https://driveimg1.intermarche.com/pt/Content/images/boitmal/produit/zoom/FE7F103C359D2D1FD7BF3FDC8DD381BA.jpg,https://driveimg1.intermarche.com/pt/Content/images/boitmal/produit/zoom/FE7F103C359D2D1FD7BF3FDC8DD381BA.jpg,https://driveimg1.intermarche.com/pt/Content/images/boitmal/produit/zoom/FE7F103C359D2D1FD7BF3FDC8DD381BA.jpg,2025-07-23T23:59:59.999999999+01:00,PROSPECTUS,18,1,,,
20939,5602125000344,300.0,Legumes,Cogumelo Portobello Pequeno,embalagem de 300 g,1.69,5.63,0,kg,€/Kg,,,https://driveimg1.intermarche.com/pt/Content/images/boitmal/produit/zoom/498EFA86C0C334205FFF2827730CD254.jpg,,,,2025-07-23T23:59:59.999999999+01:00,PROSPECTUS,18,1,,,
37745,5604260301874,540.0,PorSi,Grão de bico,Frasco com 540 g,0.85,1.57,0,kg,€/Kg,,,https://driveimg1.intermarche.com/pt/Content/images/boitmal/produit/zoom/ABBBFB42757051E49B0E75B4C2EB061F.jpg,,,,2025-07-23T23:59:59.999999999+01:00,PROSPECTUS,18,1,,,
43703,5604260295944,,PorSi,Papel Aluminio 30 Mts,,2.29,2.29,0,,€/Unidade,,,https://driveimg1.intermarche.com/pt/Content/images/boitmal/produit/zoom/5F4B8EE5F15DF0D6005BDE99AC0C222C.jpg,,,,2025-07-23T23:59:59.999999999+01:00,PROSPECTUS,18,1,,,
8521,5601119956810,120.0,Nobre,"Fiambre perna extra fatiado, embalagem de 120g",,1.99,16.58,0,kg,€/Kg,,,https://driveimg1.intermarche.com/pt/Content/images/boitmal/produit/zoom/B962872D940BF7EEEBDD095332A56017.jpg,,,,2025-07-23T23:59:59.999999999+01:00,PROSPECTUS,18,1,,,
979,5601024134471,750.0,Oliveira da Serra,Azeite Virgem,Embalagem de 750 ml,4.99,6.65,750,L,€/L,,,https://driveimg1.intermarche.com/pt/Content/images/boitmal/produit/zoom/E26F25C9E42D7D1738A837046251B635.jpg,,,,2025-07-23T23:59:59.999999999+01:00,PROSPECTUS,18,1,,,
12110,5604260266630,400.0,PorSi,Croissant Simples,,2.29,5.73,0,kg,€/Kg,,,https://driveimg1.intermarche.com/pt/Content/images/boitmal/produit/zoom/78ED6B7D0ECF488C060F07EB85C79AA9.jpg,,,,2025-07-23T23:59:59.999999999+01:00,PROSPECTUS,18,1,,,
13625,2893620000000,300.0,Peixaria,Salmão de viveiro à posta,1 un. = 300 g (aprox.),3.6,11.99,0,,€/Kg,,,https://driveimg1.intermarche.com/pt/Content/images/boitmal/produit/zoom/A170DAF9DE78983CFA7E8DD1EFE6A371.jpg,,,,2025-07-23T23:59:59.999999999+01:00,PROSPECTUS,18,1,,,
13892,2891041000000,1000.0,Porco,Costeletas do Lombo,Vendido ao peso a partir de 1 kg,4.89,4.89,0,,€/Kg,,,https://driveimg1.intermarche.com/pt/Content/images/boitmal/produit/zoom/589E4AFE71E19AF7FEB32FB0C0E176FF.jpg,,,,2025-07-23T23:59:59.999999999+01:00,PROSPECTUS,18,1,,,
13893,2891043000000,1000.0,Porco,Entrecosto,Vendido ao peso a partir de 1 kg,5.99,5.99,0,,€/Kg,,,https://driveimg1.intermarche.com/pt/Content/images/boitmal/produit/zoom/AA05EE99D302D59771FCC108473E0700.jpg,,,,2025-07-23T23:59:59.999999999+01:00,PROSPECTUS,18,1,,,
1816,5604260301775,540.0,PorSi,Feijão frade,Embalagem de 540g,0.89,1.65,0,kg,€/Kg,,,https://driveimg1.intermarche.com/pt/Content/images/boitmal/produit/zoom/F863BEC0F48D2513FC0D1879484DF975.jpg,,,,2025-07-23T23:59:59.999999999+01:00,PROSPECTUS,18,1,,,
24811,5604260276363,600.0,PorSi,Gelado Sandw.Nata/Choc.6X100Ml,,2.99,4.98,600,L,€/L,,Tipo de stockagem,https://driveimg1.intermarche.com/pt/Content/images/boitmal/produit/zoom/E32BF05E787615CAC3DCF287D228BF70.jpg,,,,2025-07-23T23:59:59.999999999+01:00,PROSPECTUS,18,1,,,
35490,5604260285273,1000.0,Porsi Vivabem,Leite Uht Magro Sem Lactose 1L,,1.05,1.05,1000,L,€/L,,,https://driveimg1.intermarche.com/pt/Content/images/boitmal/produit/zoom/C0D8FEA6733802713556DC723A8C1BA7.jpg,,,,2025-07-23T23:59:59.999999999+01:00,PROSPECTUS,18,1,,,
40383,2696845000000,500.0,Padaria,Pão forma de Rio Maior,500 g,1.45,2.9,0,kg,€/Kg,,,https://driveimg1.intermarche.com/pt/Content/images/boitmal/produit/zoom/17337BA5BC6BED0E351797EFE70D6ACA.jpg,,,,2025-07-23T23:59:59.999999999+01:00,PROSPECTUS,18,1,,,
48138,5604260323302,2000.0,PorSi,Amaciador Roupa Concentrado Spa 80D,,1.85,0.93,2000,L,€/L,,,https://driveimg1.intermarche.com/pt/Content/images/boitmal/produit/zoom/B55A72265AD19CED3CBED903155DF619.jpg,,,,2025-07-23T23:59:59.999999999+01:00,PROSPECTUS,18,1,,,
1322,5601163011114,5400.0,Luso,"Água sem gás, garrafa de 5,4 l",,1.59,0.29,5400,L,€/L,,,https://driveimg1.intermarche.com/pt/Content/images/boitmal/produit/zoom/AA9320932FF184911C32006B7463EC74.jpg,,,,2025-07-23T23:59:59.999999999+01:00,PROSPECTUS,18,1,,,
1437,5601260046101,1000.0,Saludães,Arroz Carolino,Embalagem de 1 kg,1.14,1.14,0,kg,€/Kg,,,https://driveimg1.intermarche.com/pt/Content/images/boitmal/produit/zoom/844734F94E64C7EE2E76F0FC068B9A4B.jpg,,,,2025-07-23T23:59:59.999999999+01:00,PROSPECTUS,18,1,,,
16022,5601146703609,5000.0,Sagres,Cerveja Mini,20 x 0.25 l,9.79,1.96,5000,L,€/L,,,https://driveimg1.intermarche.com/pt/Content/images/boitmal/produit/zoom/DB02895A50A259FB6B3AB495851D234D.jpg,,,,2025-07-23T23:59:59.999999999+01:00,PROSPECTUS,18,1,,,
19022,5603722509742,800.0,Agros,"Leite com chocolate, embalagem de 4 x 200 ml",,1.6,2.0,800,L,€/L,,,https://driveimg1.intermarche.com/pt/Content/images/boitmal/produit/zoom/86A34AF1051A1750347A4FF58912A923.jpg,,,,2025-07-23T23:59:59.999999999+01:00,PROSPECTUS,18,1,,,
2255,5604260267903,500.0,PorSi,Massa Fettucine 500G,,1.29,2.58,0,kg,€/Kg,,,https://driveimg1.intermarche.com/pt/Content/images/boitmal/produit/zoom/18407BCA8571F0FADB3A4F41B971F2FA.jpg,,,,2025-07-23T23:59:59.999999999+01:00,PROSPECTUS,18,1,,,
24920,5604260281848,500.0,PorSi,Massa Laços 500G,,0.99,1.98,0,kg,€/Kg,,,https://driveimg1.intermarche.com/pt/Content/images/boitmal/produit/zoom/C1693538ACC0B37B44EA7A19996490A3.jpg,,,,2025-07-23T23:59:59.999999999+01:00,PROSPECTUS,18,1,,,
34456,5604260325726,330.0,PorSi,6 Salsichas Frescas Merguez 330 G,,5.39,16.33,0,kg,€/Kg,,,https://driveimg1.intermarche.com/pt/Content/images/boitmal/produit/zoom/5AF24CB9ECB0552B9DC2158D80B5D568.jpg,,,,2025-07-23T23:59:59.999999999+01:00,PROSPECTUS,18,1,,,
34875,5604260285457,1500.0,PorSi,Maçã golden categoria II Programa Origens,Embalagem de 1.5 kg,1.99,1.33,0,kg,€/Kg,,,https://driveimg1.intermarche.com/pt/Content/images/boitmal/produit/zoom/56695A5FACFB945E46B511CB21214202.jpg,,,,2025-07-23T23:59:59.999999999+01:00,PROSPECTUS,18,1,,,
37744,5604260301805,540.0,PorSi,Feijão manteiga,Frasco com 540 g,0.89,1.65,0,kg,€/Kg,,,https://driveimg1.intermarche.com/pt/Content/images/boitmal/produit/zoom/B9B74EE9D5F4C86738772A5B6758433E.jpg,,,,2025-07-23T23:59:59.999999999+01:00,PROSPECTUS,18,1,,,
41774,5604260306718,640.0,PorSi,Iogurte Líquido Melão E Melancia 4X160G,,1.29,2.02,0,kg,€/Kg,,,https://driveimg1.intermarche.com/pt/Content/images/boitmal/produit/zoom/31AEBAAA540739B5D42651F7D28CCD67.jpg,,,,2025-07-23T23:59:59.999999999+01:00,PROSPECTUS,18,1,,,
44419,5604260312306,750.0,PorSi,Frutos Vermelhos 750G,,3.19,4.25,0,kg,€/Kg,,Tipo de stockagem,https://driveimg1.intermarche.com/pt/Content/images/boitmal/produit/zoom/785A65F9402578C3254D4412BB4E0CE5.jpg,,,,2025-07-23T23:59:59.999999999+01:00,PROSPECTUS,18,1,,,
44956,2696878000000,,Padaria,Bola de mistura centeio Baviera,90 g,0.2,0.2,0,,€/Unidade,,,https://driveimg1.intermarche.com/pt/Content/images/boitmal/produit/zoom/09DB4B39AC0AAE5D11E868A906EFB364.jpg,,,,2025-07-23T23:59:59.999999999+01:00,PROSPECTUS,18,1,,,
46620,5604260317066,,PorSi,Guardanapo 33X33Cm 3 Folhas 70 Unidades,,1.59,1.59,0,,€/Unidade,,,https://driveimg1.intermarche.com/pt/Content/images/boitmal/produit/zoom/E42AA52575E13D427D3038FDA07BA4A6.jpg,,,,2025-07-23T23:59:59.999999999+01:00,PROSPECTUS,18,1,,,
14865,2696212000000,,Pastelaria,Folhado Misto 90 g,,0.69,0.69,0,,€/Unidade,,,https://driveimg1.intermarche.com/pt/Content/images/boitmal/produit/zoom/164C27A781A7C68A965295D85BB7D95F.jpg,,,,2025-07-23T23:59:59.999999999+01:00,PROSPECTUS,18,1,,,
17112,5604260319589,,PorSi,Papel Higiénico 2 Folhas Compacto 24 Rolos,,9.25,9.25,0,,€/Unidade,,,https://driveimg1.intermarche.com/pt/Content/images/boitmal/produit/zoom/C3591F9DBEF2F62E15D213A80066E204.jpg,,,,2025-07-23T23:59:59.999999999+01:00,PROSPECTUS,18,1,,,
1847,5604260301683,540.0,PorSi,Feijão branco,Embalagem de 540g,0.89,1.65,0,kg,€/Kg,,,https://driveimg1.intermarche.com/pt/Content/images/boitmal/produit/zoom/65F3549F5DD8B5CB836B8FAB01DCCC43.jpg,,,,2025-07-23T23:59:59.999999999+01:00,PROSPECTUS,18,1,,,
24650,2892247000000,4000.0,Fruta,Melancia,Vendido ao peso | 1 un = 4kg (aprox.),3.56,0.89,0,,€/Kg,,,https://driveimg1.intermarche.com/pt/Content/images/boitmal/produit/zoom/C0453D565ABA4C6B0EAFD737DCA5ED98.jpg,https://driveimg1.intermarche.com/pt/Content/images/boitmal/produit/zoom/DAA9018116B6225E5E4D86EF44FD7710.jpg,,,2025-07-23T23:59:59.999999999+01:00,PROSPECTUS,18,1,,,
33021,5601260048105,1000.0,Saludães,"Arroz basmati, embalagem de 1 kg",,2.49,2.49,0,kg,€/Kg,,,https://driveimg1.intermarche.com/pt/Content/images/boitmal/produit/zoom/69B2912DAB5813399DDCD1424E089110.jpg,,,,2025-07-23T23:59:59.999999999+01:00,PROSPECTUS,18,1,,,
35489,5604260285266,1000.0,Porsi Vivabem,Leite Uht Meio-Gordo Sem Lactose 1L,,1.05,1.05,1000,L,€/L,,,https://driveimg1.intermarche.com/pt/Content/images/boitmal/produit/zoom/C75C157CAE99A5A835DA383E6173404B.jpg,,,,2025-07-23T23:59:59.999999999+01:00,PROSPECTUS,18,1,,,
35544,7622210420244,160.0,Prince,"Bolachas mini prince recheadas com chocolate, embalagem de 160g",,1.84,11.5,0,kg,€/Kg,,,https://driveimg1.intermarche.com/pt/Content/images/boitmal/produit/zoom/61F2634B3866278C0DEB463B7CD623C7.jpg,,,,2025-07-23T23:59:59.999999999+01:00,PROSPECTUS,18,1,,,
35559,5601151973738,3500.0,Pepsi,"Refrigerante com gás max zero, pack de 2 x 1.75 l",,2.7,0.77,3500,L,€/L,,,https://driveimg1.intermarche.com/pt/Content/images/boitmal/produit/zoom/698445C2558FCB105ECA616759C001D7.jpg,,,,2025-07-23T23:59:59.999999999+01:00,PROSPECTUS,18,1,,,
45213,5604260313457,,PorSi,Toalhitas Bebé Recarga,Embalagem de 72 unidades,1.29,1.29,0,,€/Unidade,,,https://driveimg1.intermarche.com/pt/Content/images/boitmal/produit/zoom/EC88801BDF05E764E890B4F724C75461.jpg,,,,2025-07-23T23:59:59.999999999+01:00,PROSPECTUS,18,1,,,
4687,5000116105212,375.0,Iglo,"Ervilhas, embalagem de 375g",,1.89,5.04,0,kg,€/Kg,,Tipo de stockagem,https://driveimg1.intermarche.com/pt/Content/images/boitmal/produit/zoom/6C528FEBBEDC5462386A3AB117EEBFD4.jpg,,,,2025-07-23T23:59:59.999999999+01:00,PROSPECTUS,18,1,,,
8658,5601163101716,3000.0,Luso,"Água sem gás, pack 6 x 0.5 l",,2.69,0.9,3000,L,€/L,,,https://driveimg1.intermarche.com/pt/Content/images/boitmal/produit/zoom/13EA35DE036BB24C52BA46395E39799E.jpg,,,,2025-07-23T23:59:59.999999999+01:00,PROSPECTUS,18,1,,,
927,5601001180903,380.0,Nestlé,Cereais chocapic,Embalagem de 375 g,2.39,6.29,0,kg,€/Kg,,,https://driveimg1.intermarche.com/pt/Content/images/boitmal/produit/zoom/EA69C754779AF0C6F4DD36E6F3A8C272.jpg,,,,2025-07-23T23:59:59.999999999+01:00,PROSPECTUS,18,1,,,
11466,5601018004605,200.0,Gresso,Nata uht para bater 200 ml,,0.85,4.25,200,L,€/L,,,https://driveimg1.intermarche.com/pt/Content/images/boitmal/produit/zoom/6D55411BE639B830632A68D20D002036.jpg,,,,2025-07-23T23:59:59.999999999+01:00,PROSPECTUS,18,1,,,
11501,5601049612084,125.0,Mimosa,"Manteiga com sal, embalagem de 130g",,1.39,11.12,0,kg,€/Kg,,,https://driveimg1.intermarche.com/pt/Content/images/boitmal/produit/zoom/C0A3DF0B7623AAEE8B7C1B9626AECDDA.jpg,https://driveimg1.intermarche.com/pt/Content/images/boitmal/produit/zoom/1207D37BB442FDD5C918BE023189F00C.jpg,,,2025-07-23T23:59:59.999999999+01:00,PROSPECTUS,18,1,,,
11650,5601192201104,200.0,Agros,Nata uht 200 ml,,0.89,4.45,200,L,€/L,,,https://driveimg1.intermarche.com/pt/Content/images/boitmal/produit/zoom/478AC7EFE77B8590BBD8EF6C88C17807.jpg,,,,2025-07-23T23:59:59.999999999+01:00,PROSPECTUS,18,1,,,
1281,5601151136140,1000.0,Compal,"Nectar vital equilibrio ananásemcoco, embalagem de 1l",,1.26,1.26,1000,L,€/L,,,https://driveimg1.intermarche.com/pt/Content/images/boitmal/produit/zoom/8767C13FE6BC314E1156E753BCDBEE55.jpg,,,,2025-07-23T23:59:59.999999999+01:00,PROSPECTUS,18,1,,,
1468,5601286250780,500.0,Milaneza,"Massa maçarronete riscado, embalagem de 500g",,1.04,2.08,0,kg,€/Kg,,,https://driveimg1.intermarche.com/pt/Content/images/boitmal/produit/zoom/BA4109E5185276DFC6B9D6597899335A.jpg,,,,2025-07-23T23:59:59.999999999+01:00,PROSPECTUS,18,1,,,
14684,0000080177173,350.0,Nutella,"Creme para barrar de avelãs e cacau, embalagem de 350g",,2.99,8.54,0,kg,€/Kg,,,https://driveimg1.intermarche.com/pt/Content/images/boitmal/produit/zoom/3F068C295F3B09B89A4B75830D497BA1.jpg,,,,2025-07-23T23:59:59.999999999+01:00,PROSPECTUS,18,1,,,
1473,5601286260017,500.0,Milaneza,"Massa linguini com tinta de choco, embalagem de 500g",,2.09,4.18,0,kg,€/Kg,,,https://driveimg1.intermarche.com/pt/Content/images/boitmal/produit/zoom/2FD6AD44EEA27F3F87D7313DDB169D72.jpg,,,,2025-07-23T23:59:59.999999999+01:00,PROSPECTUS,18,1,,,
251,2696001000000,400.0,Padaria,Baguete,400 g,0.79,1.98,0,kg,€/Kg,,,https://driveimg1.intermarche.com/pt/Content/images/boitmal/produit/zoom/42C2E126B9E5B84C243F0668DEC3869F.jpg,,,,2025-07-23T23:59:59.999999999+01:00,PROSPECTUS,18,1,,,
2787,5601363013215,150.0,Ruffles,"Batatas fritas ketchup, embalagem de 150g",,1.59,10.6,0,kg,€/Kg,,,https://driveimg1.intermarche.com/pt/Content/images/boitmal/produit/zoom/F33B25A4B867E4D7AEC437A0C6A60FE3.jpg,,,,2025-07-23T23:59:59.999999999+01:00,PROSPECTUS,18,1,,,
31327,5601286260444,500.0,Milaneza,"Esparguete integral com aveia, embalagem de 500g",,1.39,2.78,0,kg,€/Kg,,,https://driveimg1.intermarche.com/pt/Content/images/boitmal/produit/zoom/C7C1B707BDFB668F7CFB6D27DE2D8BF6.jpg,,,,2025-07-23T23:59:59.999999999+01:00,PROSPECTUS,18,1,,,
35687,5604260275748,,PorSi,50 Sacos Para Congelacao Medio,,1.19,1.19,0,,€/Unidade,,,https://driveimg1.intermarche.com/pt/Content/images/boitmal/produit/zoom/D2925135417CAA0BDE172D2550D4BC6C.jpg,,,,2025-07-23T23:59:59.999999999+01:00,PROSPECTUS,18,1,,,
35704,3021768203639,360.0,Gogo,"Conjunto de saquetas de fruta maçã e banana, embalagem de 4 x 90g",,2.69,7.47,0,kg,€/Kg,,,https://driveimg1.intermarche.com/pt/Content/images/boitmal/produit/zoom/3B0800B00BAA9EFC0F6FD35BCC52240D.jpg,,,,2025-07-23T23:59:59.999999999+01:00,PROSPECTUS,18,1,,,
43541,5604260309955,2000.0,PorSi,Amaciador Concentrado Floral 2L,,1.85,0.93,2000,L,€/L,,,https://driveimg1.intermarche.com/pt/Content/images/boitmal/produit/zoom/AC8E28B5914FC2CC7805AFF54F6F924A.jpg,,,,2025-07-23T23:59:59.999999999+01:00,PROSPECTUS,18,1,,,
47788,5604260325740,330.0,PorSi,6 Salsichas Frescas Chipolatas Com Ervas 330 G,,4.59,13.91,0,kg,€/Kg,,,https://driveimg1.intermarche.com/pt/Content/images/boitmal/produit/zoom/5F51FE6C2AF9B50236E3907CACEE0AB3.jpg,,,,2025-07-23T23:59:59.999999999+01:00,PROSPECTUS,18,1,,,
47842,5604260320257,138.0,PorSi,Barras De Cereais Forma Chocolate Negro 138G,,1.59,11.52,0,kg,€/Kg,,,https://driveimg1.intermarche.com/pt/Content/images/boitmal/produit/zoom/D8D3FBD64602D6125EA757EC79A4CBEB.jpg,,,,2025-07-23T23:59:59.999999999+01:00,PROSPECTUS,18,1,,,
48040,5604260320615,640.0,Porsi Vivabem,Iogurte Líquido Magro Frutos Vermelhos 4X160G,,1.29,2.02,0,kg,€/Kg,,,https://driveimg1.intermarche.com/pt/Content/images/boitmal/produit/zoom/54F1803BAD20785BC4084634149B8F8C.jpg,https://driveimg1.intermarche.com/pt/Content/images/boitmal/produit/zoom/8BCFC316C76164C4EB30E1CA8663C5AA.jpg,,,2025-07-23T23:59:59.999999999+01:00,PROSPECTUS,18,1,,,
48137,5604260323319,2000.0,PorSi,Amaciador Roupa Concentrado Talco 80D,,1.85,0.93,2000,L,€/L,,,https://driveimg1.intermarche.com/pt/Content/images/boitmal/produit/zoom/19A86120D5B46985AF96636938E62EA9.jpg,,,,2025-07-23T23:59:59.999999999+01:00,PROSPECTUS,18,1,,,
49554,5604260323661,,PorSi,Toalhitas Bebé Recarga,Embalagem de 4 x 72 unidades,3.59,3.59,0,,€/Unidade,,,https://driveimg1.intermarche.com/pt/Content/images/boitmal/produit/zoom/A55A5882013405A1E736BD7B20EAB60C.jpg,,,,2025-07-23T23:59:59.999999999+01:00,PROSPECTUS,18,1,,,
49964,8719200238176,225.0,Becel,"Creme de barrar, embalagem de 225g",,1.99,8.84,0,kg,€/Kg,,,https://driveimg1.intermarche.com/pt/Content/images/boitmal/produit/zoom/02C3B8CB4BF40DA381639A6BD63AEBA6.jpg,,,,2025-07-23T23:59:59.999999999+01:00,PROSPECTUS,18,1,,,
50658,7622201724443,150.0,Philadelphia,Queijo creme philadelphia light 150g,,1.79,11.93,0,kg,€/Kg,,,https://driveimg1.intermarche.com/pt/Content/images/boitmal/produit/zoom/8FABEA35481B05FDB647E4BD69595A1D.jpg,,,,2025-07-23T23:59:59.999999999+01:00,PROSPECTUS,18,2,,,
52566,5604260329502,555.0,PorSi,Cogumelos Laminados,Pack de 3 x 185 g,2.25,4.05,0,kg,€/Kg,,,https://driveimg1.intermarche.com/pt/Content/images/boitmal/produit/zoom/CAE31729F1814975AABE2147FB00CFB2.jpg,,,,2025-07-23T23:59:59.999999999+01:00,PROSPECTUS,18,2,,,
5403,5601286211781,500.0,Milaneza,"Massa linguine, embalagem de 500g",,1.33,2.66,0,kg,€/Kg,,,https://driveimg1.intermarche.com/pt/Content/images/boitmal/produit/zoom/EEA39359681196E065DBC3F335FEA5B9.jpg,,,,2025-07-23T23:59:59.999999999+01:00,PROSPECTUS,18,2,,,
8391,5601049159992,1000.0,Mimosa,"Leite especial cálcio + vitamina d magro, de 1l",,1.0,1.0,1000,L,€/L,,,https://driveimg1.intermarche.com/pt/Content/images/boitmal/produit/zoom/22E6964D6A2F2B922BCB40BB341AE902.jpg,,,,2025-07-23T23:59:59.999999999+01:00,PROSPECTUS,18,2,,,
8802,5601244202363,400.0,Terra Nostra,"Queijo em fatias, embalagem de 400g",,4.19,10.48,0,kg,€/Kg,,,https://driveimg1.intermarche.com/pt/Content/images/boitmal/produit/zoom/902CA7799BBBA9029457B2CA9E0FB1C4.jpg,,,,2025-07-23T23:59:59.999999999+01:00,PROSPECTUS,18,2,,,
882,5410041001204,100.0,Tuc,"Bolachas aperitivas, simples, embalagem de 100g",,1.04,10.4,0,kg,€/Kg,,,https://driveimg1.intermarche.com/pt/Content/images/boitmal/produit/zoom/DB0E5412E4B7AABA821CD2AF0DA3E461.jpg,,,,2025-07-23T23:59:59.999999999+01:00,PROSPECTUS,18,2,,,
929,5601001187803,625.0,Nestlé,"Cereais chocapic, 625 g",,3.74,5.98,0,kg,€/Kg,,,https://driveimg1.intermarche.com/pt/Content/images/boitmal/produit/zoom/8DB31C1F3066D48D593AE11B75516670.jpg,,,,2025-07-23T23:59:59.999999999+01:00,PROSPECTUS,18,2,,,
9946,7622300654177,171.0,Triunfo,"Bolachas digestive go aveia, embalagem de 170g",,1.84,10.76,0,kg,€/Kg,,,https://driveimg1.intermarche.com/pt/Content/images/boitmal/produit/zoom/30F7AC33ACBD735497686192B346850D.jpg,,,,2025-07-23T23:59:59.999999999+01:00,PROSPECTUS,18,2,,,
10849,2895261000000,250.0,Dom Pedro,Queijo meio gordo,Vendido ao peso a partir de 250 gr,2.5,9.99,0,,€/Kg,,,https://driveimg1.intermarche.com/pt/Content/images/boitmal/produit/zoom/2E32C351CB5E4755DE882B4BFEA56EE3.jpg,,,,2025-07-23T23:59:59.999999999+01:00,PROSPECTUS,18,2,,,
10900,3228021920191,250.0,President,"Manteiga fácil de barrar, embalagem de 250g",,3.59,14.36,0,kg,€/Kg,,,https://driveimg1.intermarche.com/pt/Content/images/boitmal/produit/zoom/AD6F66474E604C53FDAA16EA65E09D09.jpg,,,,2025-07-23T23:59:59.999999999+01:00,PROSPECTUS,18,2,,,
11613,5601164864467,1320.0,Somersby,"Sidra maçã, pack 4 x 0.33 l",,3.89,2.95,1320,L,€/L,,,https://driveimg1.intermarche.com/pt/Content/images/boitmal/produit/zoom/F0118862B10C3F3FD894ACFE7A34A6C9.jpg,,,,2025-07-23T23:59:59.999999999+01:00,PROSPECTUS,18,2,,,
11963,5603722505775,250.0,Mimosa,"Manteiga sem sal, embalagem de 250g",,2.19,8.76,0,kg,€/Kg,,,https://driveimg1.intermarche.com/pt/Content/images/boitmal/produit/zoom/9BCF64C54A7D7626D65710EBF82436CC.jpg,https://driveimg1.intermarche.com/pt/Content/images/boitmal/produit/zoom/1EA90F949357E7F98D48732996035C6E.jpg,https://driveimg1.intermarche.com/pt/Content/images/boitmal/produit/zoom/1F0AD169BB42B947BB5B96F6E89FDECD.jpg,,2025-07-23T23:59:59.999999999+01:00,PROSPECTUS,18,2,,,
1270,5601151023150,500.0,Compal,"Polpa de tomate com cebola e alho, embalagem de 500g",,1.39,2.78,0,kg,€/Kg,,,https://driveimg1.intermarche.com/pt/Content/images/boitmal/produit/zoom/195ABA90C0C8B2FE1D9EE0202B59D28C.jpg,,,,2025-07-23T23:59:59.999999999+01:00,PROSPECTUS,18,2,,,
12898,2893293000000,400.0,Programa Origens,Dourada,1 un= 400 grs (aprox.),3.6,8.99,0,,€/Kg,,,https://driveimg1.intermarche.com/pt/Content/images/boitmal/produit/zoom/1228D1EB55215F23AB492009B28E8268.jpg,,,,2025-07-23T23:59:59.999999999+01:00,PROSPECTUS,18,2,,,
1300,5601151653456,1000.0,Compal,"Néctar vital equilibrio laranja/maracujá, embalagem de 1l",,1.26,1.26,1000,L,€/L,,,https://driveimg1.intermarche.com/pt/Content/images/boitmal/produit/zoom/66D7AD0BA2BE04FFDAEDA995E24E80A5.jpg,,,,2025-07-23T23:59:59.999999999+01:00,PROSPECTUS,18,2,,,
1325,5601163120816,750.0,Luso,"Água sem gás, garrafa de 0,75 l",,0.74,0.99,750,L,€/L,,,https://driveimg1.intermarche.com/pt/Content/images/boitmal/produit/zoom/AA1A6E591B93610CCB3C24631D9E85B8.jpg,,,,2025-07-23T23:59:59.999999999+01:00,PROSPECTUS,18,2,,,
1438,5601260047108,1000.0,Saludães,Arroz agulha,Embalagem de 1kg,1.35,1.35,0,kg,€/Kg,,,https://driveimg1.intermarche.com/pt/Content/images/boitmal/produit/zoom/B47152EFC4F603CBADD3130829B29F08.jpg,,,,2025-07-23T23:59:59.999999999+01:00,PROSPECTUS,18,2,,,
1459,5601286221780,500.0,Milaneza,"Massa de cotovelos finos, embalagem de 500g",,1.04,2.08,0,kg,€/Kg,,,https://driveimg1.intermarche.com/pt/Content/images/boitmal/produit/zoom/34E88CB07300F13C23DF7BCC4E861747.jpg,,,,2025-07-23T23:59:59.999999999+01:00,PROSPECTUS,18,2,,,
1465,5601286234773,250.0,Milaneza,"Massa de letras, embalagem de 250g",,0.61,2.44,0,kg,€/Kg,,,https://driveimg1.intermarche.com/pt/Content/images/boitmal/produit/zoom/93F4FB7CE3C81A4CA398AFB1F88C82DD.jpg,,,,2025-07-23T23:59:59.999999999+01:00,PROSPECTUS,18,2,,,
1471,5601286254788,500.0,Milaneza,"Massa maçarronete grande, embalagem de 500g",,0.98,1.96,0,kg,€/Kg,,,https://driveimg1.intermarche.com/pt/Content/images/boitmal/produit/zoom/FD337AE17BBD0A12507BF72CEE586927.jpg,,,,2025-07-23T23:59:59.999999999+01:00,PROSPECTUS,18,2,,,
1472,5601286256782,500.0,Milaneza,"Massa de ondas, embalagem de 500g",,1.04,2.08,0,kg,€/Kg,,,https://driveimg1.intermarche.com/pt/Content/images/boitmal/produit/zoom/DB70E545A30F062DF52F7A55D883D748.jpg,,,,2025-07-23T23:59:59.999999999+01:00,PROSPECTUS,18,2,,,
1475,5601286273789,500.0,Milaneza,"Massa fusilli tricolor, embalagem de 500g",,1.26,2.52,0,kg,€/Kg,,,https://driveimg1.intermarche.com/pt/Content/images/boitmal/produit/zoom/89BD68C65931C04722FA40DDD3898CB2.jpg,,,,2025-07-23T23:59:59.999999999+01:00,PROSPECTUS,18,2,,,
15577,5604260279166,125.0,PorSi,Framboesa,Embalagem com 125g,1.59,12.72,0,kg,€/Kg,,,https://driveimg1.intermarche.com/pt/Content/images/boitmal/produit/zoom/B88FD29FAEF1BF8CB6DEB86AC94C2B60.jpg,,,,2025-07-23T23:59:59.999999999+01:00,PROSPECTUS,18,2,,,
16593,2696081000000,60.0,Padaria,Carcaça Forno de Pedra,1 un = 60 gr (aprox.),0.29,4.83,0,kg,€/Kg,,,https://driveimg1.intermarche.com/pt/Content/images/boitmal/produit/zoom/9ACBFD9AFE6222DA83AEB13A9FD53964.jpg,,,,2025-07-23T23:59:59.999999999+01:00,PROSPECTUS,18,2,,,
16939,7622210475411,171.0,Triunfo,"Bolacha digestiva go canela, embalagem de 170g",,1.84,10.76,0,kg,€/Kg,,,https://driveimg1.intermarche.com/pt/Content/images/boitmal/produit/zoom/D9C53D2478AF2B3727D495A573D3A599.jpg,,,,2025-07-23T23:59:59.999999999+01:00,PROSPECTUS,18,2,,,
17893,5601082039817,220.0,Delta Q,Café xl qharacter cápsulas,40 Cápsulas,15.99,72.68,0,kg,€/Kg,,,https://driveimg1.intermarche.com/pt/Content/images/boitmal/produit/zoom/A33D46B8BEAE0A6886B2052A87431B6E.jpg,,,,2025-07-23T23:59:59.999999999+01:00,PROSPECTUS,18,2,,,
17969,8410104156695,,Air Wick,Recarga ambientador elétrico delícias de verão,,3.59,3.59,1,,€/Unidade,,,https://driveimg1.intermarche.com/pt/Content/images/boitmal/produit/zoom/6FDA4F526BE600B71E3CC2981419E972.jpg,,,,2025-07-23T23:59:59.999999999+01:00,PROSPECTUS,18,2,,,
18161,5601164884465,1320.0,Somersby,Sidra frutos vermelhos,pack 4 x 0.33 l,3.89,2.95,1320,L,€/L,,,https://driveimg1.intermarche.com/pt/Content/images/boitmal/produit/zoom/507246A606E1CB1D17B01F2DC7199F50.jpg,,,,2025-07-23T23:59:59.999999999+01:00,PROSPECTUS,18,2,,,
18296,5604260278428,640.0,PorSi,Iogurte Líquido Piña Colada 4X160G,,1.29,2.02,0,kg,€/Kg,,,https://driveimg1.intermarche.com/pt/Content/images/boitmal/produit/zoom/18CCE0A2A676FEB83BAB491960F20E9E.jpg,,,,2025-07-23T23:59:59.999999999+01:00,PROSPECTUS,18,2,,,
19414,5601028024716,,Renova,"Papel Higiénico Puríssimo 3 Folhas, embalagem c/ 12 rolos",,4.99,4.99,0,,€/Unidade,,,https://driveimg1.intermarche.com/pt/Content/images/boitmal/produit/zoom/6371FB49C9F37CFE36AA4E28DFBAAFF4.jpg,,,,2025-07-23T23:59:59.999999999+01:00,PROSPECTUS,18,2,,,
20221,8410500020071,460.0,Danone,"Iogurte activia aveia nozes, embalagem de 4 x 120g",,2.39,5.2,0,kg,€/Kg,,,https://driveimg1.intermarche.com/pt/Content/images/boitmal/produit/zoom/95DB5CF2D3415DECF98AD16FB13B5950.jpg,,,,2025-07-23T23:59:59.999999999+01:00,PROSPECTUS,18,2,,,
20967,5601027002593,175.0,Manhãzitos,5 manhãzitos choco chips,Embalagem de 175 g,2.24,12.8,0,kg,€/Kg,,,https://driveimg1.intermarche.com/pt/Content/images/boitmal/produit/zoom/6EB4FB571FE310CEFF50998F54BCFA17.jpg,,,,2025-07-23T23:59:59.999999999+01:00,PROSPECTUS,18,2,,,
24369,5601050033045,620.0,Danone,"Iogurte líquido morango / kiwi corpos danone, embalagem de 4 x 155g",,1.89,3.05,0,kg,€/Kg,,,https://driveimg1.intermarche.com/pt/Content/images/boitmal/produit/zoom/4DF8E752E36F802BC82CCB72970E5D9F.jpg,,,,2025-07-23T23:59:59.999999999+01:00,PROSPECTUS,18,2,,,
24371,5601050033014,620.0,Danone,"Iogurte líquido pinacolada corpos danone, embalagem de 4 x 155g",,1.89,3.05,0,kg,€/Kg,,,https://driveimg1.intermarche.com/pt/Content/images/boitmal/produit/zoom/6B78DED571E8DAF3CF098A27E97064BA.jpg,,,,2025-07-23T23:59:59.999999999+01:00,PROSPECTUS,18,2,,,
25214,7613035930551,90.0,Nestlé,"Fruta para bebé maçã banana morango +8 meses, embalagem de 90g",,0.65,7.22,0,kg,€/Kg,,,https://driveimg1.intermarche.com/pt/Content/images/boitmal/produit/zoom/A2E1B043C34553B91FFED35123D220EC.jpg,,,,2025-07-23T23:59:59.999999999+01:00,PROSPECTUS,18,2,,,
25215,7613035930582,90.0,Nestlé,"Fruta para bebé maçã manga +6 meses, embalagem de 90g",,0.65,7.22,0,kg,€/Kg,,,https://driveimg1.intermarche.com/pt/Content/images/boitmal/produit/zoom/1A0BFDB38CDBA8991FD9074B384368B9.jpg,,,,2025-07-23T23:59:59.999999999+01:00,PROSPECTUS,18,2,,,
25262,5000116112166,208.0,Capitão Iglo,"10 nuggets de frango, embalagem de 210g",,2.99,14.38,0,kg,€/Kg,,Tipo de stockagem,https://driveimg1.intermarche.com/pt/Content/images/boitmal/produit/zoom/CF1467DF1CD91C352F5C2C303E0557A7.jpg,,,,2025-07-23T23:59:59.999999999+01:00,PROSPECTUS,18,2,,,
25882,5449000133328,1000.0,Coca-Cola,Refrigerante C/ Gás Zero,Garrafa de 1 l,1.22,1.22,1000,L,€/L,,,https://driveimg1.intermarche.com/pt/Content/images/boitmal/produit/zoom/EB5646C1819F93681606ED25E6CF32EB.jpg,,,,2025-07-23T23:59:59.999999999+01:00,PROSPECTUS,18,2,,,
26414,5000116110919,1042.0,Capitão Iglo,"50 nuggets de frango, embalagem de 1042g",,12.99,12.47,0,kg,€/Kg,,Tipo de stockagem,https://driveimg1.intermarche.com/pt/Content/images/boitmal/produit/zoom/D97E3080A57234D7462734347713E694.jpg,,,,2025-07-23T23:59:59.999999999+01:00,PROSPECTUS,18,2,,,
29248,5000204802689,400.0,Raid,Insecticida Casa e Plantas,400 ml,4.79,11.98,400,L,€/L,,,https://driveimg1.intermarche.com/pt/Content/images/boitmal/produit/zoom/D9BDB5EC6E253EBB459466D1BE77CC12.jpg,,,,2025-08-06T23:59:59.999999999+01:00,PROSPECTUS,18,2,,,
30638,5607233511584,435.0,Panrico,Pão de Forma Cerealia 14 Cereais e Sementes 0% Açúcares,Embalagem de 440g,1.89,4.34,0,kg,€/Kg,,,https://driveimg1.intermarche.com/pt/Content/images/boitmal/produit/zoom/80E82D3789FD680BAAA3FD45989D08CD.jpg,,,,2025-07-23T23:59:59.999999999+01:00,PROSPECTUS,18,2,,,
33884,2893837000000,1500.0,Peixaria,Peixe espada preto inteiro,Vendido ao peso,11.99,7.99,0,,€/Kg,,,https://driveimg1.intermarche.com/pt/Content/images/boitmal/produit/zoom/0C1CA3DE6B16A13335042AAFE1F612D6.jpg,,,,2025-07-23T23:59:59.999999999+01:00,PROSPECTUS,18,2,,,
35462,8410500023652,300.0,Yopro,"Iogurte liquido proteína yopro morango/framboesa, 300g",,1.99,6.63,0,kg,€/Kg,,,https://driveimg1.intermarche.com/pt/Content/images/boitmal/produit/zoom/0355698CE2ECE716D8F24A21D83D0BA6.jpg,,,,2025-07-23T23:59:59.999999999+01:00,PROSPECTUS,18,2,,,
36263,5601027973060,480.0,Bimbo,Pão de forma integral,Embalagem de 480 g,1.89,3.94,0,kg,€/Kg,,,https://driveimg1.intermarche.com/pt/Content/images/boitmal/produit/zoom/34F016B3F162809D8E0423F1C3245DFD.jpg,,,,2025-07-23T23:59:59.999999999+01:00,PROSPECTUS,18,2,,,
37510,7613036841498,90.0,Nestlé,"Pacote maçã e pêssego, embalagem de 90g",,0.65,7.22,0,kg,€/Kg,,,https://driveimg1.intermarche.com/pt/Content/images/boitmal/produit/zoom/E9135C730A89C3C259880AD7C684D6EF.jpg,,,,2025-07-23T23:59:59.999999999+01:00,PROSPECTUS,18,2,,,
40233,8718951078994,,Colgate,"Escova de dentes manual kids, 2 unidades",,2.99,2.99,2,,€/Unidade,,,https://driveimg1.intermarche.com/pt/Content/images/boitmal/produit/zoom/91E96A0D47F686A47CF5736FF55B7C33.jpg,,,,2025-07-23T23:59:59.999999999+01:00,PROSPECTUS,18,2,,,
40592,5603722519420,480.0,Mimosa,"Iogurte fruta batida banana, laranja e bolacha, 4 x 120 g",,1.69,3.52,0,kg,€/Kg,,,https://driveimg1.intermarche.com/pt/Content/images/boitmal/produit/zoom/3DD4F4ED13036BE4F0A8D47DB404A192.jpg,,,,2025-07-23T23:59:59.999999999+01:00,PROSPECTUS,18,2,,,
40652,5604260303250,1000.0,PorSi,Batata Pré-Frita Noisette 1Kg,,2.99,2.99,0,kg,€/Kg,,Tipo de stockagem,https://driveimg1.intermarche.com/pt/Content/images/boitmal/produit/zoom/DFF6C39872D957CA0F9F162FB4B125DD.jpg,,,,2025-07-23T23:59:59.999999999+01:00,PROSPECTUS,18,2,,,
40744,5604260303243,1000.0,PorSi,Batata Pré-Frita Cubos 1Kg,,1.95,1.95,0,kg,€/Kg,,Tipo de stockagem,https://driveimg1.intermarche.com/pt/Content/images/boitmal/produit/zoom/3D9E98983039F8B79E05FF428EA3F4FC.jpg,,,,2025-07-23T23:59:59.999999999+01:00,PROSPECTUS,18,2,,,
40754,5604260306176,100.0,Porsi Vivabem,Argolas Integrais Laranja E Gengibre 100G,,1.19,11.9,0,kg,€/Kg,,,https://driveimg1.intermarche.com/pt/Content/images/boitmal/produit/zoom/E094FEA69FD85C7A6166C610F7F995BC.jpg,,,,2025-07-23T23:59:59.999999999+01:00,PROSPECTUS,18,2,,,
41622,5604260304585,5000.0,PorSi,Areia Para Gatos Mineral Perfumada 5Kg,,1.79,0.36,0,kg,€/Kg,,,https://driveimg1.intermarche.com/pt/Content/images/boitmal/produit/zoom/471523428A34BCB5DDD5150968022974.jpg,,,,2025-07-23T23:59:59.999999999+01:00,PROSPECTUS,18,2,,,
41640,5604260301737,540.0,PorSi,Feijão encarnado em frasco,frasco de 540 g,0.89,1.65,0,kg,€/Kg,,,https://driveimg1.intermarche.com/pt/Content/images/boitmal/produit/zoom/C91F959C8FD02C2055DD0A1A4950A458.jpg,,,,2025-07-23T23:59:59.999999999+01:00,PROSPECTUS,18,2,,,
4323,3600540623959,50.0,Narta,Desodorizante Roll'On Bio Eficácia,Embalagem de 50 ml,2.69,53.8,50,L,€/L,,Produtos Bio,https://driveimg1.intermarche.com/pt/Content/images/boitmal/produit/zoom/DD8AA7994F81DF8B6C1997FC0ED10C60.jpg,,,,2025-07-30T23:59:59.999999999+01:00,PROSPECTUS,18,2,,,
4335,3600540829160,50.0,Narta men,"Desodorizante roll-on, invisimax",Embalagem de 50 ml,2.69,53.8,50,L,€/L,,,https://driveimg1.intermarche.com/pt/Content/images/boitmal/produit/zoom/A48BB816DCCE142F5DC4F8D9E2CEC850.jpg,,,,2025-07-30T23:59:59.999999999+01:00,PROSPECTUS,18,2,,,
43543,5604260309931,2000.0,PorSi,Amaciador Concentrado Alfazema 2L,,1.85,0.93,2000,L,€/L,,,https://driveimg1.intermarche.com/pt/Content/images/boitmal/produit/zoom/07069CB8BFCFAE27D60047F2A269715A.jpg,,,,2025-07-23T23:59:59.999999999+01:00,PROSPECTUS,18,2,,,
43867,5604260310944,340.0,PorSi,Manteiga amendoim cremosa,Embalagem de 340g,1.74,5.12,0,kg,€/Kg,,,https://driveimg1.intermarche.com/pt/Content/images/boitmal/produit/zoom/7821B5CD2D691B1BB3601906D6E6FF3D.jpg,https://driveimg1.intermarche.com/pt/Content/images/boitmal/produit/zoom/F81026DF6BE14CF2221DFD337125A507.jpg,https://driveimg1.intermarche.com/pt/Content/images/boitmal/produit/zoom/F81026DF6BE14CF2221DFD337125A507.jpg,https://driveimg1.intermarche.com/pt/Content/images/boitmal/produit/zoom/F81026DF6BE14CF2221DFD337125A507.jpg,2025-07-23T23:59:59.999999999+01:00,PROSPECTUS,18,2,https://driveimg1.intermarche.com/pt/Content/images/boitmal/produit/zoom/F81026DF6BE14CF2221DFD337125A507.jpg,https://driveimg1.intermarche.com/pt/Content/images/boitmal/produit/zoom/F81026DF6BE14CF2221DFD337125A507.jpg,https://driveimg1.intermarche.com/pt/Content/images/boitmal/produit/zoom/F81026DF6BE14CF2221DFD337125A507.jpg
43925,5604260296002,,PorSi,20 Saco Zip 18X20 Cm,,1.05,1.05,0,,€/Unidade,,,https://driveimg1.intermarche.com/pt/Content/images/boitmal/produit/zoom/A7942ACBD25A09CE44C60A50CCBB2273.jpg,,,,2025-07-23T23:59:59.999999999+01:00,PROSPECTUS,18,2,,,
43928,5604260296033,,PorSi,15 Saco Cubos Gelo Auto,,0.99,0.99,0,,€/Unidade,,,https://driveimg1.intermarche.com/pt/Content/images/boitmal/produit/zoom/CD145A323E5A7B0CFE253A76CF7064BD.jpg,,,,2025-07-23T23:59:59.999999999+01:00,PROSPECTUS,18,2,,,
44651,7622201410483,160.0,Oreo,"Bolachas golden mini, embalagem de 160g",,1.84,11.5,0,kg,€/Kg,,,https://driveimg1.intermarche.com/pt/Content/images/boitmal/produit/zoom/8EE72F4B8C31524152803DCB15134537.jpg,,,,2025-07-23T23:59:59.999999999+01:00,PROSPECTUS,18,2,,,
46825,5603722518287,720.0,Mimosa,"Iogurte magro aroma multi sabores de morango e kiwi/manga, 6 x 120g",,1.99,2.76,0,kg,€/Kg,,,https://driveimg1.intermarche.com/pt/Content/images/boitmal/produit/zoom/EBBE1EB3FBC3C9322F0040C9AA4B6B04.jpg,,,,2025-07-23T23:59:59.999999999+01:00,PROSPECTUS,18,2,,,
47917,5604260320264,126.0,PorSi,Barras De Cereais Forma Clássicas 126G,,1.39,11.03,0,kg,€/Kg,,,https://driveimg1.intermarche.com/pt/Content/images/boitmal/produit/zoom/ED9C046B5C97FE757232CE7F0670F7B1.jpg,https://driveimg1.intermarche.com/pt/Content/images/boitmal/produit/zoom/502AF5D05C669A741A5F5BF8A39E9552.jpg,,,2025-07-23T23:59:59.999999999+01:00,PROSPECTUS,18,2,,,
48781,8410199023063,150.0,LayS,"Batatas fritas queijo e cebola, 150g",,1.44,9.6,0,kg,€/Kg,,,https://driveimg1.intermarche.com/pt/Content/images/boitmal/produit/zoom/94BA49693C985F27B360418799F67C63.jpg,,,,2025-07-23T23:59:59.999999999+01:00,PROSPECTUS,18,2,,,
49084,5604260323562,300.0,PorSi,Rissois De Carne 300G,,1.28,4.27,0,kg,€/Kg,,Tipo de stockagem,https://driveimg1.intermarche.com/pt/Content/images/boitmal/produit/zoom/12263D98AE752D736E23E296D879A69F.jpg,,,,2025-07-23T23:59:59.999999999+01:00,PROSPECTUS,18,2,,,
49362,8410104898342,,Air Wick,"Recarga ambientador elétrico vanilla, 19 ml",,3.59,3.59,1,,€/Unidade,,,https://driveimg1.intermarche.com/pt/Content/images/boitmal/produit/zoom/4E096C33C031D414CC8D723E9334FC8F.jpg,,,,2025-07-23T23:59:59.999999999+01:00,PROSPECTUS,18,2,,,
49391,4001724039082,355.0,Dr. Oetker,Pizza Ristorante Hawaii,Embalagem de 355g,3.69,10.39,0,kg,€/Kg,,Tipo de stockagem,https://driveimg1.intermarche.com/pt/Content/images/boitmal/produit/zoom/2DE944D488744D2BB58C8960D267D6AC.jpg,,,,2025-07-23T23:59:59.999999999+01:00,PROSPECTUS,18,2,,,
49539,5604260310494,200.0,PorSi,Miolo Camarao 40/60 200G,,3.99,19.95,0,kg,€/Kg,,Tipo de stockagem,https://driveimg1.intermarche.com/pt/Content/images/boitmal/produit/zoom/5355CFF35898BCBEDD351E0101CEE324.jpg,,,,2025-07-23T23:59:59.999999999+01:00,PROSPECTUS,18,2,,,
49763,5601050037579,460.0,Danone,"Iogurte activia fibras aveia & frutos secos, 4x115g",,2.39,5.2,0,kg,€/Kg,,,https://driveimg1.intermarche.com/pt/Content/images/boitmal/produit/zoom/D3105D0A7021B60785802EF13F61AE8F.jpg,,,,2025-07-23T23:59:59.999999999+01:00,PROSPECTUS,18,2,,,
50405,8445290489173,900.0,Cerelac,"Papa Infantil 12 meses, 900g",,6.29,6.99,0,kg,€/Kg,,,https://driveimg1.intermarche.com/pt/Content/images/boitmal/produit/zoom/79C2E535CBAB06EFF8E7EE2B8A2191BC.jpg,,,,2025-07-23T23:59:59.999999999+01:00,PROSPECTUS,18,2,,,
52087,7613033477355,1500.0,Friskies,"Ração para Gato Adulto Esterilizado com Salmão, Atum e Legumes",Embalagem de 1.5 kg,5.84,3.89,0,kg,€/Kg,,,https://driveimg1.intermarche.com/pt/Content/images/boitmal/produit/zoom/4D268FF8FDEA3FDF3BE809F1A7B989A0.jpg,,,,2025-07-23T23:59:59.999999999+01:00,PROSPECTUS,18,2,,,
5272,5601164902312,4800.0,Super Bock,"Cerveja com álcool, pack 24 x 0.20 l",,9.99,2.08,4800,L,€/L,,,https://driveimg1.intermarche.com/pt/Content/images/boitmal/produit/zoom/A98E5FF8E5DDF166F2B333F0EE0114E7.jpg,https://driveimg1.intermarche.com/pt/Content/images/boitmal/produit/zoom/C2C2858ADC421F33AF17C6115D108100.jpg,,,2025-07-23T23:59:59.999999999+01:00,PROSPECTUS,18,2,,,
53007,5603722520105,1000.0,Milhafre,"Leite De Pastagem Magro, 1l",,0.89,0.89,1000,L,€/L,,,https://driveimg1.intermarche.com/pt/Content/images/boitmal/produit/zoom/299C37D166CA38EDBA2E0A4C61421ACE.jpg,,,,2025-07-23T23:59:59.999999999+01:00,PROSPECTUS,18,2,,,
53079,8711327591011,650.0,Viennetta,"Gelado caramelo salgado, 650 ml",,2.59,3.98,650,L,€/L,,Tipo de stockagem,https://driveimg1.intermarche.com/pt/Content/images/boitmal/produit/zoom/B05E55484D079FDCAE0B99F040C539B7.jpg,https://driveimg1.intermarche.com/pt/Content/images/boitmal/produit/zoom/96C8E669282C188787DB043E8B0F9711.jpg,https://driveimg1.intermarche.com/pt/Content/images/boitmal/produit/zoom/96C8E669282C188787DB043E8B0F9711.jpg,,2025-07-23T23:59:59.999999999+01:00,PROSPECTUS,18,2,,,
53081,8410199024701,150.0,Doritos,"Snacks milho nachos dippas, 150g",,0.99,6.6,0,kg,€/Kg,,,https://driveimg1.intermarche.com/pt/Content/images/boitmal/produit/zoom/BF36364EB695B190635DFD34C03ED47E.jpg,https://driveimg1.intermarche.com/pt/Content/images/boitmal/produit/zoom/529878C3C769D792716BED88F66601A9.jpg,https://driveimg1.intermarche.com/pt/Content/images/boitmal/produit/zoom/529878C3C769D792716BED88F66601A9.jpg,https://driveimg1.intermarche.com/pt/Content/images/boitmal/produit/zoom/529878C3C769D792716BED88F66601A9.jpg,2025-07-23T23:59:59.999999999+01:00,PROSPECTUS,18,2,,,
53324,3600551133218,50.0,Narta,"Desodorizante Roll-On Max Resist Sensível, 50ml",,2.99,59.8,50,L,€/L,,,https://driveimg1.intermarche.com/pt/Content/images/boitmal/produit/zoom/BA874C8667B0449406AF1B48E6F2042C.jpg,,,,2025-07-30T23:59:59.999999999+01:00,PROSPECTUS,18,2,,,
53567,8410001134932,,Scotch Brite,"Esfregão Esponja Fibra Verde, 3 unidades",,1.49,1.49,3,,€/Unidade,,,https://driveimg1.intermarche.com/pt/Content/images/boitmal/produit/zoom/0B95ED79330CE835A0C9F35027467382.jpg,,,,2025-07-23T23:59:59.999999999+01:00,PROSPECTUS,18,2,,,
53921,5604260333110,250.0,Labell,Spray Protetor Solar Spf50+ 250 Ml,,5.99,23.96,250,L,€/L,,,https://driveimg1.intermarche.com/pt/Content/images/boitmal/produit/zoom/B6C180709255899C9918664B3622D7D6.jpg,,,,2025-07-30T23:59:59.999999999+01:00,PROSPECTUS,18,2,,,
5406,5601286260024,500.0,Milaneza,"Massa linguini al pesto, embalagem de 500g",,1.89,3.78,0,kg,€/Kg,,,https://driveimg1.intermarche.com/pt/Content/images/boitmal/produit/zoom/B443E9EE6939A8496298F5114A27302C.jpg,,,,2025-07-23T23:59:59.999999999+01:00,PROSPECTUS,18,2,,,
54361,8410104915186,,Finish,"Detergente Loiça Máquina Quantum Limão, 28 Pastilhas",,5.99,5.99,0,,€/Unidade,,,https://driveimg1.intermarche.com/pt/Content/images/boitmal/produit/zoom/AF6445EE2B2537230E8784866A377CB3.jpg,,,,2025-07-23T23:59:59.999999999+01:00,PROSPECTUS,18,2,,,
54458,3574661700557,650.0,Le Petit Marseillais,"Gel De Banho Leite E Baunilha Bio, 650ml",,3.49,5.37,650,L,€/L,,,https://driveimg1.intermarche.com/pt/Content/images/boitmal/produit/zoom/60F4FEF746C5CD0FCCCDB689C4C46395.jpg,,,,2025-07-30T23:59:59.999999999+01:00,PROSPECTUS,18,2,,,
54683,8711327609082,330.0,Magnum,"5 gelados mini chocolate clássico, amêndoa e chocolate branco, 330 ml",,5.99,18.15,330,L,€/L,,Tipo de stockagem,https://driveimg1.intermarche.com/pt/Content/images/boitmal/produit/zoom/29273D02F85CCA3787C7EFAE4B965F92.jpg,,,,2025-07-23T23:59:59.999999999+01:00,PROSPECTUS,18,2,,,
54734,5601164906174,2400.0,Somersby,"Sidra com álcool maçã, 12 x 20 cl",,8.49,3.54,2400,L,€/L,,,https://driveimg1.intermarche.com/pt/Content/images/boitmal/produit/zoom/B977873E36981559BC398D6FE0E99BDC.jpg,,,,2025-07-23T23:59:59.999999999+01:00,PROSPECTUS,18,2,,,
54736,5601164906181,4800.0,Somersby,"Sidra com álcool maçã, 24 x 20 cl",,14.99,3.12,4800,L,€/L,,,https://driveimg1.intermarche.com/pt/Content/images/boitmal/produit/zoom/0DBD53F924B92D1882681208CC1C9705.jpg,,,,2025-07-23T23:59:59.999999999+01:00,PROSPECTUS,18,2,,,
54775,8711327639874,480.0,Cornetto,"4 gelados brigadeiro, 480 ml",,3.89,8.1,480,L,€/L,,Tipo de stockagem,https://driveimg1.intermarche.com/pt/Content/images/boitmal/produit/zoom/962707DE4486454556D51C1A705EA1C2.jpg,,,,2025-07-23T23:59:59.999999999+01:00,PROSPECTUS,18,2,,,
55246,8410063095219,1000.0,Pescanova,"Filetes de Pescada Panados sem Glúten, 1kg",,7.89,7.89,0,kg,€/Kg,,Tipo de stockagem,https://driveimg1.intermarche.com/pt/Content/images/boitmal/produit/zoom/A5655C95B01DFE4827D4B19FBAEEAA93.jpg,,,,2025-07-23T23:59:59.999999999+01:00,PROSPECTUS,18,2,,,
5977,5604260274086,,PorSi,Acendalhas Brancas - 32 Unidades,,0.99,0.99,0,,€/Unidade,,,https://driveimg1.intermarche.com/pt/Content/images/boitmal/produit/zoom/5D848885F4F58352BFD5FA139BD7FC0A.jpg,https://driveimg1.intermarche.com/pt/Content/images/boitmal/produit/zoom/1FFF9F1373872F7DE961EE146FD1DAB4.jpg,https://driveimg1.intermarche.com/pt/Content/images/boitmal/produit/zoom/1FFF9F1373872F7DE961EE146FD1DAB4.jpg,,2025-08-06T23:59:59.999999999+01:00,PROSPECTUS,18,2,,,
6111,7613031204458,340.0,Purina Gourmet,Comida húmida para gato finos pedaços em molho,Embalagem de 340g,2.59,7.62,0,kg,€/Kg,,,https://driveimg1.intermarche.com/pt/Content/images/boitmal/produit/zoom/393F7D9374FE095E1E4BD6A16BFBFD33.jpg,,,,2025-07-23T23:59:59.999999999+01:00,PROSPECTUS,18,2,,,
616,3250390114673,380.0,Bouton d' Or,Cornichons extra finos,Embalagem de 380 g,2.59,6.82,0,kg,€/Kg,,,https://driveimg1.intermarche.com/pt/Content/images/boitmal/produit/zoom/131D236F1C36D4400362C1A6459D9792.jpg,,,,2025-07-23T23:59:59.999999999+01:00,PROSPECTUS,18,2,,,
6398,8410372182303,75.0,Colgate,"Dentifríco flúor gel, embalagem de 75 ml",,1.99,26.53,75,L,€/L,,,https://driveimg1.intermarche.com/pt/Content/images/boitmal/produit/zoom/3F011A79E5A34E1D47A1369D50D1C53B.jpg,,,,2025-07-23T23:59:59.999999999+01:00,PROSPECTUS,18,2,,,
7324,3228020390131,250.0,President,"Manteiga magra meio sal, embalagem de 250g",,2.65,10.6,0,kg,€/Kg,,,https://driveimg1.intermarche.com/pt/Content/images/boitmal/produit/zoom/331DC0C2868698A1CF61BBA910E6E1D6.jpg,,,,2025-07-23T23:59:59.999999999+01:00,PROSPECTUS,18,2,,,
8413,8410500008932,600.0,Danone,"Actimel iogurte líquido de morango, de 6 x 100g",,2.99,4.98,0,kg,€/Kg,,,https://driveimg1.intermarche.com/pt/Content/images/boitmal/produit/zoom/F5F985DE2C1FEBCCE4ED6002098F416C.jpg,,,,2025-07-23T23:59:59.999999999+01:00,PROSPECTUS,18,2,,,
8640,5601151981283,1000.0,Compal,"Néctar vital equilibrio manga/maracujá, embalagem de 1l",,1.26,1.26,1000,L,€/L,,,https://driveimg1.intermarche.com/pt/Content/images/boitmal/produit/zoom/9545EAED819CD1B313F66793BF924B43.jpg,,,,2025-07-23T23:59:59.999999999+01:00,PROSPECTUS,18,2,,,
9541,5604260167012,,PorSi,Papel Higiénico Branco Compacto 2 Folhas 12 Rolos,,4.48,4.48,0,,€/Unidade,,,https://driveimg1.intermarche.com/pt/Content/images/boitmal/produit/zoom/45F75A9FD655AC752AE9A7A484B841F1.jpg,,,,2025-07-23T23:59:59.999999999+01:00,PROSPECTUS,18,2,,,
991,5601029004090,120.0,Bom Petisco,"Atum posta em azeite, embalagem de 120g",,2.24,18.67,0,kg,€/Kg,,,https://driveimg1.intermarche.com/pt/Content/images/boitmal/produit/zoom/7303762D9C0618FC9C75C481CF52C5DB.jpg,,,,2025-07-23T23:59:59.999999999+01:00,PROSPECTUS,18,2,,,
1014,5601043111149,1000.0,Espiga,"Farinha sem fermento tipo 65, embalagem de 1 kg",,1.29,1.29,0,kg,€/Kg,,,https://driveimg1.intermarche.com/pt/Content/images/boitmal/produit/zoom/0956112EF7C4C6A7364E7D84CAC59686.jpg,,,,2025-07-23T23:59:59.999999999+01:00,PROSPECTUS,18,2,,,
10552,8693495032940,90.0,Palmolive,"Sabonete glicerina natural, 90 g",,0.74,8.22,0,kg,€/Kg,,,https://driveimg1.intermarche.com/pt/Content/images/boitmal/produit/zoom/26DBAEE35FA20A8B04FEA0DBE2DBA55C.jpg,,,,2025-07-30T23:59:59.999999999+01:00,PROSPECTUS,18,2,,,
10702,8714789925349,75.0,Colgate,"Pasta dentífrica máxima proteção, fresca, embalagem de 75 ml",,2.31,30.8,75,L,€/L,,,https://driveimg1.intermarche.com/pt/Content/images/boitmal/produit/zoom/25ADA59A95A3FDAF86D88BFBC2F69BCB.jpg,,,,2025-07-23T23:59:59.999999999+01:00,PROSPECTUS,18,2,,,
10899,3228021000084,250.0,President,"Manteiga la motte sal do mar, embalagem de 250g",,3.95,15.8,0,kg,€/Kg,,,https://driveimg1.intermarche.com/pt/Content/images/boitmal/produit/zoom/F02DC28B5940DB25AE13C684F975BF0B.jpg,,,,2025-07-23T23:59:59.999999999+01:00,PROSPECTUS,18,2,,,
10901,3228022000298,250.0,President,"Manteiga magra baixo teor sal, embalagem de 250g",,2.65,10.6,0,kg,€/Kg,,,https://driveimg1.intermarche.com/pt/Content/images/boitmal/produit/zoom/DCFDE09AD10D5DD4255ED225FA75C5F7.jpg,,,,2025-07-23T23:59:59.999999999+01:00,PROSPECTUS,18,2,,,
11922,5603089001125,200.0,Parmalat,"Molho bechamel, embalagem de 200 ml",,1.09,5.45,200,L,€/L,,,https://driveimg1.intermarche.com/pt/Content/images/boitmal/produit/zoom/20AABBCEA69E570B184582BA9E9011F8.jpg,,,,2025-07-23T23:59:59.999999999+01:00,PROSPECTUS,18,2,,,
12299,8003520013064,300.0,Palmolive,"Sabonete líquido de leite de amêndoas, recarga, 300 ml",,1.79,5.97,300,L,€/L,,,https://driveimg1.intermarche.com/pt/Content/images/boitmal/produit/zoom/35D2E48138CCA33503CE2D19DC83E44D.jpg,,,,2025-07-30T23:59:59.999999999+01:00,PROSPECTUS,18,2,,,
12379,8410285015354,250.0,Président,"Chantilly , embalagem de 250 g",,2.69,10.76,0,kg,€/Kg,,,https://driveimg1.intermarche.com/pt/Content/images/boitmal/produit/zoom/E0C73A85F9CF705E2D07E158861B3F39.jpg,,,,2025-07-23T23:59:59.999999999+01:00,PROSPECTUS,18,3,,,
12468,8435250439584,256.0,Nestlé,"Iogurte mix in smarties morango, embalagem de 2 x 128 g",,2.19,8.55,0,kg,€/Kg,,,https://driveimg1.intermarche.com/pt/Content/images/boitmal/produit/zoom/546EB338CC6149CC0CDDECE6E5ABF48D.jpg,,,,2025-07-23T23:59:59.999999999+01:00,PROSPECTUS,18,3,,,
1272,5601151060254,500.0,Compal,"Tomate triturado, embalagem de 500g",,1.39,2.78,0,kg,€/Kg,,,https://driveimg1.intermarche.com/pt/Content/images/boitmal/produit/zoom/F73D2E34D160FB2C4040DA3AD1BBEF87.jpg,,,,2025-07-23T23:59:59.999999999+01:00,PROSPECTUS,18,3,,,
1307,5601151962152,1000.0,Compal,"Polpa de tomate, embalagem de 1 kg",,1.99,1.99,0,kg,€/Kg,,,https://driveimg1.intermarche.com/pt/Content/images/boitmal/produit/zoom/7F25D2B47A4922FBF9D4F475FD193D2F.jpg,,,,2025-07-23T23:59:59.999999999+01:00,PROSPECTUS,18,3,,,
13094,2893070000000,150.0,Peixaria,Carapau Médio Fresco,1 un = 150 gr (aprox.),0.45,2.99,0,,€/Kg,,,https://driveimg1.intermarche.com/pt/Content/images/boitmal/produit/zoom/9E2B2401113767EAD496436587CA5A46.jpg,,,,2025-07-23T23:59:59.999999999+01:00,PROSPECTUS,18,3,,,
13523,2893515000000,250.0,Peixaria,Lula Congelada,1 un= 250 gr (aprox.),1.25,4.99,0,,€/Kg,,Avantages !,https://driveimg1.intermarche.com/pt/Content/images/boitmal/produit/zoom/B2B7BBDC4CDC3C912C9CD2FEC6D3B682.jpg,,,,2025-07-23T23:59:59.999999999+01:00,PROSPECTUS,18,3,,,
13602,2893597000000,500.0,Peixaria,Pescada Média Argentina Congelada,+ de 500 g,2.0,3.99,0,,€/Kg,,Avantages !,https://driveimg1.intermarche.com/pt/Content/images/boitmal/produit/zoom/0D3A6A42D4C22CDA932A00A286926BF6.jpg,,,,2025-07-23T23:59:59.999999999+01:00,PROSPECTUS,18,3,,,
14227,5601043119015,500.0,Espiga,"Farinha de milho, embalagem de 500g",,0.94,1.88,0,kg,€/Kg,,,https://driveimg1.intermarche.com/pt/Content/images/boitmal/produit/zoom/3A94212450C6EA54B275D891253D59E7.jpg,,,,2025-07-23T23:59:59.999999999+01:00,PROSPECTUS,18,3,,,
14386,5601383025342,235.0,Izidoro,"Salsichas hot dog, frasco, embalagem de 240g",,2.64,11.23,0,kg,€/Kg,,,https://driveimg1.intermarche.com/pt/Content/images/boitmal/produit/zoom/B7A208EB12DF759057A2B64ADEB2FCD9.jpg,,,,2025-07-23T23:59:59.999999999+01:00,PROSPECTUS,18,3,,,
14545,5606293100295,100.0,Vitacress,"Salada aromática, embalagem de 100 g",,1.69,16.9,0,kg,€/Kg,,,https://driveimg1.intermarche.com/pt/Content/images/boitmal/produit/zoom/8B774925D3C426E499C84729B9F86DF2.jpg,,,,2025-07-23T23:59:59.999999999+01:00,PROSPECTUS,18,3,,,
1458,5601286220783,500.0,Milaneza,"Massa de cotovelos grossos, embalagem de 500g",,1.04,2.08,0,kg,€/Kg,,,https://driveimg1.intermarche.com/pt/Content/images/boitmal/produit/zoom/D93D679931815D69DD3322F399FB1B55.jpg,,,,2025-07-23T23:59:59.999999999+01:00,PROSPECTUS,18,3,,,
1461,5601286223784,500.0,Milaneza,"Massa de cotovelos grandes riscados, embalagem de 500g",,1.29,2.58,0,kg,€/Kg,,,https://driveimg1.intermarche.com/pt/Content/images/boitmal/produit/zoom/7983C23BD243065514145A575FF52416.jpg,,,,2025-07-23T23:59:59.999999999+01:00,PROSPECTUS,18,3,,,
1462,5601286231772,250.0,Milaneza,"Massa, estrelinhas, embalagem de 250g",,0.61,2.44,0,kg,€/Kg,,,https://driveimg1.intermarche.com/pt/Content/images/boitmal/produit/zoom/3936C365D7B95744ED545201CA491D61.jpg,,,,2025-07-23T23:59:59.999999999+01:00,PROSPECTUS,18,3,,,
1463,5601286232779,250.0,Milaneza,"Massa pevide, embalagem de 250g",,0.61,2.44,0,kg,€/Kg,,,https://driveimg1.intermarche.com/pt/Content/images/boitmal/produit/zoom/7FABF67C8683DAD5B618F045601E14A4.jpg,,,,2025-07-23T23:59:59.999999999+01:00,PROSPECTUS,18,3,,,
1464,5601286233776,250.0,Milaneza,"Massa de bagos, embalagem de 250g",,0.61,2.44,0,kg,€/Kg,,,https://driveimg1.intermarche.com/pt/Content/images/boitmal/produit/zoom/539D153DE9C377CF57F947CAA1EB45EB.jpg,,,,2025-07-23T23:59:59.999999999+01:00,PROSPECTUS,18,3,,,
1469,5601286251787,500.0,Milaneza,"Massa de maçarrão, embalagem de 500g",,1.04,2.08,0,kg,€/Kg,,,https://driveimg1.intermarche.com/pt/Content/images/boitmal/produit/zoom/684581E08A7B473B6F7C59B6AD72C932.jpg,,,,2025-07-23T23:59:59.999999999+01:00,PROSPECTUS,18,3,,,
14698,7613034570512,90.0,Nestlé,"Fruta para bebé 4 frutas +4 meses, embalagem de 90g",,0.65,7.22,0,kg,€/Kg,,,https://driveimg1.intermarche.com/pt/Content/images/boitmal/produit/zoom/3717C2AF583A80AD83A765BB8032F767.jpg,,,,2025-07-23T23:59:59.999999999+01:00,PROSPECTUS,18,3,,,
15010,2892545000000,1000.0,Programa Origens,Couve Flor,1 un = 1 kg (aprox.),1.69,1.69,0,,€/Kg,,,https://driveimg1.intermarche.com/pt/Content/images/boitmal/produit/zoom/93AF9BD404AC9C131A6A0C88150C31D1.jpg,,,,2025-07-23T23:59:59.999999999+01:00,PROSPECTUS,18,3,,,
15067,2892316000000,250.0,Fruta,Uva Preta,Vendido a partir de 250 gr,0.87,3.49,0,,€/Kg,,,https://driveimg1.intermarche.com/pt/Content/images/boitmal/produit/zoom/4F4795348FA586A8E3CABDD66C4FA2E8.jpg,,,,2025-07-23T23:59:59.999999999+01:00,PROSPECTUS,18,3,,,
15473,5601517360363,450.0,Paladin,"Ketchup à Portuguesa Top Down sem Glúten, 450g",Garrafa de 450 ml,2.09,4.64,450,L,€/L,,,https://driveimg1.intermarche.com/pt/Content/images/boitmal/produit/zoom/C22D205E9E2345D19F4509DFE2C3ED6E.jpg,,,,2025-07-23T23:59:59.999999999+01:00,PROSPECTUS,18,3,,,
15507,5601050031621,480.0,Danone,"Iogurte activia cremoso coco,  4 x 120 g",,1.99,4.15,0,kg,€/Kg,,,https://driveimg1.intermarche.com/pt/Content/images/boitmal/produit/zoom/C7C13400244FC9F141DCEBAD00E0F9D5.jpg,,,,2025-07-23T23:59:59.999999999+01:00,PROSPECTUS,18,3,,,
15886,5601027003859,210.0,Manhãzitos,Manhãzitos original,Embalagem 6x2 unidades,2.44,11.62,0,kg,€/Kg,,,https://driveimg1.intermarche.com/pt/Content/images/boitmal/produit/zoom/E3BD264A0F36C19CDFE09BE15A0F5910.jpg,,,,2025-07-23T23:59:59.999999999+01:00,PROSPECTUS,18,3,,,
17114,5000116110148,320.0,Capitão Iglo,"4 hamburguers vaca sem glúten, embalagem de 320g",,4.49,14.03,0,kg,€/Kg,,Tipo de stockagem,https://driveimg1.intermarche.com/pt/Content/images/boitmal/produit/zoom/F31F98EC751272F860D1F790EE53DF35.jpg,,,,2025-07-23T23:59:59.999999999+01:00,PROSPECTUS,18,3,,,
17269,4084500617421,820.0,Fairy,"Detergente Líquido Lavar Loiça Original, 820 ml",,4.09,4.99,820,L,€/L,,,https://driveimg1.intermarche.com/pt/Content/images/boitmal/produit/zoom/AAC34482F7A307A6F6D7CF7355F8BFDC.jpg,,,,2025-07-23T23:59:59.999999999+01:00,PROSPECTUS,18,3,,,
17665,8712100745591,754.0,Calvé,"Maionese top down, embalagem de 753 g",,3.49,4.63,0,kg,€/Kg,,,https://driveimg1.intermarche.com/pt/Content/images/boitmal/produit/zoom/C6F00A8AA4D7D21E56D34CFA61170423.jpg,,,,2025-07-23T23:59:59.999999999+01:00,PROSPECTUS,18,3,,,
17952,5601226041638,1500.0,Ucal,"Leite com chocolate sem lactose, embalagem de 6 x 250 ml",,5.35,3.57,1500,L,€/L,,,https://driveimg1.intermarche.com/pt/Content/images/boitmal/produit/zoom/794A9F22188A3D48E447442D3822FAF3.jpg,,,,2025-07-23T23:59:59.999999999+01:00,PROSPECTUS,18,3,,,
18618,5601027004870,210.0,Manhãzitos,Manhãzitos -50% açúcares,Embalagem 6x2 unidades,2.44,11.62,0,kg,€/Kg,,,https://driveimg1.intermarche.com/pt/Content/images/boitmal/produit/zoom/08521722BDB8760A47A03446C3145802.jpg,,,,2025-07-23T23:59:59.999999999+01:00,PROSPECTUS,18,3,,,
18733,8008820148461,750.0,Sorbello,"Lambrusco tinto, garrafa de 0.75 l",,2.29,3.05,750,L,€/L,,,https://driveimg1.intermarche.com/pt/Content/images/boitmal/produit/zoom/62BD2539D7B45959B53E45E15DBCD80B.jpg,,,,2025-07-23T23:59:59.999999999+01:00,PROSPECTUS,18,3,,,
19024,5602182050337,750.0,Monte da Ravasqueira,"Vinho branco, regional do alentejano",Garrafa de 0.75 l,3.59,4.79,750,L,€/L,,,https://driveimg1.intermarche.com/pt/Content/images/boitmal/produit/zoom/5CEF7A4D047531ABB404B4433DEDA4A1.jpg,,,,2025-07-23T23:59:59.999999999+01:00,PROSPECTUS,18,3,,,
19850,3086123262270,,Bic,Máquina depilatória Miss Soleil,3 + 1 unidades,2.74,2.74,0,,€/Unidade,,,https://driveimg1.intermarche.com/pt/Content/images/boitmal/produit/zoom/84270AD4ED60098E63CCEB8C44723661.jpg,,,,2025-07-30T23:59:59.999999999+01:00,PROSPECTUS,18,3,,,
20012,7622300571351,100.0,Tuc,Bolacha craker queijo,Embalagem de 100g,1.04,10.4,0,kg,€/Kg,,,https://driveimg1.intermarche.com/pt/Content/images/boitmal/produit/zoom/3B230B20F47582846EAA576338A2C26A.jpg,,,,2025-07-23T23:59:59.999999999+01:00,PROSPECTUS,18,3,,,
20054,5601286260109,1000.0,Milaneza,"Massa, couscous, embalagem de 1 kg",,2.09,2.09,0,kg,€/Kg,,,https://driveimg1.intermarche.com/pt/Content/images/boitmal/produit/zoom/0B56CC473F8D0E7067E2995139377B6F.jpg,,,,2025-07-23T23:59:59.999999999+01:00,PROSPECTUS,18,3,,,
20693,8410104157043,,Air Wick,"Ambientador stick delicias de verão, embalagem de 1 unidades",,5.99,5.99,1,,€/Unidade,,,https://driveimg1.intermarche.com/pt/Content/images/boitmal/produit/zoom/4D79835921EC2C0FC786E7E67A89E081.jpg,,,,2025-07-23T23:59:59.999999999+01:00,PROSPECTUS,18,3,,,
20998,5604260275731,,PorSi,Pelicula Aderente 60M,,1.69,1.69,0,,€/Unidade,,,https://driveimg1.intermarche.com/pt/Content/images/boitmal/produit/zoom/77106A0176B135B37EF0804F9E121868.jpg,,,,2025-07-23T23:59:59.999999999+01:00,PROSPECTUS,18,3,,,
21140,3045206331005,500.0,Sanytol,"Desinfetante Têxtil, 500 ml",,3.99,7.98,500,L,€/L,,,https://driveimg1.intermarche.com/pt/Content/images/boitmal/produit/zoom/106F2B4DC606FD706C52599C562B61FF.jpg,,,,2025-07-23T23:59:59.999999999+01:00,PROSPECTUS,18,3,,,
2115,5604260251377,40.0,PorSi,Refresco Pó Ananas 40G,,0.75,18.75,40,L,€/L,,,https://driveimg1.intermarche.com/pt/Content/images/boitmal/produit/zoom/217CCB94190B59C44F164FC193DC67D0.jpg,,,,2025-07-23T23:59:59.999999999+01:00,PROSPECTUS,18,3,,,
21766,7613035487840,90.0,Nestlé,Fruta para bebé banana laranja bolacha +6 meses,Embalagem de 90g,0.65,7.22,0,kg,€/Kg,,,https://driveimg1.intermarche.com/pt/Content/images/boitmal/produit/zoom/A8104E7B3738DD14CEF192706B16EFC4.jpg,,,,2025-07-23T23:59:59.999999999+01:00,PROSPECTUS,18,3,,,
21767,7613035487871,90.0,Nestlé,"Fruta para bebé multifrutas +4 meses, embalagem de 90g",,0.65,7.22,0,kg,€/Kg,,,https://driveimg1.intermarche.com/pt/Content/images/boitmal/produit/zoom/1B1A7DCEC52C23E2760C4FE3A24A75EE.jpg,,,,2025-07-23T23:59:59.999999999+01:00,PROSPECTUS,18,3,,,
22164,5601260254056,500.0,Saludães,"Arroz doce especial, embalagem de 500g",,0.83,1.66,0,kg,€/Kg,,,https://driveimg1.intermarche.com/pt/Content/images/boitmal/produit/zoom/C73C7DA612DE17339FC2172D24F6B83B.jpg,,,,2025-07-23T23:59:59.999999999+01:00,PROSPECTUS,18,3,,,
22953,8411660670236,750.0,Sanytol,Desinfetante Multiusos,Embalagem de 750 ml,2.49,3.32,750,L,€/L,,,https://driveimg1.intermarche.com/pt/Content/images/boitmal/produit/zoom/1EEAA97664C33C6BEBEA4FA4B7290F03.jpg,,,,2025-07-23T23:59:59.999999999+01:00,PROSPECTUS,18,3,,,
22954,3045200715009,150.0,Sanytol,"Desodorizante e desinfetante para calçado, 150 ml",,3.39,22.6,150,L,€/L,,,https://driveimg1.intermarche.com/pt/Content/images/boitmal/produit/zoom/D3DCE6928DD622E4A01975DBC929BC27.jpg,,,,2025-07-23T23:59:59.999999999+01:00,PROSPECTUS,18,3,,,
22999,5601286260239,500.0,Milaneza,"Lírios, 500g",,1.04,2.08,0,kg,€/Kg,,,https://driveimg1.intermarche.com/pt/Content/images/boitmal/produit/zoom/74AF8D8368CD859BCA005E76EC96F7DF.jpg,,,,2025-07-23T23:59:59.999999999+01:00,PROSPECTUS,18,3,,,
25331,3600542075015,400.0,Garnier,Champô Ultra Suave Leite de Coco e Macadâmia,Embalagem com 400 ml,3.79,9.48,400,L,€/L,,,https://driveimg1.intermarche.com/pt/Content/images/boitmal/produit/zoom/35117F22FB44C0A7EBFA24D2AFCF6944.jpg,,,,2025-07-30T23:59:59.999999999+01:00,PROSPECTUS,18,3,,,
25341,3600542075220,200.0,Garnier,Condicionador Ultra Suave Leite de Coco e Macadâmia,Embalagem de 200 ml,2.94,14.7,200,L,€/L,,,https://driveimg1.intermarche.com/pt/Content/images/boitmal/produit/zoom/29A0C1AF56B90553F38B879CECCA842C.jpg,,,,2025-07-30T23:59:59.999999999+01:00,PROSPECTUS,18,3,,,
2587,7622300165628,160.0,Oreo,"Bolachas mini, embalagem de 160g",,1.84,11.5,0,kg,€/Kg,,,https://driveimg1.intermarche.com/pt/Content/images/boitmal/produit/zoom/F9C526AA63F496736DBEE08B88A78CA2.jpg,,,,2025-07-23T23:59:59.999999999+01:00,PROSPECTUS,18,3,,,
2593,7622300366827,171.0,Triunfo,"Bolachas digestivas go maçã, embalagem de 170g",,1.84,10.76,0,kg,€/Kg,,,https://driveimg1.intermarche.com/pt/Content/images/boitmal/produit/zoom/659BBCAC39DF39F8F177E1A9DE86EA26.jpg,,,,2025-07-23T23:59:59.999999999+01:00,PROSPECTUS,18,3,,,
26047,8412600070994,650.0,Bimbo,Pão de forma s/ côdea,Embalagem de 650 g,2.14,3.29,0,kg,€/Kg,,,https://driveimg1.intermarche.com/pt/Content/images/boitmal/produit/zoom/29A6957961BACB180F45AAA47CD1FB78.jpg,,,,2025-07-23T23:59:59.999999999+01:00,PROSPECTUS,18,3,,,
26274,5601027002609,175.0,Bollycao,5 manhãzitos,Embalagem com 175 g,2.24,12.8,0,kg,€/Kg,,,https://driveimg1.intermarche.com/pt/Content/images/boitmal/produit/zoom/699653388328E6911C7212A499A4EF65.jpg,,,,2025-07-23T23:59:59.999999999+01:00,PROSPECTUS,18,3,,,
26471,5603722510946,800.0,Gresso,"Leite com chocolate, pack 4x200ml",,1.4,1.75,800,L,€/L,,,https://driveimg1.intermarche.com/pt/Content/images/boitmal/produit/zoom/A69F0144F1F806C3F50ABC4BA4C4DDC8.jpg,,,,2025-07-23T23:59:59.999999999+01:00,PROSPECTUS,18,3,,,
26485,3600542034074,400.0,Fructis,Champô Hidraliso,Embalagem de 400 ml,3.89,9.73,400,L,€/L,,,https://driveimg1.intermarche.com/pt/Content/images/boitmal/produit/zoom/0A5BF6BD4C0B7CE0E1D33260CCEBEAEB.jpg,,,,2025-07-30T23:59:59.999999999+01:00,PROSPECTUS,18,3,,,
2675,8410000802771,160.0,Chips Ahoy!,Bolachas mini chips ahoy,Embalagem de 160g,1.84,11.5,0,kg,€/Kg,,,https://driveimg1.intermarche.com/pt/Content/images/boitmal/produit/zoom/3707DD444CDD44D20F774875B91B068B.jpg,,,,2025-07-23T23:59:59.999999999+01:00,PROSPECTUS,18,3,,,
27775,8410500017699,480.0,Danone,"Activia 0% Frutos Silvestres Cremoso,  4x120 g",,1.99,4.15,0,kg,€/Kg,,,https://driveimg1.intermarche.com/pt/Content/images/boitmal/produit/zoom/4E62DCF5F4DD4F8D2F37C752D5F96412.jpg,,,,2025-07-23T23:59:59.999999999+01:00,PROSPECTUS,18,3,,,
27816,5601050034172,500.0,Danone,"Sobremesa danette chocolate, embalagem de 4 x 125g",,2.29,4.58,0,kg,€/Kg,,,https://driveimg1.intermarche.com/pt/Content/images/boitmal/produit/zoom/270794F61E693F9DF4745375FEF2C1D6.jpg,,,,2025-07-23T23:59:59.999999999+01:00,PROSPECTUS,18,3,,,
27897,5604260326952,385.0,Labell,Condicionador Abacate e Karité Cabelos Secos,Embalagem de 385 ml,1.83,4.75,385,L,€/L,,,https://driveimg1.intermarche.com/pt/Content/images/boitmal/produit/zoom/2440E034AE7EDE430723A913429FCE83.jpg,,,,2025-07-30T23:59:59.999999999+01:00,PROSPECTUS,18,3,,,
28609,5604260282951,55.0,PorSi,Cápsulas Café Ristretto Cnpx10,,2.29,41.64,0,kg,€/Kg,,,https://driveimg1.intermarche.com/pt/Content/images/boitmal/produit/zoom/98A2B27B97561600F2789C49300E14CC.jpg,,,,2025-07-23T23:59:59.999999999+01:00,PROSPECTUS,18,3,,,
29355,8718951202795,500.0,Palmolive,"Gel de banho natural leite oliva, 500 ml",,2.69,5.38,500,L,€/L,,,https://driveimg1.intermarche.com/pt/Content/images/boitmal/produit/zoom/2257B865CA98C1B1D0FBBF003E4636F9.jpg,,,,2025-07-30T23:59:59.999999999+01:00,PROSPECTUS,18,3,,,
30712,5000116124152,800.0,Iglo,"Ervilhas primavera, embalagem de 800g",,4.48,5.6,0,kg,€/Kg,,Tipo de stockagem,https://driveimg1.intermarche.com/pt/Content/images/boitmal/produit/zoom/CA98AA2D7349A9F54B21FC2B5D9F9E1D.jpg,,,,2025-07-23T23:59:59.999999999+01:00,PROSPECTUS,18,3,,,
30879,5601195620124,1000.0,Pedras Salgadas,"Pedras salgadas frutos vermelhos, pack 4 x 0.25 l",,2.19,2.19,1000,L,€/L,,,https://driveimg1.intermarche.com/pt/Content/images/boitmal/produit/zoom/DACC98E3A99D2D4256E058D5E52543E9.jpg,,,,2025-07-23T23:59:59.999999999+01:00,PROSPECTUS,18,3,,,
31326,5601286260437,500.0,Milaneza,"Macarrão integral com aveia, 500g",,1.39,2.78,0,kg,€/Kg,,,https://driveimg1.intermarche.com/pt/Content/images/boitmal/produit/zoom/212FB83AC9C0B84676450D6A6F562CFF.jpg,,,,2025-07-23T23:59:59.999999999+01:00,PROSPECTUS,18,3,,,
31906,4005900388537,150.0,Nivea,"Desodorizante pure & natural spray, 150 ml",,2.99,19.93,150,L,€/L,,,https://driveimg1.intermarche.com/pt/Content/images/boitmal/produit/zoom/A77E0FF1059640DB697D85A289690707.jpg,,,,2025-07-30T23:59:59.999999999+01:00,PROSPECTUS,18,3,,,
32242,5601050034714,500.0,Danone,"Danette caramel, embalagem de 4 x 125g",,2.29,4.58,0,kg,€/Kg,,,https://driveimg1.intermarche.com/pt/Content/images/boitmal/produit/zoom/4F8AABADB14EEE24EA765D7C00DDDEEF.jpg,,,,2025-07-23T23:59:59.999999999+01:00,PROSPECTUS,18,3,,,
32279,8001090229168,,Ausonia,Pensos com Abas de Noite,embalagem com 9 un.,1.94,1.94,0,,€/Unidade,,,https://driveimg1.intermarche.com/pt/Content/images/boitmal/produit/zoom/7B058B845CC4022D52A23EBEB340E566.jpg,,,,2025-07-23T23:59:59.999999999+01:00,PROSPECTUS,18,3,,,
35111,4005900388834,50.0,Nivea Men,"Desodorizante rollon cool kick, 50 ml",,2.69,53.8,50,L,€/L,,,https://driveimg1.intermarche.com/pt/Content/images/boitmal/produit/zoom/691A994E096586847CC8AF87A4722A9D.jpg,,,,2025-07-30T23:59:59.999999999+01:00,PROSPECTUS,18,3,,,
35138,5603722517655,960.0,Mimosa,"Iogurte sólido aroma morango, ananás e banana, 8 x 120 g",,1.89,1.97,0,kg,€/Kg,,,https://driveimg1.intermarche.com/pt/Content/images/boitmal/produit/zoom/7070B93AC2DB23DCF61734D801E40E6D.jpg,,,,2025-07-23T23:59:59.999999999+01:00,PROSPECTUS,18,3,,,
35147,5604260282920,3000.0,Selecção de Enófilos,Vinho Branco Regional Alentejano 3L,,5.49,1.83,3000,L,€/L,,,https://driveimg1.intermarche.com/pt/Content/images/boitmal/produit/zoom/83F5A8EE913F62A4CECF537776BF250E.jpg,,,,2025-07-23T23:59:59.999999999+01:00,PROSPECTUS,18,3,,,
35578,8435495808626,4250.0,A+,Detergente líquido máquina de lavar roupa fresh sensation,85 doses,11.99,2.82,4250,L,€/L,,,https://driveimg1.intermarche.com/pt/Content/images/boitmal/produit/zoom/90416C87F2F243E7A70CD5033F0CF334.jpg,,,,2025-07-23T23:59:59.999999999+01:00,PROSPECTUS,18,3,,,
35671,5601012005998,750.0,Trinca Bolotas,"Vinho branco região do alentejo, garrafa de 0.75 l",,5.24,6.99,750,L,€/L,,,https://driveimg1.intermarche.com/pt/Content/images/boitmal/produit/zoom/C38BF9D94EE4AAB110C5F8E0E4027E42.jpg,,,,2025-07-23T23:59:59.999999999+01:00,PROSPECTUS,18,3,,,
35675,3600542226295,400.0,Ambre Solaire,Leite hidratante aloe vera after sun,Embalagem de 400 ml,10.19,25.48,400,L,€/L,,,https://driveimg1.intermarche.com/pt/Content/images/boitmal/produit/zoom/C3175C4A6B94CF0DD288851A7336D73C.jpg,,,,2025-07-30T23:59:59.999999999+01:00,PROSPECTUS,18,3,,,
35705,3021768203615,360.0,Gogo,"Conjunto de saquetas de fruta maçã e morango, embalagem de 4 x 90g",,2.69,7.47,0,kg,€/Kg,,,https://driveimg1.intermarche.com/pt/Content/images/boitmal/produit/zoom/50D9F740E1739930D14334FC3B6F4DCC.jpg,,,,2025-07-23T23:59:59.999999999+01:00,PROSPECTUS,18,3,,,
35824,5604260292158,,PorSi,Papel Higiénico 2 Folhas Compacto 18 Rolos,,6.79,6.79,0,,€/Unidade,,,https://driveimg1.intermarche.com/pt/Content/images/boitmal/produit/zoom/4689CBD2009C13E1DAEC5A2843608B81.jpg,,,,2025-07-23T23:59:59.999999999+01:00,PROSPECTUS,18,3,,,
36774,5604260300686,640.0,PorSi,Iogurte Líquido Stracciatella 4X160G,,1.29,2.02,0,kg,€/Kg,,,https://driveimg1.intermarche.com/pt/Content/images/boitmal/produit/zoom/6CC82B08FFB7D4379F1B37DDDE2A4AE9.jpg,,,,2025-07-23T23:59:59.999999999+01:00,PROSPECTUS,18,3,,,
36910,5604260326068,,PorSi,Fraldas agility T6 para + de 17 kg,30 unidades,5.69,5.69,0,,€/Unidade,,,https://driveimg1.intermarche.com/pt/Content/images/boitmal/produit/zoom/2D6509B4067EF4A8937FE7D6911507B8.jpg,,,,2025-07-23T23:59:59.999999999+01:00,PROSPECTUS,18,3,,,
37444,7613036955799,250.0,Nestum,"Nestum zero mel, embalagem de 250g",,2.24,8.96,0,kg,€/Kg,,,https://driveimg1.intermarche.com/pt/Content/images/boitmal/produit/zoom/5B200610F8E9504D3552A7693F67BE32.jpg,,,,2025-07-23T23:59:59.999999999+01:00,PROSPECTUS,18,3,,,
37945,3574661428055,500.0,Johnson's Baby,Loção para bebé cotton touch,500 ml,4.49,8.98,500,L,€/L,,,https://driveimg1.intermarche.com/pt/Content/images/boitmal/produit/zoom/BC7FC2B2565D49D6590451EB89761B29.jpg,,,,2025-07-30T23:59:59.999999999+01:00,PROSPECTUS,18,3,,,
38148,5603722519123,1000.0,Milhafre,Leite de Pastagem Biológico Meio Gordo,1 litro,1.18,1.18,1000,L,€/L,,Produtos Bio,https://driveimg1.intermarche.com/pt/Content/images/boitmal/produit/zoom/DCB3EAE989BC2DDA8E3D76C140D59BA5.jpg,,,,2025-07-23T23:59:59.999999999+01:00,PROSPECTUS,18,3,,,
38569,5601043111385,500.0,Espiga,"Farinha de arroz, embalagem de 500g",,0.94,1.88,0,kg,€/Kg,,,https://driveimg1.intermarche.com/pt/Content/images/boitmal/produit/zoom/28DC7EE63C94ABC2441EEA0D7A9449BD.jpg,,,,2025-07-23T23:59:59.999999999+01:00,PROSPECTUS,18,3,,,
42257,5604260308026,1500.0,PorSi,"Gel Ativo Com Lixivia 1,5L",,1.29,0.86,1500,L,€/L,,,https://driveimg1.intermarche.com/pt/Content/images/boitmal/produit/zoom/899BCDEC5E97E4EBBB105D02275610A5.jpg,,,,2025-07-23T23:59:59.999999999+01:00,PROSPECTUS,18,3,,,
42848,5604260308002,1000.0,PorSi Bio,Bebida Arroz E Amêndoa Bio 0% Açúcares Adicionados 1L,,1.59,1.59,1000,L,€/L,,,https://driveimg1.intermarche.com/pt/Content/images/boitmal/produit/zoom/81A370F69C8A1D55E5B27BE530E01F4F.jpg,,,,2025-07-23T23:59:59.999999999+01:00,PROSPECTUS,18,3,,,
42890,8001841677279,,Dodot,Fralda cueca T7 | +17 kg,Embalagem com 23 unidades,7.94,7.94,0,,€/Unidade,,,https://driveimg1.intermarche.com/pt/Content/images/boitmal/produit/zoom/82DF729F3DB69310A4FA278B62983A33.jpg,,,,2025-07-23T23:59:59.999999999+01:00,PROSPECTUS,18,3,,,
43016,5601164862401,1200.0,Somersby,"Sidra de maçã, pack 6 x 0.2 l",,4.49,3.74,1200,L,€/L,,,https://driveimg1.intermarche.com/pt/Content/images/boitmal/produit/zoom/FCDFBF5D64A9352BB7E6E300DF12194B.jpg,,,,2025-07-23T23:59:59.999999999+01:00,PROSPECTUS,18,3,,,
43027,5604260309948,2000.0,PorSi,Amaciador Concentrado Aloe Vera 2L,,1.85,0.93,2000,L,€/L,,,https://driveimg1.intermarche.com/pt/Content/images/boitmal/produit/zoom/74EDE38428346064C0CAB7C74708459C.jpg,https://driveimg1.intermarche.com/pt/Content/images/boitmal/produit/zoom/8F5D9E9881CF7344832E8C38BDD4AAAF.jpg,https://driveimg1.intermarche.com/pt/Content/images/boitmal/produit/zoom/8F5D9E9881CF7344832E8C38BDD4AAAF.jpg,,2025-07-23T23:59:59.999999999+01:00,PROSPECTUS,18,3,,,
4322,3600540623911,50.0,Narta,"Desodorizante Roll'On Invisivel, 50 ml",,2.69,53.8,50,L,€/L,,,https://driveimg1.intermarche.com/pt/Content/images/boitmal/produit/zoom/7B358F90E8AB938D60B2A3E4BFA91BD4.jpg,,,,2025-07-30T23:59:59.999999999+01:00,PROSPECTUS,18,3,,,
4336,3600540829177,50.0,Narta men,"Desodorizante roll-on ice max, 50 ml",,2.69,53.8,50,L,€/L,,,https://driveimg1.intermarche.com/pt/Content/images/boitmal/produit/zoom/8A7B058665413D7866DE90820606363F.jpg,,,,2025-07-30T23:59:59.999999999+01:00,PROSPECTUS,18,3,,,
43646,8710847961182,360.0,Linic,"Champô para homem anti caspa controlo de oleosidade, embalagem de 360 ml",,4.94,13.72,360,L,€/L,,,https://driveimg1.intermarche.com/pt/Content/images/boitmal/produit/zoom/4EC0FE1518ACC7EF03C938B6AC4530E4.jpg,,,,2025-07-30T23:59:59.999999999+01:00,PROSPECTUS,18,3,,,
43702,5604260296057,,PorSi,Sacos Para Sandes X100,,1.85,1.85,0,,€/Unidade,,,https://driveimg1.intermarche.com/pt/Content/images/boitmal/produit/zoom/E702DD9D0B7A7181BDBCB536A078DB04.jpg,,,,2025-07-23T23:59:59.999999999+01:00,PROSPECTUS,18,3,,,
4382,3600541314139,250.0,Garnier,Champô Ultra Suave gama maravilhosa,Embalagem de 250 ml,2.84,11.36,250,L,€/L,,,https://driveimg1.intermarche.com/pt/Content/images/boitmal/produit/zoom/A134B08CEB89A5E9538BAC452F51E2A2.jpg,,,,2025-07-30T23:59:59.999999999+01:00,PROSPECTUS,18,3,,,
43903,3600522107385,150.0,L'oreal Men Expert,Desodorizante Spray Carbon Ice,Embalagem de 150 ml,2.99,19.93,150,L,€/L,,,https://driveimg1.intermarche.com/pt/Content/images/boitmal/produit/zoom/D440A2BDB65E62CF7FEFD9145C107680.jpg,,,,2025-07-30T23:59:59.999999999+01:00,PROSPECTUS,18,3,,,
43921,5604260295951,,PorSi,Papel Aluminio 50 Mts,,4.29,4.29,0,,€/Unidade,,,https://driveimg1.intermarche.com/pt/Content/images/boitmal/produit/zoom/CA56DCA8E667097161D51677A8C6FEE3.jpg,,,,2025-07-23T23:59:59.999999999+01:00,PROSPECTUS,18,3,,,
43926,5604260296019,,PorSi,15 Saco Zip 27X28 Cm,,1.05,1.05,0,,€/Unidade,,,https://driveimg1.intermarche.com/pt/Content/images/boitmal/produit/zoom/CE4D533DA7ADADBD030504026CAD58E4.jpg,,,,2025-07-23T23:59:59.999999999+01:00,PROSPECTUS,18,3,,,
43927,5604260296026,,PorSi,10 Saco Zip 30X40 Cm,,1.99,1.99,0,,€/Unidade,,,https://driveimg1.intermarche.com/pt/Content/images/boitmal/produit/zoom/F5F43FB7C40012660BF7B47203CC3491.jpg,,,,2025-07-23T23:59:59.999999999+01:00,PROSPECTUS,18,3,,,
4409,3600550266917,200.0,Narta,"Desodorizante spray, protect.5",Embalagem de 200 ml,2.69,13.45,200,L,€/L,,,https://driveimg1.intermarche.com/pt/Content/images/boitmal/produit/zoom/7C71A1978C10610C24EF8E897CF38176.jpg,,,,2025-07-30T23:59:59.999999999+01:00,PROSPECTUS,18,3,,,
44295,5601163080714,330.0,Luso,"Água sem gás, garrafa de 330 ml",,0.36,1.09,330,L,€/L,,,https://driveimg1.intermarche.com/pt/Content/images/boitmal/produit/zoom/B86A54C3A1C1F94A10C49307949976CF.jpg,,,,2025-07-23T23:59:59.999999999+01:00,PROSPECTUS,18,3,,,
44391,4054596822276,,Scotch Brite,"Esfregão com Esponja Cores Não Risca Gama delicate, 2 unidades",,1.64,1.64,0,,€/Unidade,,,https://driveimg1.intermarche.com/pt/Content/images/boitmal/produit/zoom/10F391446C95BCDB2764571D41FD4276.jpg,,,,2025-07-23T23:59:59.999999999+01:00,PROSPECTUS,18,3,,,
44572,8428076000274,,Veet,"Bandas de cera depilatória facial, 20 unidades",,5.59,5.59,20,,€/Unidade,,,https://driveimg1.intermarche.com/pt/Content/images/boitmal/produit/zoom/E951B24A3D70BB41B7981A63AEB1A171.jpg,,,,2025-07-30T23:59:59.999999999+01:00,PROSPECTUS,18,3,,,
44737,5601119354302,220.0,Nobre,"Fiambre da perna extra fatias clássicas, embalagem de 220g",,3.19,14.5,0,kg,€/Kg,,,https://driveimg1.intermarche.com/pt/Content/images/boitmal/produit/zoom/0D486DE2CCCCBA52E4E92F94A172B438.jpg,,,,2025-07-23T23:59:59.999999999+01:00,PROSPECTUS,18,3,,,
44902,5601286248787,500.0,Milaneza,"Massa conchas, 500g",,1.04,2.08,0,kg,€/Kg,,,https://driveimg1.intermarche.com/pt/Content/images/boitmal/produit/zoom/47B035D4D71BAB8FACEBBDD297C9B9B8.jpg,,,,2025-07-23T23:59:59.999999999+01:00,PROSPECTUS,18,3,,,
45380,5601050036954,620.0,Danone,"Iogurte magro corpos danone líquido frutos tropicais, 4 x 155 g",,1.89,3.05,0,kg,€/Kg,,,https://driveimg1.intermarche.com/pt/Content/images/boitmal/produit/zoom/231284A4A018EB1BDB97D1E53DC7ECFE.jpg,,,,2025-07-23T23:59:59.999999999+01:00,PROSPECTUS,18,3,,,
45709,5604260315543,400.0,PorSi,Alimento Humido Gato Almondega Aves 400G,,0.89,2.23,0,kg,€/Kg,,,https://driveimg1.intermarche.com/pt/Content/images/boitmal/produit/zoom/013746A7C670F854414E2EA5DF08FD00.jpg,,,,2025-07-23T23:59:59.999999999+01:00,PROSPECTUS,18,3,,,
46684,7622201492786,110.0,Milka,Mini wafers,Embalagem de 110g,1.84,16.73,0,kg,€/Kg,,,https://driveimg1.intermarche.com/pt/Content/images/boitmal/produit/zoom/5A4B58C929B438FD3034F37245F01EB5.jpg,,,,2025-07-23T23:59:59.999999999+01:00,PROSPECTUS,18,3,,,
46809,8410500003654,480.0,Danone,"Iogurte pedaços ananás 0% matéria gorda/açúcares, 4 x 120g",,2.29,4.77,0,kg,€/Kg,,,https://driveimg1.intermarche.com/pt/Content/images/boitmal/produit/zoom/C5004E9DBEAF936868B3A5D6C5C858E9.jpg,,,,2025-07-23T23:59:59.999999999+01:00,PROSPECTUS,18,3,,,
46828,5601195650121,1000.0,Pedras Salgadas,"Água com gás tangerina, pack 4 x 25 cl",,2.19,2.19,1000,L,€/L,,,https://driveimg1.intermarche.com/pt/Content/images/boitmal/produit/zoom/C741A105A5ADD4B4B95BF633150AA653.jpg,,,,2025-07-23T23:59:59.999999999+01:00,PROSPECTUS,18,4,,,
46871,8411660000224,,Sanytol,"Toalhitas desinfetantes, 36 unidades",,2.49,2.49,0,,€/Unidade,,,https://driveimg1.intermarche.com/pt/Content/images/boitmal/produit/zoom/4B0437D5536C9ECA61CD0C9A016E01DD.jpg,,,,2025-07-23T23:59:59.999999999+01:00,PROSPECTUS,18,4,,,
47615,7613287080080,228.0,Purina Gourmet,Alimento húmido de salmão para gato,4 x 57 g,2.59,11.36,0,kg,€/Kg,,,https://driveimg1.intermarche.com/pt/Content/images/boitmal/produit/zoom/54B383D352A5B7C736D9B1C657AB3C04.jpg,,,,2025-07-23T23:59:59.999999999+01:00,PROSPECTUS,18,4,,,
47616,7613287079787,228.0,Purina Gourmet,"Alimento húmido de frango para gato, 4 x 57 g",,2.59,11.36,0,kg,€/Kg,,,https://driveimg1.intermarche.com/pt/Content/images/boitmal/produit/zoom/C0E5D0DE5C8CD3A6568A7211CF1CC79F.jpg,,,,2025-07-23T23:59:59.999999999+01:00,PROSPECTUS,18,4,,,
47845,5604260320271,126.0,PorSi,Barras De Cereais Forma Arandos 126G,,1.39,11.03,0,kg,€/Kg,,,https://driveimg1.intermarche.com/pt/Content/images/boitmal/produit/zoom/510BAB6DC94E26303B168B0AE32B380D.jpg,,,,2025-07-23T23:59:59.999999999+01:00,PROSPECTUS,18,4,,,
47945,3600551049113,50.0,Narta men,Desodorizante roll-on invisível 0%,Embalagem de 50 ml,2.69,53.8,50,L,€/L,,,https://driveimg1.intermarche.com/pt/Content/images/boitmal/produit/zoom/07163EF0A2B2A1957A50A10CA355352B.jpg,,,,2025-07-30T23:59:59.999999999+01:00,PROSPECTUS,18,4,,,
48426,4005900845702,50.0,Nivea Men,"Desodorizante roll on cool kick, 50 ml",,2.69,53.8,50,L,€/L,,,https://driveimg1.intermarche.com/pt/Content/images/boitmal/produit/zoom/9A906FA410C547B80F0C3BC1C3C86CB6.jpg,,,,2025-07-30T23:59:59.999999999+01:00,PROSPECTUS,18,4,,,
48722,8000500359488,90.0,Ferrero Rocher,"Tablete chocolate de leite e avelã, embalagem de 90g",,1.99,22.11,0,kg,€/Kg,,,https://driveimg1.intermarche.com/pt/Content/images/boitmal/produit/zoom/4394EAB95C5A9437834045AF235811EA.jpg,,,,2025-07-23T23:59:59.999999999+01:00,PROSPECTUS,18,4,,,
49085,5604260323555,300.0,PorSi,Rissois De Camarao 300G,,1.29,4.3,0,kg,€/Kg,,Tipo de stockagem,https://driveimg1.intermarche.com/pt/Content/images/boitmal/produit/zoom/27AD02C29085241986914670AC32532C.jpg,,,,2025-07-23T23:59:59.999999999+01:00,PROSPECTUS,18,4,,,
49179,3600524029661,300.0,Elvive,Condicionador Hidra Hialurónico,300 ml,3.89,12.97,300,L,€/L,,,https://driveimg1.intermarche.com/pt/Content/images/boitmal/produit/zoom/358E669EEAD046E20A951D3F73537685.jpg,,,,2025-07-30T23:59:59.999999999+01:00,PROSPECTUS,18,4,,,
49334,8712100889288,270.0,Olá,Solero exotic 3x90ml,,1.99,7.37,270,L,€/L,,Tipo de stockagem,https://driveimg1.intermarche.com/pt/Content/images/boitmal/produit/zoom/CBA3F8F869AC87BD3FC1AC526946C417.jpg,,,,2025-07-23T23:59:59.999999999+01:00,PROSPECTUS,18,4,,,
49335,8711327326750,270.0,Olá,Solero mpk red berries 3x90ml,,1.99,7.37,270,L,€/L,,Tipo de stockagem,https://driveimg1.intermarche.com/pt/Content/images/boitmal/produit/zoom/AE67DE344F885AB0380E7773FB61B722.jpg,,,,2025-07-23T23:59:59.999999999+01:00,PROSPECTUS,18,4,,,
49435,8410199023100,150.0,LayS,"Batata sabor paprika, embalagem de 150g",,1.44,9.6,0,kg,€/Kg,,,https://driveimg1.intermarche.com/pt/Content/images/boitmal/produit/zoom/D5BFDD8412786A29E8003F0708746317.jpg,,,,2025-07-23T23:59:59.999999999+01:00,PROSPECTUS,18,4,,,
49588,4005900911568,270.0,Nivea Sun,Spray Solar para Crianças FP50+,Embalagem de 270 ml,14.59,54.04,270,L,€/L,,,https://driveimg1.intermarche.com/pt/Content/images/boitmal/produit/zoom/DB6852274B99EA013FD080D7A3847BA0.jpg,,,,2025-07-30T23:59:59.999999999+01:00,PROSPECTUS,18,4,,,
49725,5010867204928,750.0,Altano,Vinho Branco do Douro,Garrafa de 750 ml,3.99,5.32,750,L,€/L,,,https://driveimg1.intermarche.com/pt/Content/images/boitmal/produit/zoom/C91C03F9F077EA41B3D75A3393D28939.jpg,,,,2025-07-23T23:59:59.999999999+01:00,PROSPECTUS,18,4,,,
49762,5601050037562,460.0,Danone,"Iogurte com cereais activia, 4x115g",,2.39,5.2,0,kg,€/Kg,,,https://driveimg1.intermarche.com/pt/Content/images/boitmal/produit/zoom/51EAF4A53D8366A31634F35574981BCB.jpg,,,,2025-07-23T23:59:59.999999999+01:00,PROSPECTUS,18,4,,,
49863,5601050037586,300.0,Yopro,"Iogurte líquido proteína stracciatella yopro, 300g",,1.99,6.63,0,kg,€/Kg,,,https://driveimg1.intermarche.com/pt/Content/images/boitmal/produit/zoom/1558AE82D926635451B8A68C3DB832E8.jpg,,,,2025-07-23T23:59:59.999999999+01:00,PROSPECTUS,18,4,,,
49897,4005900911629,270.0,Nivea Sun,"Protetor solar spray protect & moisture hidratante spf50+, 270ml",,13.99,51.81,270,L,€/L,,,https://driveimg1.intermarche.com/pt/Content/images/boitmal/produit/zoom/682A3477E06D79E1FE5ADE92095B440C.jpg,,,,2025-07-30T23:59:59.999999999+01:00,PROSPECTUS,18,4,,,
50020,8719200231832,225.0,ProActiv,"Creme vegetal para barrar, embalagem de 225g",,2.99,13.29,0,kg,€/Kg,,,https://driveimg1.intermarche.com/pt/Content/images/boitmal/produit/zoom/F94DBCC3BE2E0CDFC23A23D9C701C359.jpg,,,,2025-07-23T23:59:59.999999999+01:00,PROSPECTUS,18,4,,,
5026,5601028005876,,Renova,"Papel higiénico, creme, com 4 folhas, 12 rolos",1 embalagem,5.39,5.39,0,,€/Unidade,,,https://driveimg1.intermarche.com/pt/Content/images/boitmal/produit/zoom/E6722E311060796AA81787C1C232658A.jpg,https://driveimg1.intermarche.com/pt/Content/images/boitmal/produit/zoom/EEB6B8854A476B4559E7FD52C556019B.jpg,https://driveimg1.intermarche.com/pt/Content/images/boitmal/produit/zoom/EC6D6AEFDA8F102AB7AD981A6FE1DF3D.jpg,https://driveimg1.intermarche.com/pt/Content/images/boitmal/produit/zoom/4D80E42D594B9B39C4E3A0F89DD5FDA3.jpg,2025-07-23T23:59:59.999999999+01:00,PROSPECTUS,18,4,,,
50294,5604260325023,400.0,Labell Men,Gel Banho Sensitive Homem,400 ml,1.29,3.23,400,L,€/L,,,https://driveimg1.intermarche.com/pt/Content/images/boitmal/produit/zoom/5B9F96105CFA5DF095AE5220B7BEA7F8.jpg,,,,2025-07-30T23:59:59.999999999+01:00,PROSPECTUS,18,4,,,
5031,5601028008778,,Renova,"Papel higiénico deco /4 folhas, embalagem 12 rolos",,5.39,5.39,12,,€/Unidade,,,https://driveimg1.intermarche.com/pt/Content/images/boitmal/produit/zoom/40255AA0E0A26CE7985BEAB27DB725FB.jpg,,,,2025-07-23T23:59:59.999999999+01:00,PROSPECTUS,18,4,,,
50367,5604260326129,300.0,PorSi,Rissois De Pescada 300G,,1.14,3.8,0,kg,€/Kg,,Tipo de stockagem,https://driveimg1.intermarche.com/pt/Content/images/boitmal/produit/zoom/D16961E3B0472C56A6806953B459DF1C.jpg,,,,2025-07-23T23:59:59.999999999+01:00,PROSPECTUS,18,4,,,
50458,5603722521003,160.0,Mimosa,"Manteiga com sal, 160g",,2.24,14.0,0,kg,€/Kg,,,https://driveimg1.intermarche.com/pt/Content/images/boitmal/produit/zoom/09C6645B0E41FE4C659D6FBAFCE3C138.jpg,,,,2025-07-23T23:59:59.999999999+01:00,PROSPECTUS,18,4,,,
5060,5601036301441,250.0,Garnier,Champô Ultra Suave camomila,Embalagem de 250 ml,2.94,11.76,250,L,€/L,,,https://driveimg1.intermarche.com/pt/Content/images/boitmal/produit/zoom/5DE593698EC056D02CA5F4C6A74ADE87.jpg,,,,2025-07-30T23:59:59.999999999+01:00,PROSPECTUS,18,4,,,
51250,8445290287229,30.0,Maggi,"Molho suculento entrecosto no forno com pimentão doce, alho e mel, 30g",,0.89,29.67,0,kg,€/Kg,,,https://driveimg1.intermarche.com/pt/Content/images/boitmal/produit/zoom/68CDA71560F39F4BC908CB18542B7C9D.jpg,,,,2025-07-23T23:59:59.999999999+01:00,PROSPECTUS,18,4,,,
51279,5602348103709,650.0,Izidoro,"Salsicha aves 9 unidades izidoro, embalagem de 360g",,2.89,4.45,0,kg,€/Kg,,,https://driveimg1.intermarche.com/pt/Content/images/boitmal/produit/zoom/6B9158791C3A03CA7863EA4B794B6564.jpg,,,,2025-07-23T23:59:59.999999999+01:00,PROSPECTUS,18,4,,,
5135,5601077111023,750.0,Velhotes,"Vinho do porto tawny, garrafa de 0,75 l",,5.49,7.32,750,L,€/L,,,https://driveimg1.intermarche.com/pt/Content/images/boitmal/produit/zoom/C1D5B8EA9BF6276DDBD0FBBB4AE1E08B.jpg,,,,2025-07-23T23:59:59.999999999+01:00,PROSPECTUS,18,4,,,
51419,0000042417637,100.0,Nivea,"Creme Mãos Intensivo, 100ml",,3.49,34.9,100,L,€/L,,,https://driveimg1.intermarche.com/pt/Content/images/boitmal/produit/zoom/2139FB574ABB488E822D409E5751CB0E.jpg,,,,2025-07-30T23:59:59.999999999+01:00,PROSPECTUS,18,4,,,
51505,8006540347058,200.0,Pantene,Espuma Volume Perfeito,Embalagem de 200 ml,3.99,19.95,200,L,€/L,,,https://driveimg1.intermarche.com/pt/Content/images/boitmal/produit/zoom/813E82BB5BF971731625EC7946D052E4.jpg,,,,2025-07-30T23:59:59.999999999+01:00,PROSPECTUS,18,4,,,
51575,5604260326044,,PorSi,Fraldas para bebé agilidade T4 9-15kg,50 unidades,6.69,6.69,0,,€/Unidade,,,https://driveimg1.intermarche.com/pt/Content/images/boitmal/produit/zoom/4A25E4A3651A040A2058DC5D78463847.jpg,,,,2025-07-23T23:59:59.999999999+01:00,PROSPECTUS,18,4,,,
51623,8445290099426,800.0,Purina One,Ração seca para gato esterilizado vaca,Embalagem de 800g,5.59,6.99,0,kg,€/Kg,,,https://driveimg1.intermarche.com/pt/Content/images/boitmal/produit/zoom/913C6E752F1EE698DDE3304A8611D873.jpg,,,,2025-07-23T23:59:59.999999999+01:00,PROSPECTUS,18,4,,,
51685,5604260326921,500.0,Labell,"Champô Arroz e Aveia Cabelos Delicados, 500ml",,2.39,4.78,500,L,€/L,,,https://driveimg1.intermarche.com/pt/Content/images/boitmal/produit/zoom/87106163E0CA4EB1CCD61B5E7078AE5B.jpg,,,,2025-07-30T23:59:59.999999999+01:00,PROSPECTUS,18,4,,,
51873,7613287159373,50.0,Felix,Felix naturallydelicious smn&spin8xit,Embalagem de 50g,1.49,29.8,0,kg,€/Kg,,,https://driveimg1.intermarche.com/pt/Content/images/boitmal/produit/zoom/1F650E789604BB4672D08543278D3D08.jpg,,,,2025-07-23T23:59:59.999999999+01:00,PROSPECTUS,18,4,,,
51890,4005900966292,50.0,Nivea,"Creme de noite cellular filler extra firmeza , 50 ml",,14.94,298.8,50,L,€/L,,,https://driveimg1.intermarche.com/pt/Content/images/boitmal/produit/zoom/550D697245B4B830118B6178D50A3A03.jpg,,,,2025-07-30T23:59:59.999999999+01:00,PROSPECTUS,18,4,,,
51926,4005900755759,400.0,Nivea Sun,Loção After Sun Moisture,Garrafa de 400 ml,11.39,28.48,400,L,€/L,,,https://driveimg1.intermarche.com/pt/Content/images/boitmal/produit/zoom/5621215E42AE5050B657D7FE9C41236C.jpg,,,,2025-07-30T23:59:59.999999999+01:00,PROSPECTUS,18,4,,,
52083,4005900808585,200.0,Nivea Sun,Nivea sun protect & bronze protetor solar bronzeado natural spray fp50,Garrafa de 200 ml,12.99,64.95,200,L,€/L,,,https://driveimg1.intermarche.com/pt/Content/images/boitmal/produit/zoom/2C7E909B322D095BCDE27FD7ECC4B17D.jpg,,,,2025-07-30T23:59:59.999999999+01:00,PROSPECTUS,18,4,,,
52303,8006540346938,250.0,Pantene,Laca Cabelo Fixação Ultra Forte,Embalagem de 250ml,3.99,15.96,250,L,€/L,,,https://driveimg1.intermarche.com/pt/Content/images/boitmal/produit/zoom/6632C78C08E207404CB393768CB4FAD2.jpg,,,,2025-07-30T23:59:59.999999999+01:00,PROSPECTUS,18,4,,,
52317,8720181213854,200.0,Rexona men,"Desodorizante spray men invisible 72h, embalagem de 200ml",,3.29,16.45,200,L,€/L,,,https://driveimg1.intermarche.com/pt/Content/images/boitmal/produit/zoom/5E8C6ACC0717D3191FDDFB855F93AA9E.jpg,,,,2025-07-30T23:59:59.999999999+01:00,PROSPECTUS,18,4,,,
52365,5605480002244,,Veet,Bandas Depilatórias Cera Fria Facial Expert Pele Sensível,Embalagem de 16 unidades,5.94,5.94,0,,€/Unidade,,,https://driveimg1.intermarche.com/pt/Content/images/boitmal/produit/zoom/C3C30686BBCB2CBBE3210805E2603B95.jpg,,,,2025-07-30T23:59:59.999999999+01:00,PROSPECTUS,18,4,,,
52880,8719200267794,450.0,Becel,"Creme vegetal de barrar com sabor a manteiga, 450g",,3.56,7.91,0,kg,€/Kg,,,https://driveimg1.intermarche.com/pt/Content/images/boitmal/produit/zoom/E2EFE8BE5E96AF9FCA9D840059BF696C.jpg,https://driveimg1.intermarche.com/pt/Content/images/boitmal/produit/zoom/287D301C66C180312FAA8A3BAE7EA710.jpg,https://driveimg1.intermarche.com/pt/Content/images/boitmal/produit/zoom/287D301C66C180312FAA8A3BAE7EA710.jpg,https://driveimg1.intermarche.com/pt/Content/images/boitmal/produit/zoom/287D301C66C180312FAA8A3BAE7EA710.jpg,2025-07-23T23:59:59.999999999+01:00,PROSPECTUS,18,4,,,
52915,8720181202469,150.0,Dove,"Desodorizante spray maracujá 48h, 150 ml",,2.99,19.93,150,L,€/L,,,https://driveimg1.intermarche.com/pt/Content/images/boitmal/produit/zoom/25021F700ABB06C4D25D220630EF9384.jpg,,,,2025-07-30T23:59:59.999999999+01:00,PROSPECTUS,18,4,,,
52917,8720181291869,150.0,Dove,"Desodorizante spray invisible care 72h, 150 ml",,3.59,23.93,150,L,€/L,,,https://driveimg1.intermarche.com/pt/Content/images/boitmal/produit/zoom/E4C7316630BB7D9EE2823582CE682A3C.jpg,,,,2025-07-30T23:59:59.999999999+01:00,PROSPECTUS,18,4,,,
52918,8720181291586,150.0,Dove,"Desodorizante spray invisible care 72h, 150 ml",,3.59,23.93,150,L,€/L,,,https://driveimg1.intermarche.com/pt/Content/images/boitmal/produit/zoom/857B98CCCDBB38131F9C3BD8A643242E.jpg,,,,2025-07-30T23:59:59.999999999+01:00,PROSPECTUS,18,4,,,
52957,5449000273666,1000.0,Coca-Cola,Refrigerante zero com gás lima de 1 litro,,1.22,1.22,1000,L,€/L,,,https://driveimg1.intermarche.com/pt/Content/images/boitmal/produit/zoom/8811CE5F5F34EDCF194A9D8CB568CB91.jpg,https://driveimg1.intermarche.com/pt/Content/images/boitmal/produit/zoom/3EDDFFF905A664833A2724EDFA3DF928.jpg,https://driveimg1.intermarche.com/pt/Content/images/boitmal/produit/zoom/3EDDFFF905A664833A2724EDFA3DF928.jpg,,2025-07-23T23:59:59.999999999+01:00,PROSPECTUS,18,4,,,
52968,5601517351002,675.0,Paladin,"Maionese, 675 ml",,2.84,4.21,675,L,€/L,,,https://driveimg1.intermarche.com/pt/Content/images/boitmal/produit/zoom/3B17C51E2D9E4A3D3894C2E316528412.jpg,,,,2025-07-23T23:59:59.999999999+01:00,PROSPECTUS,18,4,,,
53231,8445290752475,180.0,Cerelac,"Farinha não láctea 0% açúcar multicereais, 180g",,2.24,12.44,0,kg,€/Kg,,,https://driveimg1.intermarche.com/pt/Content/images/boitmal/produit/zoom/A7BFFF2BFEADB396EE2B5E590CBA9878.jpg,,,,2025-07-23T23:59:59.999999999+01:00,PROSPECTUS,18,4,,,
53262,8711327597761,360.0,Cornetto,"Gelado filipinos, 4 x 90ml",,3.89,10.81,360,L,€/L,,Tipo de stockagem,https://driveimg1.intermarche.com/pt/Content/images/boitmal/produit/zoom/187A9562E86FFB8D917A1C414ECC4EB3.jpg,https://driveimg1.intermarche.com/pt/Content/images/boitmal/produit/zoom/B06A234868C6C8C0E9F6DD974D43ACB2.jpg,https://driveimg1.intermarche.com/pt/Content/images/boitmal/produit/zoom/B06A234868C6C8C0E9F6DD974D43ACB2.jpg,,2025-07-23T23:59:59.999999999+01:00,PROSPECTUS,18,4,,,
53280,5606293045954,312.0,Vitacress,"Salada italiana com frango e pesto, 312g",,3.59,11.51,0,kg,€/Kg,,,https://driveimg1.intermarche.com/pt/Content/images/boitmal/produit/zoom/87FD9FF0DA442129C6528B67BBDDE812.jpg,,,,2025-07-23T23:59:59.999999999+01:00,PROSPECTUS,18,4,,,
53292,8719200265424,450.0,Becel,"Creme vegetal culinária, 450g",,2.49,5.53,0,kg,€/Kg,,,https://driveimg1.intermarche.com/pt/Content/images/boitmal/produit/zoom/731104623BFBA291592C36763AD2ACB6.jpg,https://driveimg1.intermarche.com/pt/Content/images/boitmal/produit/zoom/FE0F50DA9FD82BB1CA28828D6783A017.jpg,https://driveimg1.intermarche.com/pt/Content/images/boitmal/produit/zoom/FE0F50DA9FD82BB1CA28828D6783A017.jpg,https://driveimg1.intermarche.com/pt/Content/images/boitmal/produit/zoom/FE0F50DA9FD82BB1CA28828D6783A017.jpg,2025-07-23T23:59:59.999999999+01:00,PROSPECTUS,18,4,,,
53430,4001683011525,,Ob,"Tampões Mini ProComfort, 32 unidades",,4.19,4.19,32,,€/Unidade,,,https://driveimg1.intermarche.com/pt/Content/images/boitmal/produit/zoom/08B9FEADD83E2A72576ABFCAED252EB6.jpg,,,,2025-07-30T23:59:59.999999999+01:00,PROSPECTUS,18,4,,,
53611,3600524075606,150.0,Elvive,Sérum Cabelo Bond Repair,Embalagem de 150ml,8.99,59.93,150,L,€/L,,,https://driveimg1.intermarche.com/pt/Content/images/boitmal/produit/zoom/D0DA1D73EACCCF1B3B6BBA5E842E47B1.jpg,,,,2025-07-30T23:59:59.999999999+01:00,PROSPECTUS,18,4,,,
