identifier,produitEan13,capacite,marque,libelle,conditionnement,prix,unitPrice,volume,typeProduit_uniteByCode,unit_value,pictogrammes_0,pictogrammes_libelleCategorie,images_0,images_1,images_2,images_3,avantages_dateFin,avantages_categorie,nro_paginas,page,images_4,images_5,images_6,images_7
37745,5604260301874,540.0,PorSi,Grão de bico,Frasco com 540 g,0.85,1.57,0,kg,€/Kg,,,https://driveimg1.intermarche.com/pt/Content/images/boitmal/produit/zoom/ABBBFB42757051E49B0E75B4C2EB061F.jpg,,,,2025-03-19T23:59:59.999999999Z,PROSPECTUS,11,1,,,,
12997,2892527000000,300.0,Legumes,Courgette Categoria II,,0.45,1.49,0,,€/Kg,,,https://driveimg1.intermarche.com/pt/Content/images/boitmal/produit/zoom/323B806C0CB557ED0F5B2CB32A998FDE.jpg,,,,2025-03-19T23:59:59.999999999Z,PROSPECTUS,11,1,,,,
13781,2892323000000,250.0,Fruta,Uva Red Globe,1 un = 250 gr  (aprox.),0.9,3.59,0,,€/Kg,,,https://driveimg1.intermarche.com/pt/Content/images/boitmal/produit/zoom/0CB9D5C0FE47F5D642EA2D42574AAC35.jpg,,,,2025-03-19T23:59:59.999999999Z,PROSPECTUS,11,1,,,,
2312,5604260271832,355.0,PorSi,Cogumelos laminados 1/2,Embalagem de 355 g,1.19,3.35,0,kg,€/Kg,,,https://driveimg1.intermarche.com/pt/Content/images/boitmal/produit/zoom/60708037644026A27C2FB6731A0DAB33.jpg,,,,2025-03-19T23:59:59.999999999Z,PROSPECTUS,11,1,,,,
13813,2892489000000,250.0,Legumes,Batata Doce,1 un = 250 gr  (aprox.),0.37,1.49,0,,€/Kg,,,https://driveimg1.intermarche.com/pt/Content/images/boitmal/produit/zoom/B0785A3D8A1A6773EB1FB43B119AC4D9.jpg,,,,2025-03-19T23:59:59.999999999Z,PROSPECTUS,11,1,,,,
8383,5601049132995,1000.0,Mimosa,"Leite uht meio gordo, embalagem de 1litro",,0.89,0.89,1000,L,€/L,,,https://driveimg1.intermarche.com/pt/Content/images/boitmal/produit/zoom/6FB52C843F677BD37D399D45BB10B38B.jpg,https://driveimg1.intermarche.com/pt/Content/images/boitmal/produit/zoom/AE810093A08CEBD60415DCC626CF5804.jpg,https://driveimg1.intermarche.com/pt/Content/images/boitmal/produit/zoom/A0562293538F541B1B99592AA046327B.jpg,,2025-03-19T23:59:59.999999999Z,PROSPECTUS,11,1,,,,
13934,2891062000000,250.0,Porco,Rojões,1 un = 250 gr  (aprox.),1.0,3.99,0,,€/Kg,,,https://driveimg1.intermarche.com/pt/Content/images/boitmal/produit/zoom/925F2FDC1F925A7FD71EE6165315B22E.jpg,,,,2025-03-19T23:59:59.999999999Z,PROSPECTUS,11,1,,,,
13947,2891125000000,150.0,Peru,Espetadas de Peru,1 un = 150 gr (aprox.),0.97,6.49,0,,€/Kg,,,https://driveimg1.intermarche.com/pt/Content/images/boitmal/produit/zoom/7051DD49B64096A6B46E7815DD618A85.jpg,,,,2025-03-19T23:59:59.999999999Z,PROSPECTUS,11,1,,,,
1730,5604260000319,250.0,PorSi,"Massa cuscus, embalagem de 250g",,0.55,2.2,0,kg,€/Kg,,,https://driveimg1.intermarche.com/pt/Content/images/boitmal/produit/zoom/46EBB016676D295FEB6BDF8AF4C79600.jpg,,,,2025-03-19T23:59:59.999999999Z,PROSPECTUS,11,1,,,,
1188,5601119007970,200.0,Nobre,"Salsichas de porco, lata de 200g",,1.39,6.95,0,kg,€/Kg,,,https://driveimg1.intermarche.com/pt/Content/images/boitmal/produit/zoom/F480FC52D56464F3C1B867155F4A37B9.jpg,,,,2025-03-19T23:59:59.999999999Z,PROSPECTUS,11,1,,,,
12887,2892089000000,500.0,Fruta,Manga Barco,1 un = 500 gr (aprox.),1.15,2.29,0,,€/Kg,,,https://driveimg1.intermarche.com/pt/Content/images/boitmal/produit/zoom/7DE73DFAB226CDE947BB89C61333D3FE.jpg,,,,2025-03-19T23:59:59.999999999Z,PROSPECTUS,11,1,,,,
36926,5604260296729,200.0,PorSi,Queijo flamengo ralado,Embalagem de 200G,1.45,7.25,0,kg,€/Kg,,,https://driveimg1.intermarche.com/pt/Content/images/boitmal/produit/zoom/5080AD1409B4B037F190A3A1EC05EA5E.jpg,,,,2025-03-19T23:59:59.999999999Z,PROSPECTUS,11,1,,,,
11523,5601051410029,250.0,Primor,"Manteiga com sal, 250g",,2.09,8.36,0,kg,€/Kg,,,https://driveimg1.intermarche.com/pt/Content/images/boitmal/produit/zoom/6515E45A6FB2F6024F4DECB68FB265B3.jpg,,,,2025-03-19T23:59:59.999999999Z,PROSPECTUS,11,1,,,,
12909,2892005000000,250.0,Fruta,Laranja Económica,1 un = 250 gr  (aprox.),0.24,0.95,0,,€/Kg,,,https://driveimg1.intermarche.com/pt/Content/images/boitmal/produit/zoom/67E13FD34B36BCD37E12339EB836171D.jpg,,,,2025-03-19T23:59:59.999999999Z,PROSPECTUS,11,1,,,,
13897,2891053000000,1000.0,Porco,Lombo sem Osso,Vendido ao peso a partir de 1 kg,4.99,4.99,0,,€/Kg,,,https://driveimg1.intermarche.com/pt/Content/images/boitmal/produit/zoom/415564DA70574ED3C1D7475F1F28BDB6.jpg,,,,2025-03-19T23:59:59.999999999Z,PROSPECTUS,11,1,,,,
13950,2891145000000,100.0,Porco,Salsicha Fresca,1 un = 100 gr (aprox.),0.5,4.99,0,,€/Kg,,,https://driveimg1.intermarche.com/pt/Content/images/boitmal/produit/zoom/2E1CED7EDF010F56C2BF0E6CDF74D52B.jpg,,,,2025-03-19T23:59:59.999999999Z,PROSPECTUS,11,1,,,,
1816,5604260301775,540.0,PorSi,Feijão frade,Embalagem de 540g,0.89,1.65,0,kg,€/Kg,,,https://driveimg1.intermarche.com/pt/Content/images/boitmal/produit/zoom/F863BEC0F48D2513FC0D1879484DF975.jpg,,,,2025-03-19T23:59:59.999999999Z,PROSPECTUS,11,1,,,,
19415,5601028019798,,Renova,"Rolo de cozinha design xxl, 3 rolos",,1.99,1.99,3,,€/Unidade,,,https://driveimg1.intermarche.com/pt/Content/images/boitmal/produit/zoom/9A25E60B9B6B556C2D19CB0AC3EE543B.jpg,,,,2025-03-19T23:59:59.999999999Z,PROSPECTUS,11,1,,,,
44956,2696878000000,,Padaria,Bola de mistura centeio Baviera,90 g,0.2,0.2,0,,€/Unidade,,,https://driveimg1.intermarche.com/pt/Content/images/boitmal/produit/zoom/09DB4B39AC0AAE5D11E868A906EFB364.jpg,,,,2025-03-19T23:59:59.999999999Z,PROSPECTUS,11,1,,,,
5522,5601692071429,1000.0,Bom sucesso,"Arroz carolino, embalagem de 1 kg",,1.59,1.59,0,kg,€/Kg,,,https://driveimg1.intermarche.com/pt/Content/images/boitmal/produit/zoom/64C611B9FD96C1B21C6DBAF861284476.jpg,,,,2025-03-19T23:59:59.999999999Z,PROSPECTUS,11,1,,,,
11464,5601018003400,1000.0,Matinal,"Leite seleccionado meio gordo, de 1l",,0.98,0.98,1000,L,€/L,,,https://driveimg1.intermarche.com/pt/Content/images/boitmal/produit/zoom/5F34056BF2D07C9D39E218B31081D1FC.jpg,,,,2025-03-19T23:59:59.999999999Z,PROSPECTUS,11,1,,,,
11961,5603722505607,1000.0,Mimosa,"Leite sem lactose meio gordo, de 1l",,1.14,1.14,1000,L,€/L,,,https://driveimg1.intermarche.com/pt/Content/images/boitmal/produit/zoom/A98ED8A0E5E675A3AC1A551BCE75B0AB.jpg,https://driveimg1.intermarche.com/pt/Content/images/boitmal/produit/zoom/4E57BFE09E8D859BDBE1705476BB9F1B.jpg,https://driveimg1.intermarche.com/pt/Content/images/boitmal/produit/zoom/E1F70144AAFCC0EAEBFF05614177D009.jpg,,2025-03-19T23:59:59.999999999Z,PROSPECTUS,11,1,,,,
12998,2892529000000,200.0,Legumes,Cogumelos Granel,1 un = 200 gr (aprox.),0.8,3.99,0,,€/Kg,,,https://driveimg1.intermarche.com/pt/Content/images/boitmal/produit/zoom/21980CA05745F31B22EE237361B7FEB6.jpg,,,,2025-03-19T23:59:59.999999999Z,PROSPECTUS,11,1,,,,
34877,5604260285464,1500.0,PorSi,Maçã royal gala categoria II Programa Origens,Embalagem de 1.5 kg,1.99,1.33,0,kg,€/Kg,,,https://driveimg1.intermarche.com/pt/Content/images/boitmal/produit/zoom/F091E3663EBAE6E7A8981702DFBCC609.jpg,,,,2025-03-19T23:59:59.999999999Z,PROSPECTUS,11,1,,,,
8384,5601049133992,1000.0,Mimosa,"Leite uht magro, embalagem de 1litro",,0.89,0.89,1000,L,€/L,,,https://driveimg1.intermarche.com/pt/Content/images/boitmal/produit/zoom/128AB814EBA9C0783B386EB2E0A38CC9.jpg,https://driveimg1.intermarche.com/pt/Content/images/boitmal/produit/zoom/8C350978140C257D0AAD7365CD133F0C.jpg,https://driveimg1.intermarche.com/pt/Content/images/boitmal/produit/zoom/B9BED9F397071733FB4D36CBE39ECDBA.jpg,,2025-03-19T23:59:59.999999999Z,PROSPECTUS,11,1,,,,
9293,5603722493942,250.0,Primor,Manteiga pasteurizada com sal cuvet,Embalagem de 250g,2.14,8.56,0,kg,€/Kg,,,https://driveimg1.intermarche.com/pt/Content/images/boitmal/produit/zoom/F3F4D9FDF2A69DC31DE35D801759C2EE.jpg,,,,2025-03-19T23:59:59.999999999Z,PROSPECTUS,11,1,,,,
9315,5603722509544,1000.0,Mimosa,"Leite 0% lactose magro, de 1l",,1.14,1.14,1000,L,€/L,,,https://driveimg1.intermarche.com/pt/Content/images/boitmal/produit/zoom/0350D0DE44A653A9AB01722B06443E94.jpg,https://driveimg1.intermarche.com/pt/Content/images/boitmal/produit/zoom/DC5219EC1E15E09529E323B7D196FADA.jpg,https://driveimg1.intermarche.com/pt/Content/images/boitmal/produit/zoom/DC48BFFA4281D8016E9FB40168ED4485.jpg,,2025-03-19T23:59:59.999999999Z,PROSPECTUS,11,1,,,,
1010,5601038300091,240.0,Knorr,"Caldo de galinha 24 cubos, embalagem de 240g",,2.49,10.38,0,kg,€/Kg,,,https://driveimg1.intermarche.com/pt/Content/images/boitmal/produit/zoom/4E25834255892D5C9C1047A286FE9847.jpg,,,,2025-03-19T23:59:59.999999999Z,PROSPECTUS,11,1,,,,
12325,8410000827446,440.0,Oreo,Bolachas oreo,Embalagem de 440g,3.19,7.25,0,kg,€/Kg,,,https://driveimg1.intermarche.com/pt/Content/images/boitmal/produit/zoom/3F53CBD16C3F8F93B7B232495F61BF89.jpg,,,,2025-03-19T23:59:59.999999999Z,PROSPECTUS,11,1,,,,
12889,2892175000000,150.0,Fruta,Kiwi categoria II,1 un = 150 gr (aprox.),0.45,2.99,0,,€/Kg,,,https://driveimg1.intermarche.com/pt/Content/images/boitmal/produit/zoom/39D74C337E358C98856B0EB2FC79D7A8.jpg,,,,2025-03-19T23:59:59.999999999Z,PROSPECTUS,11,1,,,,
1322,5601163011114,5400.0,Luso,"Água sem gás, garrafa de 5,4 l",,1.77,0.33,5400,L,€/L,,,https://driveimg1.intermarche.com/pt/Content/images/boitmal/produit/zoom/AA9320932FF184911C32006B7463EC74.jpg,,,,2025-03-19T23:59:59.999999999Z,PROSPECTUS,11,1,,,,
13599,2893594000000,500.0,Peixaria,Red Fish Grande Congelado,1 un = 500 gr (aprox.),2.5,4.99,0,,€/Kg,,Avantages !,https://driveimg1.intermarche.com/pt/Content/images/boitmal/produit/zoom/A3E98972B338DCF46BAA412A17BB9B0C.jpg,,,,2025-03-19T23:59:59.999999999Z,PROSPECTUS,11,1,,,,
13852,2891020000000,100.0,Novilho,Fígado,1 un = 100 gr (aprox.),0.55,5.49,0,,€/Kg,,,https://driveimg1.intermarche.com/pt/Content/images/boitmal/produit/zoom/7F21D014BF856223502CE366D77F0F5C.jpg,,,,2025-03-19T23:59:59.999999999Z,PROSPECTUS,11,1,,,,
13956,2891205000000,50.0,Porco,Salsicha Brasileira,1 un = 50 gr (aprox.),0.25,4.99,0,,€/Kg,,,https://driveimg1.intermarche.com/pt/Content/images/boitmal/produit/zoom/F6298C19D94A9653E5F3E3E4F0DEBFCF.jpg,,,,2025-03-19T23:59:59.999999999Z,PROSPECTUS,11,1,,,,
14879,2696313000000,,Pastelaria,Croissant Brioche 85 g,,0.59,0.59,0,,€/Unidade,,,https://driveimg1.intermarche.com/pt/Content/images/boitmal/produit/zoom/53A872BBC45BBDDAC9749CC51F8CB1EC.jpg,,,,2025-03-19T23:59:59.999999999Z,PROSPECTUS,11,1,,,,
2445,5998749109113,270.0,Pedigree,"Snack dentastix grande, embalagem de 270g",,3.45,12.78,0,kg,€/Kg,,,https://driveimg1.intermarche.com/pt/Content/images/boitmal/produit/zoom/35241472DE7F17B0C520CB43E029E0A7.jpg,,,,2025-03-19T23:59:59.999999999Z,PROSPECTUS,11,1,,,,
34239,5604260285495,1500.0,PorSi,Pera rocha categoria II Programa Origens,Embalagem de 1.5 kg,2.49,1.66,0,kg,€/Kg,,,https://driveimg1.intermarche.com/pt/Content/images/boitmal/produit/zoom/F6E3096BF97BB2633EACD15A32FEACF7.jpg,https://driveimg1.intermarche.com/pt/Content/images/boitmal/produit/zoom/11ABC193A8AF1413E11E1849F00D2775.jpg,,,2025-03-19T23:59:59.999999999Z,PROSPECTUS,11,1,,,,
35138,5603722517655,960.0,Mimosa,"Iogurte sólido aroma morango, ananás e banana, 8 x 120 g",,1.89,1.97,0,kg,€/Kg,,,https://driveimg1.intermarche.com/pt/Content/images/boitmal/produit/zoom/7070B93AC2DB23DCF61734D801E40E6D.jpg,,,,2025-03-19T23:59:59.999999999Z,PROSPECTUS,11,1,,,,
37744,5604260301805,540.0,PorSi,Feijão manteiga,Frasco com 540 g,0.89,1.65,0,kg,€/Kg,,,https://driveimg1.intermarche.com/pt/Content/images/boitmal/produit/zoom/B9B74EE9D5F4C86738772A5B6758433E.jpg,,,,2025-03-19T23:59:59.999999999Z,PROSPECTUS,11,1,,,,
38049,8001841361079,340.0,Fairy,Detergente liquido para loiça limão,Embalagem de 340 ml,1.59,4.68,340,L,€/L,,,https://driveimg1.intermarche.com/pt/Content/images/boitmal/produit/zoom/891C1A351AEA276EEBCE41056BBE823B.jpg,,,,2025-03-19T23:59:59.999999999Z,PROSPECTUS,11,1,,,,
41622,5604260304585,5000.0,PorSi,Areia para gatos mineral perfumada,Embalagem de 5 kg,1.79,0.36,0,kg,€/Kg,,,https://driveimg1.intermarche.com/pt/Content/images/boitmal/produit/zoom/471523428A34BCB5DDD5150968022974.jpg,,,,2025-03-19T23:59:59.999999999Z,PROSPECTUS,11,1,,,,
45700,5604260314249,,PorSi,Detergente maquina loiça tudo em 1 limão,Embalagem de 40 cápsulas,4.59,4.59,0,,€/Unidade,,,https://driveimg1.intermarche.com/pt/Content/images/boitmal/produit/zoom/E2AF666FA080D39884D54C761B4D071C.jpg,,,,2025-03-19T23:59:59.999999999Z,PROSPECTUS,11,1,,,,
46841,5604260318940,750.0,PorSi Viva Bem,"Iogurtes magros aroma morango,  6 x 125 g",,1.2,1.6,0,kg,€/Kg,,,https://driveimg1.intermarche.com/pt/Content/images/boitmal/produit/zoom/FAE81D187B49A173052F912072180DE4.jpg,,,,2025-03-19T23:59:59.999999999Z,PROSPECTUS,11,1,,,,
47845,5604260320271,126.0,PorSi,Barras de cereais forma arandos,6 x 21 g,1.39,11.03,0,kg,€/Kg,,,https://driveimg1.intermarche.com/pt/Content/images/boitmal/produit/zoom/510BAB6DC94E26303B168B0AE32B380D.jpg,,,,2025-03-19T23:59:59.999999999Z,PROSPECTUS,11,1,,,,
5272,5601164902312,4800.0,Super Bock,"Cerveja com álcool, pack 24 x 0.20 l",,9.99,2.08,4800,L,€/L,,,https://driveimg1.intermarche.com/pt/Content/images/boitmal/produit/zoom/A98E5FF8E5DDF166F2B333F0EE0114E7.jpg,https://driveimg1.intermarche.com/pt/Content/images/boitmal/produit/zoom/C2C2858ADC421F33AF17C6115D108100.jpg,,,2025-03-19T23:59:59.999999999Z,PROSPECTUS,11,1,,,,
1014,5601043111149,1000.0,Espiga,"Farinha sem fermento tipo 65, embalagem de 1 kg",,1.29,1.29,0,kg,€/Kg,,,https://driveimg1.intermarche.com/pt/Content/images/boitmal/produit/zoom/0956112EF7C4C6A7364E7D84CAC59686.jpg,,,,2025-03-19T23:59:59.999999999Z,PROSPECTUS,11,1,,,,
11496,5601049213991,200.0,Mimosa,"Nata uht, embalagem de 200 ml",,0.99,4.95,200,L,€/L,,,https://driveimg1.intermarche.com/pt/Content/images/boitmal/produit/zoom/8FC5ABCE23EB48F851FFE29C53BFA5D9.jpg,,,,2025-03-19T23:59:59.999999999Z,PROSPECTUS,11,1,,,,
11959,5603722504945,200.0,Mimosa,"Nata para culinária ligeira, embalagem de 200 ml",,0.99,4.95,200,L,€/L,,,https://driveimg1.intermarche.com/pt/Content/images/boitmal/produit/zoom/34074ECCE8C9D0028618D923D64DF04D.jpg,,,,2025-03-19T23:59:59.999999999Z,PROSPECTUS,11,1,,,,
1287,5601151260753,410.0,Compal,"Grão de bico, lata de 410 ml",,1.09,2.66,410,L,€/L,,,https://driveimg1.intermarche.com/pt/Content/images/boitmal/produit/zoom/731C3C517063722402F07A7D8ECB2B92.jpg,,,,2025-03-19T23:59:59.999999999Z,PROSPECTUS,11,1,,,,
13523,2893515000000,250.0,Peixaria,Lula Congelada,1 un= 250 gr (aprox.),1.25,4.99,0,,€/Kg,,Avantages !,https://driveimg1.intermarche.com/pt/Content/images/boitmal/produit/zoom/B2B7BBDC4CDC3C912C9CD2FEC6D3B682.jpg,,,,2025-03-19T23:59:59.999999999Z,PROSPECTUS,11,1,,,,
13630,2893625000000,800.0,Nossa Seleção,Maruca,Congelada,7.19,8.99,0,,€/Kg,,Avantages !,https://driveimg1.intermarche.com/pt/Content/images/boitmal/produit/zoom/D10F1B147D38A26647832B3B877B06EF.jpg,,,,2025-03-19T23:59:59.999999999Z,PROSPECTUS,11,1,,,,
13884,2891106000000,2000.0,PorSi Select,Frango do Campo Inteiro c/ Miúdos Programa Origens,Vendido ao peso,8.98,4.49,0,,€/Kg,,,https://driveimg1.intermarche.com/pt/Content/images/boitmal/produit/zoom/4004CE88E12A24D0AD85684C27210FBB.jpg,,,,2025-03-19T23:59:59.999999999Z,PROSPECTUS,11,1,,,,
14372,8712100599392,550.0,Calvé,"Ketchup top down, embalagem de 550g",,2.59,4.71,0,kg,€/Kg,,,https://driveimg1.intermarche.com/pt/Content/images/boitmal/produit/zoom/6D3218F33B22BC3205033BC41E176600.jpg,https://driveimg1.intermarche.com/pt/Content/images/boitmal/produit/zoom/FE7F103C359D2D1FD7BF3FDC8DD381BA.jpg,https://driveimg1.intermarche.com/pt/Content/images/boitmal/produit/zoom/FE7F103C359D2D1FD7BF3FDC8DD381BA.jpg,https://driveimg1.intermarche.com/pt/Content/images/boitmal/produit/zoom/FE7F103C359D2D1FD7BF3FDC8DD381BA.jpg,2025-03-19T23:59:59.999999999Z,PROSPECTUS,11,1,,,,
16105,5601146703463,7500.0,Sagres,"Cerveja com álcool, pack 30 x 0.25 l",,13.85,1.85,7500,L,€/L,,,https://driveimg1.intermarche.com/pt/Content/images/boitmal/produit/zoom/03A5259A936839E6AA1FD95014E0E2CF.jpg,,,,2025-03-19T23:59:59.999999999Z,PROSPECTUS,11,1,,,,
1847,5604260301683,540.0,PorSi,Feijão branco,Embalagem de 540g,0.89,1.65,0,kg,€/Kg,,,https://driveimg1.intermarche.com/pt/Content/images/boitmal/produit/zoom/65F3549F5DD8B5CB836B8FAB01DCCC43.jpg,,,,2025-03-19T23:59:59.999999999Z,PROSPECTUS,11,1,,,,
2474,7613032408602,85.0,Purina Gourmet,"Comida húmida para gato vaca e frango, embalagem de 90g",,0.87,10.24,0,kg,€/Kg,,,https://driveimg1.intermarche.com/pt/Content/images/boitmal/produit/zoom/571C1A9D6D5EE4C101463565EC0CDDDE.jpg,,,,2025-03-19T23:59:59.999999999Z,PROSPECTUS,11,1,,,,
251,2696001000000,400.0,Padaria,Baguete,400 g,0.79,1.98,0,kg,€/Kg,,,https://driveimg1.intermarche.com/pt/Content/images/boitmal/produit/zoom/42C2E126B9E5B84C243F0668DEC3869F.jpg,,,,2025-03-19T23:59:59.999999999Z,PROSPECTUS,11,1,,,,
25108,5601226041720,750.0,Ucal,"Leite uht com chocolate, embalagem de 3 x 250 ml",,2.35,3.13,750,L,€/L,,,https://driveimg1.intermarche.com/pt/Content/images/boitmal/produit/zoom/7D29449DA2FD72495E3738757304836A.jpg,,,,2025-03-19T23:59:59.999999999Z,PROSPECTUS,11,1,,,,
25400,5601286260390,250.0,Milaneza,"Massa noodles wok, 250g",,1.38,5.52,0,kg,€/Kg,,,https://driveimg1.intermarche.com/pt/Content/images/boitmal/produit/zoom/01E6384C61AFFBED37DEF9B791682AF1.jpg,,,,2025-03-19T23:59:59.999999999Z,PROSPECTUS,11,1,,,,
26177,5603722514470,1000.0,Matinal,"Leite seleccionado leve, de 1l",,1.05,1.05,1000,L,€/L,,,https://driveimg1.intermarche.com/pt/Content/images/boitmal/produit/zoom/3414EC19C8611CE7E0D99781254117D1.jpg,,,,2025-03-19T23:59:59.999999999Z,PROSPECTUS,11,1,,,,
282,0000080361497,85.0,Purina Gourmet,"Comida húmida para gato pedacinhos em molho com salmão, embalagem de 90g",,0.87,10.24,0,kg,€/Kg,,,https://driveimg1.intermarche.com/pt/Content/images/boitmal/produit/zoom/F3269BDBEA9617D986C45DC8EC354AB3.jpg,,,,2025-03-19T23:59:59.999999999Z,PROSPECTUS,11,1,,,,
30170,5604260274956,200.0,PorSi,Alheira Especial de Trás-Os-Montes,200 g,1.39,6.95,0,kg,€/Kg,,,https://driveimg1.intermarche.com/pt/Content/images/boitmal/produit/zoom/19929337FCFE5B600DFE0ACDB988D2AA.jpg,,,,2025-03-19T23:59:59.999999999Z,PROSPECTUS,11,1,,,,
32408,5601050034967,600.0,Danone,"Danacol aveia, embalagem de 6 x 100g",,2.99,4.98,0,kg,€/Kg,,,https://driveimg1.intermarche.com/pt/Content/images/boitmal/produit/zoom/5CE656F263120C59B9C0953B21D516B7.jpg,,,,2025-03-19T23:59:59.999999999Z,PROSPECTUS,11,1,,,,
37443,7613037040869,250.0,Nestum,"Nestum zero espelta/aveia, embalagem de 250g",,2.14,8.56,0,kg,€/Kg,,,https://driveimg1.intermarche.com/pt/Content/images/boitmal/produit/zoom/BF80E2BF1A95765256612BEC5A65D8DD.jpg,,,,2025-03-19T23:59:59.999999999Z,PROSPECTUS,11,1,,,,
37512,7613036923361,250.0,Nestum,Nestum zero arroz,Embalagem de 250 g,2.99,11.96,0,kg,€/Kg,,,https://driveimg1.intermarche.com/pt/Content/images/boitmal/produit/zoom/611B100659AC37EDE48D259974C3AB31.jpg,,,,2025-03-19T23:59:59.999999999Z,PROSPECTUS,11,1,,,,
37940,8410022000032,300.0,Donuts,6 donuts classic,Embalagem com 300 g,2.99,9.97,0,kg,€/Kg,,,https://driveimg1.intermarche.com/pt/Content/images/boitmal/produit/zoom/4763C25C324D6011DC0584FB6F2F49B3.jpg,,,,2025-03-19T23:59:59.999999999Z,PROSPECTUS,11,1,,,,
40743,5604260303236,2500.0,PorSi,Batata pré-frita palitos finos,Embalagem de 2.5 kg,4.86,1.94,0,kg,€/Kg,,Tipo de stockagem,https://driveimg1.intermarche.com/pt/Content/images/boitmal/produit/zoom/8C1F058D1E72F760AB403A89545663F3.jpg,,,,2025-03-19T23:59:59.999999999Z,PROSPECTUS,11,1,,,,
41640,5604260301737,540.0,PorSi,Feijão encarnado em frasco,frasco de 540 g,0.89,1.65,0,kg,€/Kg,,,https://driveimg1.intermarche.com/pt/Content/images/boitmal/produit/zoom/C91F959C8FD02C2055DD0A1A4950A458.jpg,,,,2025-03-19T23:59:59.999999999Z,PROSPECTUS,11,1,,,,
46840,5604260318957,750.0,PorSi Viva Bem,"Iogurtes magros aroma manga,  6 x 125 g",,1.2,1.6,0,kg,€/Kg,,,https://driveimg1.intermarche.com/pt/Content/images/boitmal/produit/zoom/94673AB82AD98D45564340DC8660A87A.jpg,,,,2025-03-19T23:59:59.999999999Z,PROSPECTUS,11,1,,,,
47678,5604260319572,96.0,PorSi,Café Splendido,16 cápsulas,3.49,36.35,0,kg,€/Kg,,,https://driveimg1.intermarche.com/pt/Content/images/boitmal/produit/zoom/BE18676367C8B5BB22F7EEF5D41DB56F.jpg,,,,2025-03-19T23:59:59.999999999Z,PROSPECTUS,11,1,,,,
47842,5604260320257,138.0,PorSi,Barras de cereais com chocolate preto,6 x 23 g,1.55,11.23,0,kg,€/Kg,,,https://driveimg1.intermarche.com/pt/Content/images/boitmal/produit/zoom/D8D3FBD64602D6125EA757EC79A4CBEB.jpg,,,,2025-03-19T23:59:59.999999999Z,PROSPECTUS,11,1,,,,
48264,5604260319268,1200.0,PorSi,Comida húmida para gato adulto,Embalagem de 1.2 kg,3.49,2.91,0,kg,€/Kg,,,https://driveimg1.intermarche.com/pt/Content/images/boitmal/produit/zoom/19C43A574A237C6F71740258CF36123E.jpg,,,,2025-03-19T23:59:59.999999999Z,PROSPECTUS,11,1,,,,
52770,5604260331420,410.0,PorSi,Pizza Fiambre e Queijo em Forno de Pedra,Embalagem de 410g,2.49,6.07,0,kg,€/Kg,,,https://driveimg1.intermarche.com/pt/Content/images/boitmal/produit/zoom/016F4D84B46374F84F0E6B94E3EE8A67.jpg,,,,2025-03-19T23:59:59.999999999Z,PROSPECTUS,11,1,,,,
52771,5604260331437,410.0,PorSi,Pizza Romana em Forno de Pedra,Embalagem de 410g,2.45,5.98,0,kg,€/Kg,,,https://driveimg1.intermarche.com/pt/Content/images/boitmal/produit/zoom/5600D90A72040F0B3DF39AA1F8D17DB0.jpg,,,,2025-03-19T23:59:59.999999999Z,PROSPECTUS,11,1,,,,
52880,8719200267794,450.0,Becel,"Creme vegetal de barrar com sabor a manteiga, 450g",,3.56,7.91,0,kg,€/Kg,,,https://driveimg1.intermarche.com/pt/Content/images/boitmal/produit/zoom/E2EFE8BE5E96AF9FCA9D840059BF696C.jpg,https://driveimg1.intermarche.com/pt/Content/images/boitmal/produit/zoom/287D301C66C180312FAA8A3BAE7EA710.jpg,https://driveimg1.intermarche.com/pt/Content/images/boitmal/produit/zoom/287D301C66C180312FAA8A3BAE7EA710.jpg,https://driveimg1.intermarche.com/pt/Content/images/boitmal/produit/zoom/287D301C66C180312FAA8A3BAE7EA710.jpg,2025-03-19T23:59:59.999999999Z,PROSPECTUS,11,1,,,,
53942,5603722523298,1000.0,Matinal,"Bebida de leite sem lactose livre, 1l",,1.25,1.25,1000,L,€/L,,,https://driveimg1.intermarche.com/pt/Content/images/boitmal/produit/zoom/3F3F185EBF624903AC3031EAC11A6631.jpg,,,,2025-03-19T23:59:59.999999999Z,PROSPECTUS,11,1,,,,
544,3228881083326,30.0,Lipton,"20 saquetas chá noite tranquila, embalagem de 30g",,2.09,69.67,0,kg,€/Kg,,,https://driveimg1.intermarche.com/pt/Content/images/boitmal/produit/zoom/918429936BF1A7F518EA4E4A9580CA69.jpg,,,,2025-03-19T23:59:59.999999999Z,PROSPECTUS,11,1,,,,
6267,8016825926687,75.0,Aquafresh,Pasta dentífrica menta fresca,Embalagem de 75 ml,1.84,24.53,75,L,€/L,,,https://driveimg1.intermarche.com/pt/Content/images/boitmal/produit/zoom/5AF61545461116CEF40994D7E37A4C54.jpg,,,,2025-03-19T23:59:59.999999999Z,PROSPECTUS,11,1,,,,
7231,3059941005008,750.0,Harpic,"Gel wc tripla ação com lixívia, de 750 ml",,1.99,2.65,750,L,€/L,,,https://driveimg1.intermarche.com/pt/Content/images/boitmal/produit/zoom/709DE4E0C5656AA740292F75F71F1AE8.jpg,,,,2025-03-19T23:59:59.999999999Z,PROSPECTUS,11,1,,,,
8397,5601050016017,600.0,Danone,"Danacol morango, embalagem de 6 x 100 g",,2.99,4.98,0,kg,€/Kg,,,https://driveimg1.intermarche.com/pt/Content/images/boitmal/produit/zoom/F76543BD64340CC9668C447CAE3F75A1.jpg,,,,2025-03-19T23:59:59.999999999Z,PROSPECTUS,11,1,,,,
8537,5601119957206,120.0,Campofrio,"Peito frango forno lenha fatias clássicas, embalagem de 120g",,2.19,18.25,0,kg,€/Kg,,,https://driveimg1.intermarche.com/pt/Content/images/boitmal/produit/zoom/A5EDB423B7786C27645C35469FF56E84.jpg,,,,2025-03-19T23:59:59.999999999Z,PROSPECTUS,11,1,,,,
10274,8410436242172,1100.0,Sonasol,"Lava Tudo Brilhante Floral, embalagem 1,1l",,2.79,2.54,1100,L,€/L,,,https://driveimg1.intermarche.com/pt/Content/images/boitmal/produit/zoom/01F5925CB3ADDDABA2B9F66C7D55728C.jpg,,,,2025-03-19T23:59:59.999999999Z,PROSPECTUS,11,1,,,,
10280,8410469002781,,Colhogar,"Papel higiénico compacto ultra suave xxl, 12 rolos",,5.2,5.2,12,,€/Unidade,,,https://driveimg1.intermarche.com/pt/Content/images/boitmal/produit/zoom/25C6AA40EDFE818F3044E21D30E55D7F.jpg,,,,2025-03-19T23:59:59.999999999Z,PROSPECTUS,11,1,,,,
10509,8435250297955,256.0,Nestlé,"Iogurte mix in smarties baunilha, embalagem de 2 x 128 g",,2.09,8.16,0,kg,€/Kg,,,https://driveimg1.intermarche.com/pt/Content/images/boitmal/produit/zoom/5355941DC0922592DB9EDB46788FEE19.jpg,,,,2025-03-19T23:59:59.999999999Z,PROSPECTUS,11,1,,,,
11465,5601018003608,1000.0,Matinal,"Leite seleccionado magro, de 1l",,0.98,0.98,1000,L,€/L,,,https://driveimg1.intermarche.com/pt/Content/images/boitmal/produit/zoom/F46A1F399BBA63407EB01F30929F5649.jpg,,,,2025-03-19T23:59:59.999999999Z,PROSPECTUS,11,1,,,,
11503,5601050019100,600.0,Danone,"Danacol frutos exóticos, embalagem de 6 x 100 g",,2.99,4.98,0,kg,€/Kg,,,https://driveimg1.intermarche.com/pt/Content/images/boitmal/produit/zoom/2A16EAD58E7A10ECD338C77C33D25273.jpg,,,,2025-03-19T23:59:59.999999999Z,PROSPECTUS,11,1,,,,
11522,5601050207750,1200.0,Danone,"Iogurte danacol de morango, embalagem de 12 x 100 g",,5.79,4.83,0,kg,€/Kg,,,https://driveimg1.intermarche.com/pt/Content/images/boitmal/produit/zoom/10BA36D674585833A0006F09517047AF.jpg,,,,2025-03-19T23:59:59.999999999Z,PROSPECTUS,11,1,,,,
11633,5601174190006,750.0,Periquita,"Vinho branco península de setúbal, garrafa de 0.75 l",,3.59,4.79,750,L,€/L,,,https://driveimg1.intermarche.com/pt/Content/images/boitmal/produit/zoom/7F698CDCE756F256CBB293491AD7CEE7.jpg,,,,2025-03-19T23:59:59.999999999Z,PROSPECTUS,11,1,,,,
11688,5601244202318,200.0,Terra Nostra,"Queijo flamengo em fatias, embalagem de 200g",,2.05,10.25,0,kg,€/Kg,,,https://driveimg1.intermarche.com/pt/Content/images/boitmal/produit/zoom/3C8EE0938E0D052FB03D54FC94FFA0EF.jpg,,,,2025-03-19T23:59:59.999999999Z,PROSPECTUS,11,1,,,,
1187,5601119007963,120.0,Nobre,"6 salsichas de porco, lata de 120g",,1.04,8.67,0,kg,€/Kg,,,https://driveimg1.intermarche.com/pt/Content/images/boitmal/produit/zoom/024D21F90F760BFDC12CBD7EB02BECC6.jpg,,,,2025-03-19T23:59:59.999999999Z,PROSPECTUS,11,1,,,,
11989,5604067029100,750.0,Torre de Menagem,"Vinho verde branco, garrafa de 0,75 l",,3.69,4.92,750,L,€/L,,,https://driveimg1.intermarche.com/pt/Content/images/boitmal/produit/zoom/1532A8DDDBD6B62CD24895874C3CAEC5.jpg,,,,2025-03-19T23:59:59.999999999Z,PROSPECTUS,11,1,,,,
1212,5601119950481,420.0,Nobre,"Refeição caseira almôndegas, embalagem de 420g",,2.99,7.12,0,kg,€/Kg,,,https://driveimg1.intermarche.com/pt/Content/images/boitmal/produit/zoom/337528A4932DEE68006A1ECADBCE182B.jpg,,,,2025-03-19T23:59:59.999999999Z,PROSPECTUS,11,1,,,,
1273,5601151060759,410.0,Compal,Feijão branco,Lata de 410 ml,1.09,2.66,410,L,€/L,,,https://driveimg1.intermarche.com/pt/Content/images/boitmal/produit/zoom/5A6C3794FCB1D8B69BF6A56555458115.jpg,,,,2025-03-19T23:59:59.999999999Z,PROSPECTUS,11,1,,,,
12990,2892510000000,250.0,Legumes,Beterraba sem Rama,1 un=250 gr (aprox.),0.37,1.49,0,,€/Kg,,,https://driveimg1.intermarche.com/pt/Content/images/boitmal/produit/zoom/FE38D0A0EDE44D01AA1FA1361EAB5312.jpg,,,,2025-03-19T23:59:59.999999999Z,PROSPECTUS,11,1,,,,
1301,5601151660751,410.0,Compal,"Feijão encarnado, lata de 410ml",,1.09,2.66,410,L,€/L,,,https://driveimg1.intermarche.com/pt/Content/images/boitmal/produit/zoom/8777874F846E4C62B1CDEE04A734A2E1.jpg,,,,2025-03-19T23:59:59.999999999Z,PROSPECTUS,11,1,,,,
13242,2893227000000,200.0,Peixaria,Robalo de Viveiro,de 200 a 600 g (aprox.),1.4,6.99,0,,€/Kg,,,https://driveimg1.intermarche.com/pt/Content/images/boitmal/produit/zoom/A78EB4330416D93C926049780B1174CB.jpg,,,,2025-03-19T23:59:59.999999999Z,PROSPECTUS,11,1,,,,
14337,3387390320008,141.0,Nestlé,"Barras fitness com chocolate, embalagem de 140g",,2.99,21.21,0,kg,€/Kg,,,https://driveimg1.intermarche.com/pt/Content/images/boitmal/produit/zoom/60AE623A4FF700F6FDA38FA5729DE5A4.jpg,,,,2025-03-19T23:59:59.999999999Z,PROSPECTUS,11,1,,,,
14545,5606293100295,100.0,Vitacress,"Salada aromática, embalagem de 100 g",,1.59,15.9,0,kg,€/Kg,,,https://driveimg1.intermarche.com/pt/Content/images/boitmal/produit/zoom/8B774925D3C426E499C84729B9F86DF2.jpg,,,,2025-03-19T23:59:59.999999999Z,PROSPECTUS,11,1,,,,
14641,5603722513879,1500.0,Pleno,"Tisana de chá verde/limão light, de 1,5 l",,1.59,1.06,1500,L,€/L,,,https://driveimg1.intermarche.com/pt/Content/images/boitmal/produit/zoom/F6BF791EA11EAC23396FF6DFA2CA04B8.jpg,,,,2025-03-19T23:59:59.999999999Z,PROSPECTUS,11,1,,,,
15490,3010470181953,4000.0,Friskies,"Ração para gato adulto com bacalhau e legumes, embalagem de 4 kg",,9.99,2.5,0,kg,€/Kg,,,https://driveimg1.intermarche.com/pt/Content/images/boitmal/produit/zoom/6848184BEB2091DF565E30DD98789DD2.jpg,,,,2025-03-19T23:59:59.999999999Z,PROSPECTUS,11,1,,,,
16042,8410022000025,200.0,Donuts,Donuts classic,Embalagem de 200g,2.19,10.95,0,kg,€/Kg,,,https://driveimg1.intermarche.com/pt/Content/images/boitmal/produit/zoom/E1B9DB77B40B4B4B4AC4E69C7559B6D6.jpg,,,,2025-03-19T23:59:59.999999999Z,PROSPECTUS,11,2,,,,
16983,8712100735455,540.0,Olá,"Gelado cornetto morango, embalagem de 6 x 90 ml",,3.59,6.65,540,L,€/L,,Tipo de stockagem,https://driveimg1.intermarche.com/pt/Content/images/boitmal/produit/zoom/F864C0CC873250BC9D1DC90A794E1882.jpg,https://driveimg1.intermarche.com/pt/Content/images/boitmal/produit/zoom/FF03523E6B925BE3441B0A34A996CA2B.jpg,https://driveimg1.intermarche.com/pt/Content/images/boitmal/produit/zoom/FF03523E6B925BE3441B0A34A996CA2B.jpg,https://driveimg1.intermarche.com/pt/Content/images/boitmal/produit/zoom/FF03523E6B925BE3441B0A34A996CA2B.jpg,2025-03-19T23:59:59.999999999Z,PROSPECTUS,11,2,,,,
17114,5000116110148,320.0,Capitão Iglo,"4 hamburguers vaca sem glúten, embalagem de 320g",,4.49,14.03,0,kg,€/Kg,,Tipo de stockagem,https://driveimg1.intermarche.com/pt/Content/images/boitmal/produit/zoom/F31F98EC751272F860D1F790EE53DF35.jpg,,,,2025-03-19T23:59:59.999999999Z,PROSPECTUS,11,2,,,,
18488,5600744051013,220.0,Saborosa,"Bolacha de manteiga belga original, embalagem de 220g",,1.59,7.23,0,kg,€/Kg,,,https://driveimg1.intermarche.com/pt/Content/images/boitmal/produit/zoom/435E3C8EAE2EA4A45A8BB3A81B14CF20.jpg,,,,2025-03-19T23:59:59.999999999Z,PROSPECTUS,11,2,,,,
18489,5600744051020,198.0,Saborosa,"Bolacha de manteiga belga com chocolate, embalagem de 200g",,1.64,8.28,0,kg,€/Kg,,,https://driveimg1.intermarche.com/pt/Content/images/boitmal/produit/zoom/96C31A82D017146C1ADBA7AC747D4690.jpg,,,,2025-03-19T23:59:59.999999999Z,PROSPECTUS,11,2,,,,
19585,8435257033822,720.0,Longa vida,"Iogurte magro natural, embalagem de 6 x 120g",,2.29,3.18,0,kg,€/Kg,,,https://driveimg1.intermarche.com/pt/Content/images/boitmal/produit/zoom/0343709B1D70140B7336A86F6CAA12F8.jpg,,,,2025-03-19T23:59:59.999999999Z,PROSPECTUS,11,2,,,,
19931,7613033737046,60.0,Felix,"Snack para gato mixed grill, 60 g",,1.49,24.83,0,kg,€/Kg,,,https://driveimg1.intermarche.com/pt/Content/images/boitmal/produit/zoom/7E2E1FECDD478BE6A1632C053BCB03FD.jpg,,,,2025-03-19T23:59:59.999999999Z,PROSPECTUS,11,2,,,,
19940,7613035619456,300.0,Nestlé,Granola aveia fitness mel,Embalagem de 300g,3.29,10.97,0,kg,€/Kg,,,https://driveimg1.intermarche.com/pt/Content/images/boitmal/produit/zoom/EAEAF515FE565B8F35270BCD3427077E.jpg,,,,2025-03-19T23:59:59.999999999Z,PROSPECTUS,11,2,,,,
21051,8435257034300,640.0,Nestlé,"Iogurte líquido yoggi, sem lactose, morango, embalagem de 4 x 160g",,2.19,3.42,0,kg,€/Kg,,,https://driveimg1.intermarche.com/pt/Content/images/boitmal/produit/zoom/D5CB31CBF064EE8A66067DB03B82499E.jpg,,,,2025-03-19T23:59:59.999999999Z,PROSPECTUS,11,2,,,,
21052,8435257034270,640.0,Nestlé,"Iogurte líquido yoggi, sem lactose, morango/banana, embalagem de 4 x 160g",,2.19,3.42,0,kg,€/Kg,,,https://driveimg1.intermarche.com/pt/Content/images/boitmal/produit/zoom/2F9637E1E7F59896708553BA46B62C91.jpg,,,,2025-03-19T23:59:59.999999999Z,PROSPECTUS,11,2,,,,
22942,5604260280957,130.0,PorSi Viva Bem,Tortitas de milho com sal,Embalagem de 130g,0.79,6.08,0,kg,€/Kg,,,https://driveimg1.intermarche.com/pt/Content/images/boitmal/produit/zoom/562B6DCDAFB6B157FF55E2CE5C354748.jpg,,,,2025-03-19T23:59:59.999999999Z,PROSPECTUS,11,2,,,,
2444,5998749108598,60.0,Whiskas,"Snack para gato anti hairball, embalagem de 60g",,1.94,32.33,0,kg,€/Kg,,,https://driveimg1.intermarche.com/pt/Content/images/boitmal/produit/zoom/B29A663F42F221592BE30E68385C96D4.jpg,,,,2025-03-19T23:59:59.999999999Z,PROSPECTUS,11,2,,,,
2459,7613031497096,400.0,Nestlé,"Fruta para bebé maçã pera +4 meses, embalagem de 4 x 100g",,2.09,5.23,0,kg,€/Kg,,,https://driveimg1.intermarche.com/pt/Content/images/boitmal/produit/zoom/A3657AC5DA61941E17EE1AD603103EE0.jpg,,,,2025-03-19T23:59:59.999999999Z,PROSPECTUS,11,2,,,,
2460,7613031501649,400.0,Nestlé,"Fruta para bebé maçã banana +4 meses, embalagem de 4 x 100g",,2.09,5.23,0,kg,€/Kg,,,https://driveimg1.intermarche.com/pt/Content/images/boitmal/produit/zoom/4A8A0DFCA0CA8581AB62B34FED196414.jpg,,,,2025-03-19T23:59:59.999999999Z,PROSPECTUS,11,2,,,,
2466,7613032142599,500.0,Cerelac,Farinha láctea 12 meses,Embalagem de 500g,3.74,7.48,0,kg,€/Kg,,,https://driveimg1.intermarche.com/pt/Content/images/boitmal/produit/zoom/4E708CAF1A60A052407E76B7A92102F7.jpg,,,,2025-03-19T23:59:59.999999999Z,PROSPECTUS,11,2,,,,
24829,5601110006071,750.0,Cabeça de Toiro,"Vinho reserva doc tejo rosé, garrafa 0.75l",,7.49,9.99,750,L,€/L,,,https://driveimg1.intermarche.com/pt/Content/images/boitmal/produit/zoom/8975B2E67DCA308BFE77E8E6CBD34854.jpg,,,,2025-03-19T23:59:59.999999999Z,PROSPECTUS,11,2,,,,
2492,7613032881399,85.0,Purina Gourmet,"Comida húmida para gato terrine com frango, 85g",,0.87,10.24,0,kg,€/Kg,,,https://driveimg1.intermarche.com/pt/Content/images/boitmal/produit/zoom/E8CAF868A9763EC78E3DCB07BB2B7709.jpg,,,,2025-03-19T23:59:59.999999999Z,PROSPECTUS,11,2,,,,
25861,5603722509759,800.0,Mimosa,"Leite com chocolate, embalagem de 4 x 200 ml",,1.56,1.95,800,L,€/L,,,https://driveimg1.intermarche.com/pt/Content/images/boitmal/produit/zoom/4FE9754297F54084EBC31D72FBB55E4F.jpg,,,,2025-03-19T23:59:59.999999999Z,PROSPECTUS,11,2,,,,
26047,8412600070994,650.0,Bimbo,Pão de forma s/ côdea,Embalagem de 650 g,2.14,3.29,0,kg,€/Kg,,,https://driveimg1.intermarche.com/pt/Content/images/boitmal/produit/zoom/29A6957961BACB180F45AAA47CD1FB78.jpg,,,,2025-03-19T23:59:59.999999999Z,PROSPECTUS,11,2,,,,
2606,7622300744663,220.0,Oreo,Bolachas,Embalagem de 220g,1.95,8.86,0,kg,€/Kg,,,https://driveimg1.intermarche.com/pt/Content/images/boitmal/produit/zoom/79CFD9DF7EB2F196A9856E929D39A2F7.jpg,,,,2025-03-19T23:59:59.999999999Z,PROSPECTUS,11,2,,,,
28497,3222270502450,680.0,Purina Gourmet,Comida Húmida para Gato Seleção de Mousses,Embalagem de 680g,4.29,6.31,0,kg,€/Kg,,,https://driveimg1.intermarche.com/pt/Content/images/boitmal/produit/zoom/48B98515C30D063D1F85A14F56AAE58A.jpg,,,,2025-03-19T23:59:59.999999999Z,PROSPECTUS,11,2,,,,
33884,2893837000000,1500.0,Peixaria,Peixe espada preto inteiro,Vendido ao peso,10.94,7.29,0,,€/Kg,,,https://driveimg1.intermarche.com/pt/Content/images/boitmal/produit/zoom/0C1CA3DE6B16A13335042AAFE1F612D6.jpg,,,,2025-03-19T23:59:59.999999999Z,PROSPECTUS,11,2,,,,
34114,5604260285235,10000.0,PorSi,Alimento seco mix para cão adulto,Embalagem de 10 kg,13.99,1.4,0,kg,€/Kg,,,https://driveimg1.intermarche.com/pt/Content/images/boitmal/produit/zoom/F4E076DC6F772A559D10EB606496D8F3.jpg,,,,2025-03-19T23:59:59.999999999Z,PROSPECTUS,11,2,,,,
34199,3083680905008,700.0,Bonduelle,"Salteado mediterrâneo, embalagem de 750 g",,4.09,5.84,0,kg,€/Kg,,Tipo de stockagem,https://driveimg1.intermarche.com/pt/Content/images/boitmal/produit/zoom/B23675E7CD8B0377798B2F686A375FC0.jpg,,,,2025-03-19T23:59:59.999999999Z,PROSPECTUS,11,2,,,,
34456,5604260325726,330.0,PorSi,Salsicha fresca merguez,Embalagem de 330 g,5.29,16.03,0,kg,€/Kg,,,https://driveimg1.intermarche.com/pt/Content/images/boitmal/produit/zoom/5AF24CB9ECB0552B9DC2158D80B5D568.jpg,,,,2025-03-19T23:59:59.999999999Z,PROSPECTUS,11,2,,,,
34878,5604260285471,1500.0,PorSi,Maçã fuji categoria II Origens,Embalagem de 1.5 kg,1.99,1.33,0,kg,€/Kg,,,https://driveimg1.intermarche.com/pt/Content/images/boitmal/produit/zoom/4C54AE3F50E349B56A904BBA50CB93F2.jpg,,,,2025-03-19T23:59:59.999999999Z,PROSPECTUS,11,2,,,,
35542,7613036867405,,Nescafé,"Café em cápsulas dolce gusto ristreto intenso, embalagem de 210g",,9.99,9.99,30,,€/Unidade,,,https://driveimg1.intermarche.com/pt/Content/images/boitmal/produit/zoom/FC99456EA03268527FE0EC549A21D081.jpg,,,,2025-03-19T23:59:59.999999999Z,PROSPECTUS,11,2,,,,
35704,3021768203639,360.0,Gogo,"Conjunto de saquetas de fruta maçã e banana, embalagem de 4 x 90g",,2.69,7.47,0,kg,€/Kg,,,https://driveimg1.intermarche.com/pt/Content/images/boitmal/produit/zoom/3B0800B00BAA9EFC0F6FD35BCC52240D.jpg,,,,2025-03-19T23:59:59.999999999Z,PROSPECTUS,11,2,,,,
36657,5601217132673,500.0,Cillitbang,"Spray lixívia e higiene, de 500 ml",,2.49,4.98,500,L,€/L,,,https://driveimg1.intermarche.com/pt/Content/images/boitmal/produit/zoom/D9B27A41A222F2F218026715A414F2D0.jpg,,,,2025-03-19T23:59:59.999999999Z,PROSPECTUS,11,2,,,,
36690,5604260286461,2000.0,PorSi,Ração seca para gato adulto de peixe,Embalagem 2 kg,3.99,2.0,0,kg,€/Kg,,,https://driveimg1.intermarche.com/pt/Content/images/boitmal/produit/zoom/BD2C9520C7ED773D3855285F875605AD.jpg,,,,2025-03-19T23:59:59.999999999Z,PROSPECTUS,11,2,,,,
36732,5604260286454,2000.0,PorSi,Ração seca de carne para gato adulto,Embalagem de 2 kg,3.99,2.0,0,kg,€/Kg,,,https://driveimg1.intermarche.com/pt/Content/images/boitmal/produit/zoom/DB71D9E83D68197D41D14C0FD3462038.jpg,,,,2025-03-19T23:59:59.999999999Z,PROSPECTUS,11,2,,,,
37045,5601217132659,500.0,Cillitbang,"Spray bolor e sujidade, garrafa de 500 ml",,2.49,4.98,500,L,€/L,,,https://driveimg1.intermarche.com/pt/Content/images/boitmal/produit/zoom/2A51671BCEA4544BF377B06769DE1169.jpg,,,,2025-03-19T23:59:59.999999999Z,PROSPECTUS,11,2,,,,
37444,7613036955799,250.0,Nestum,"Nestum zero mel, embalagem de 250g",,2.14,8.56,0,kg,€/Kg,,,https://driveimg1.intermarche.com/pt/Content/images/boitmal/produit/zoom/5B200610F8E9504D3552A7693F67BE32.jpg,,,,2025-03-19T23:59:59.999999999Z,PROSPECTUS,11,2,,,,
37475,7613036724135,40.0,Purina One,Snack frango de higiene oral diária para gato,Embalagem de 40 g,1.64,41.0,0,kg,€/Kg,,,https://driveimg1.intermarche.com/pt/Content/images/boitmal/produit/zoom/37DF0489FB9FC1596ECFA3B5EA4F10E5.jpg,,,,2025-03-19T23:59:59.999999999Z,PROSPECTUS,11,2,,,,
38560,5601027006447,280.0,Bimbo,Pão de leite 8 un.,Embalagem de 280g,1.99,7.11,0,kg,€/Kg,,,https://driveimg1.intermarche.com/pt/Content/images/boitmal/produit/zoom/6B2CD6A0B581F7726EA51AA0698C6FB6.jpg,https://driveimg1.intermarche.com/pt/Content/images/boitmal/produit/zoom/03428EFF3EBBF0386E77776667460845.jpg,,,2025-03-19T23:59:59.999999999Z,PROSPECTUS,11,2,,,,
38569,5601043111385,500.0,Espiga,"Farinha de arroz, embalagem de 500g",,0.94,1.88,0,kg,€/Kg,,,https://driveimg1.intermarche.com/pt/Content/images/boitmal/produit/zoom/28DC7EE63C94ABC2441EEA0D7A9449BD.jpg,,,,2025-03-19T23:59:59.999999999Z,PROSPECTUS,11,2,,,,
399,8712566365135,30.0,Lipton,"20 saquetas infusão de cidreira e mel, embalagem de 30g",,2.09,69.67,0,kg,€/Kg,,,https://driveimg1.intermarche.com/pt/Content/images/boitmal/produit/zoom/907015B388C6BBA95E1B6703BC1CA389.jpg,,,,2025-03-19T23:59:59.999999999Z,PROSPECTUS,11,2,,,,
40516,5604260286478,2000.0,PorSi,Ração seca cocktail para gato adulto,Embalagem de 2 kg,3.99,2.0,0,kg,€/Kg,,,https://driveimg1.intermarche.com/pt/Content/images/boitmal/produit/zoom/A7253EA013D7B36BAB17B96BFCE9E097.jpg,,,,2025-03-19T23:59:59.999999999Z,PROSPECTUS,11,2,,,,
41149,8710522571477,225.0,Linic,"Champô para homem oleosidade, embalagem de 225 ml",,4.49,19.96,225,L,€/L,,,https://driveimg1.intermarche.com/pt/Content/images/boitmal/produit/zoom/B14FEECAAF1AB05F6A47FD9FA1FDD524.jpg,,,,2025-03-19T23:59:59.999999999Z,PROSPECTUS,11,2,,,,
41821,5604260286614,233.0,PorSi,Bolachas shortcake,Embalagem de 233 g,1.37,5.88,0,kg,€/Kg,,,https://driveimg1.intermarche.com/pt/Content/images/boitmal/produit/zoom/0B5ABF5EA46DA53FA8046210DB7DDFDD.jpg,,,,2025-03-19T23:59:59.999999999Z,PROSPECTUS,11,2,,,,
43012,5604260307197,300.0,PorSi,Comida húmida para cão de frango,Embalagem de 300 g,0.75,2.5,0,kg,€/Kg,,,https://driveimg1.intermarche.com/pt/Content/images/boitmal/produit/zoom/2225898E3C121DD19FEF9F2C0CEB962C.jpg,https://driveimg1.intermarche.com/pt/Content/images/boitmal/produit/zoom/3FD0F0D9955E6135023C13E6B1D173A7.jpg,https://driveimg1.intermarche.com/pt/Content/images/boitmal/produit/zoom/3FD0F0D9955E6135023C13E6B1D173A7.jpg,https://driveimg1.intermarche.com/pt/Content/images/boitmal/produit/zoom/3FD0F0D9955E6135023C13E6B1D173A7.jpg,2025-03-19T23:59:59.999999999Z,PROSPECTUS,11,2,https://driveimg1.intermarche.com/pt/Content/images/boitmal/produit/zoom/3FD0F0D9955E6135023C13E6B1D173A7.jpg,https://driveimg1.intermarche.com/pt/Content/images/boitmal/produit/zoom/3FD0F0D9955E6135023C13E6B1D173A7.jpg,https://driveimg1.intermarche.com/pt/Content/images/boitmal/produit/zoom/3FD0F0D9955E6135023C13E6B1D173A7.jpg,
43071,5604260310449,1500.0,PorSi,Alimento seco raça pequena,Embalagem de 1.5 kg,2.99,1.99,0,kg,€/Kg,,,https://driveimg1.intermarche.com/pt/Content/images/boitmal/produit/zoom/A89809982BAE798F8ECAD3C8B0889114.jpg,,,,2025-03-19T23:59:59.999999999Z,PROSPECTUS,11,2,,,,
43082,0000050147311,100.0,Colmans,Colman's mostarda tradicional inglesa,Embalagem de 100g,2.63,26.3,0,kg,€/Kg,,,https://driveimg1.intermarche.com/pt/Content/images/boitmal/produit/zoom/4D99B4533E997F5B3EB966D0094FADA9.jpg,,,,2025-03-19T23:59:59.999999999Z,PROSPECTUS,11,2,,,,
4315,3600540542861,400.0,Garnier,Champô Ultra Suave de abacate & karité,Embalagem de 400 ml,3.76,9.4,400,L,€/L,,,https://driveimg1.intermarche.com/pt/Content/images/boitmal/produit/zoom/5D548857F0BA2FC243E68F54B6437483.jpg,,,,2025-03-19T23:59:59.999999999Z,PROSPECTUS,11,2,,,,
43429,5604260310982,1500.0,PorSi,"Detergente para máquina de loiça, gel",Embalagem de 1.5 litros,4.15,2.77,1500,L,€/L,,,https://driveimg1.intermarche.com/pt/Content/images/boitmal/produit/zoom/12FD93B645E13B18088E1CE2D096C3A3.jpg,,,,2025-03-19T23:59:59.999999999Z,PROSPECTUS,11,2,,,,
43500,5604260309436,330.0,PorSi Bio,Bio doce de morango,Embalagem de 330g,2.59,7.85,0,kg,€/Kg,,Produtos Bio,https://driveimg1.intermarche.com/pt/Content/images/boitmal/produit/zoom/1EF19F8EC76B45EBB9ADD81D20FDEA94.jpg,https://driveimg1.intermarche.com/pt/Content/images/boitmal/produit/zoom/EAE59109BAA999CBD1E9EB5D9057ECD1.jpg,https://driveimg1.intermarche.com/pt/Content/images/boitmal/produit/zoom/EAE59109BAA999CBD1E9EB5D9057ECD1.jpg,https://driveimg1.intermarche.com/pt/Content/images/boitmal/produit/zoom/EAE59109BAA999CBD1E9EB5D9057ECD1.jpg,2025-03-19T23:59:59.999999999Z,PROSPECTUS,11,2,https://driveimg1.intermarche.com/pt/Content/images/boitmal/produit/zoom/EAE59109BAA999CBD1E9EB5D9057ECD1.jpg,,,
438,8722700140139,20.0,Lipton,"20 saquetas infusão de cidreira, embalagem de 20g",,1.49,74.5,0,kg,€/Kg,,,https://driveimg1.intermarche.com/pt/Content/images/boitmal/produit/zoom/75772B648D442A3C0BB5D4E8A4601B76.jpg,,,,2025-03-19T23:59:59.999999999Z,PROSPECTUS,11,2,,,,
44059,5601363012683,160.0,LayS,"Batata frita lisas originais, embalagem de 160g",,1.29,8.06,0,kg,€/Kg,,,https://driveimg1.intermarche.com/pt/Content/images/boitmal/produit/zoom/D6B617CBD0A985504B50100E928DB47C.jpg,,,,2025-03-19T23:59:59.999999999Z,PROSPECTUS,11,2,,,,
4410,3600550266993,50.0,Narta,Desodorizante Roll'On Protect 5,Embalagem de 50 ml,2.69,53.8,50,L,€/L,,,https://driveimg1.intermarche.com/pt/Content/images/boitmal/produit/zoom/44A2019BAA638096BCCB45A6174E65F4.jpg,,,,2025-03-19T23:59:59.999999999Z,PROSPECTUS,11,2,,,,
44295,5601163080714,330.0,Luso,"Água sem gás, garrafa de 330 ml",,0.36,1.09,330,L,€/L,,,https://driveimg1.intermarche.com/pt/Content/images/boitmal/produit/zoom/B86A54C3A1C1F94A10C49307949976CF.jpg,,,,2025-03-19T23:59:59.999999999Z,PROSPECTUS,11,2,,,,
44730,3083681122312,750.0,Bonduelle,"Salteado do campo, embalagem de 750g",,4.25,5.67,0,kg,€/Kg,,Tipo de stockagem,https://driveimg1.intermarche.com/pt/Content/images/boitmal/produit/zoom/5C79A9ADE266240E779C75965887A3A9.jpg,,,,2025-03-19T23:59:59.999999999Z,PROSPECTUS,11,2,,,,
44936,8711327318373,540.0,Olá,"Cornetto clássico, embalagem de 6 x 90 ml",,3.59,6.65,540,L,€/L,,Tipo de stockagem,https://driveimg1.intermarche.com/pt/Content/images/boitmal/produit/zoom/375352E817B7CDAB1DA63F9C8C8FF261.jpg,,,,2025-03-19T23:59:59.999999999Z,PROSPECTUS,11,2,,,,
45326,5604260314256,,PorSi,Detergentes máquina lavar loiça next generation,30 pastilhas,5.54,5.54,0,,€/Unidade,,,https://driveimg1.intermarche.com/pt/Content/images/boitmal/produit/zoom/3877597C67E67FAF94A364481248DE61.jpg,,,,2025-03-19T23:59:59.999999999Z,PROSPECTUS,11,2,,,,
45773,5054563087829,75.0,Aquafresh,"Pasta dentífrica eucalipto, lima e menta",Embalagem de 75ml,1.84,24.53,75,L,€/L,,,https://driveimg1.intermarche.com/pt/Content/images/boitmal/produit/zoom/1F94A046F2A6C727F7B6BE2D468B428F.jpg,,,,2025-03-19T23:59:59.999999999Z,PROSPECTUS,11,2,,,,
46154,5601082049823,55.0,Belissimo,Café aroma intenso 10 cápsulas,Embalagem de 55g,2.99,54.36,0,kg,€/Kg,,,https://driveimg1.intermarche.com/pt/Content/images/boitmal/produit/zoom/1CBE1308CA2941771B931E1A14C46383.jpg,,,,2025-03-19T23:59:59.999999999Z,PROSPECTUS,11,2,,,,
46162,3083681106480,400.0,Bonduelle,"Salteado parisino, embalagem de 400g",,2.59,6.48,0,kg,€/Kg,,Tipo de stockagem,https://driveimg1.intermarche.com/pt/Content/images/boitmal/produit/zoom/4DE85AF2C08839F22568D1C815770BA6.jpg,,,,2025-03-19T23:59:59.999999999Z,PROSPECTUS,11,2,,,,
46885,5054563087195,75.0,Aquafresh,Dentifríco splash morango,Embalagem de 75 ml,2.61,34.8,75,L,€/L,,,https://driveimg1.intermarche.com/pt/Content/images/boitmal/produit/zoom/985DB91A7EDE55C6A3C98F1B8981BB9B.jpg,,,,2025-03-19T23:59:59.999999999Z,PROSPECTUS,11,2,,,,
46886,8006540286999,,Dodot,Fraldas Activity Extra T6 |+14 kg,44 Unidades,14.99,14.99,0,,€/Unidade,,,https://driveimg1.intermarche.com/pt/Content/images/boitmal/produit/zoom/2D0CA062C4FE6F575DB7E6378E708727.jpg,,,,2025-03-19T23:59:59.999999999Z,PROSPECTUS,11,2,,,,
477,3010470159051,2000.0,Friskies,"Ração para gato adulto com coelho, frango e legumes",Embalagem de 2kg,6.74,3.37,0,kg,€/Kg,,,https://driveimg1.intermarche.com/pt/Content/images/boitmal/produit/zoom/7DEEDCA72B128992156D55C0C8DE0876.jpg,,,,2025-03-19T23:59:59.999999999Z,PROSPECTUS,11,2,,,,
47917,5604260320264,126.0,PorSi,Barras de cereais forma clássica,Embalagem de 126g,1.39,11.03,0,kg,€/Kg,,,https://driveimg1.intermarche.com/pt/Content/images/boitmal/produit/zoom/ED9C046B5C97FE757232CE7F0670F7B1.jpg,https://driveimg1.intermarche.com/pt/Content/images/boitmal/produit/zoom/502AF5D05C669A741A5F5BF8A39E9552.jpg,,,2025-03-19T23:59:59.999999999Z,PROSPECTUS,11,2,,,,
48092,5604260322435,85.0,PorSi Select,Comida húmida gato adulto c/ frango,Embalagem de 85g,0.59,6.94,0,kg,€/Kg,,,https://driveimg1.intermarche.com/pt/Content/images/boitmal/produit/zoom/D84CC7B70A355206695BB81A8F5D3D9E.jpg,,,,2025-03-19T23:59:59.999999999Z,PROSPECTUS,11,2,,,,
48139,5604260319275,1200.0,PorSi,Comida húmida para gato carnes e legumes com molho,Embalagem de 1.2 kg,3.49,2.91,0,kg,€/Kg,,,https://driveimg1.intermarche.com/pt/Content/images/boitmal/produit/zoom/9384B60785BEBF14FFB885F3137420A4.jpg,,,,2025-03-19T23:59:59.999999999Z,PROSPECTUS,11,2,,,,
48426,4005900845702,50.0,Nivea Men,"Desodorizante roll on cool kick, 50 ml",,2.69,53.8,50,L,€/L,,,https://driveimg1.intermarche.com/pt/Content/images/boitmal/produit/zoom/9A906FA410C547B80F0C3BC1C3C86CB6.jpg,,,,2025-03-19T23:59:59.999999999Z,PROSPECTUS,11,2,,,,
48475,5604260323005,400.0,PorSi,Comida húmida para gato esterilizado,Embalagem de 4 x 100 g,1.99,4.98,0,kg,€/Kg,,,https://driveimg1.intermarche.com/pt/Content/images/boitmal/produit/zoom/9AC40BF8E947D35E8293A7406561A6DE.jpg,,,,2025-03-19T23:59:59.999999999Z,PROSPECTUS,11,2,,,,
48725,8410376057645,319.0,Gullón,"Surtido diet nature, 319g",,4.44,13.92,0,kg,€/Kg,,,https://driveimg1.intermarche.com/pt/Content/images/boitmal/produit/zoom/0F081766711E99C8AF731499148CF883.jpg,,,,2025-03-19T23:59:59.999999999Z,PROSPECTUS,11,2,,,,
49458,5603722505829,800.0,Mimosa,"Leite com chocolate bem especial 0% lactose, pack 4 x 200 ml",,1.99,2.49,800,L,€/L,,,https://driveimg1.intermarche.com/pt/Content/images/boitmal/produit/zoom/E21E53C8EBF058C15C2446BB9FC00A4B.jpg,,,,2025-03-19T23:59:59.999999999Z,PROSPECTUS,11,2,,,,
49831,8445290157348,390.0,Nesquik,"Achocolatado em pó, embalagem de 390g",,3.35,8.59,0,kg,€/Kg,,,https://driveimg1.intermarche.com/pt/Content/images/boitmal/produit/zoom/1C8D0ADDD419DD646B2CF36E18D3378F.jpg,,,,2025-03-19T23:59:59.999999999Z,PROSPECTUS,11,2,,,,
49981,3021761207269,360.0,Gogo,"Conjunto de saquetas de fruta multifrutos, embalagem de 360g",,2.69,7.47,0,kg,€/Kg,,,https://driveimg1.intermarche.com/pt/Content/images/boitmal/produit/zoom/1FA9F30217D7DE96A61A6082D1C5EF70.jpg,,,,2025-03-19T23:59:59.999999999Z,PROSPECTUS,11,2,,,,
50954,8006540767689,,Fairy,Detergente Loiça Máquina Ultra,53 pastilhas,13.99,13.99,0,,€/Unidade,,,https://driveimg1.intermarche.com/pt/Content/images/boitmal/produit/zoom/B8715491007747823440062BA929A0DC.jpg,,,,2025-03-19T23:59:59.999999999Z,PROSPECTUS,11,2,,,,
52088,7613032881313,85.0,Purina Gourmet,Comida húmida para gato gourmet gold com coelho 85g,,0.87,10.24,0,kg,€/Kg,,,https://driveimg1.intermarche.com/pt/Content/images/boitmal/produit/zoom/C00E78B2201EC475A2889804E65AE983.jpg,,,,2025-03-19T23:59:59.999999999Z,PROSPECTUS,11,2,,,,
52156,5604260326303,,PorSi,Detergente Máquina Loica Gel Tudo em 1,Embalagem de 22 unidades,3.65,3.65,0,,€/Unidade,,,https://driveimg1.intermarche.com/pt/Content/images/boitmal/produit/zoom/57874C97E6D4F782754819EFF227F2F0.jpg,,,,2025-03-19T23:59:59.999999999Z,PROSPECTUS,11,2,,,,
52198,5605378200059,500.0,Legumes,Alho Seco,Embalagem de 500 g,2.49,4.98,0,kg,€/Kg,,,https://driveimg1.intermarche.com/pt/Content/images/boitmal/produit/zoom/F19C328E45D226F2983301F318A71729.jpg,,,,2025-03-19T23:59:59.999999999Z,PROSPECTUS,11,2,,,,
5243,5601151170755,410.0,Compal,"Feijão preto, lata de 410 ml",,1.09,2.66,410,L,€/L,,,https://driveimg1.intermarche.com/pt/Content/images/boitmal/produit/zoom/DF73EAA1B2C44B1F4CECF535DE17EB7C.jpg,,,,2025-03-19T23:59:59.999999999Z,PROSPECTUS,11,2,,,,
52768,5604260331444,410.0,PorSi,Pizza Barbecue em Forno de Pedra,Embalagem de 410g,2.86,6.98,0,kg,€/Kg,,,https://driveimg1.intermarche.com/pt/Content/images/boitmal/produit/zoom/835FF4259E1C2C4EE8703481351F4FE5.jpg,,,,2025-03-19T23:59:59.999999999Z,PROSPECTUS,11,2,,,,
52887,5603722523137,200.0,Mimosa,"Natas para massas, 200 ml",,0.99,4.95,200,L,€/L,,,https://driveimg1.intermarche.com/pt/Content/images/boitmal/produit/zoom/836A8DFC9F960FD6B745222B729AE7FC.jpg,https://driveimg1.intermarche.com/pt/Content/images/boitmal/produit/zoom/F3EDAE46E372CBB78EE7DEA3A9DB3BD9.jpg,https://driveimg1.intermarche.com/pt/Content/images/boitmal/produit/zoom/F3EDAE46E372CBB78EE7DEA3A9DB3BD9.jpg,,2025-03-19T23:59:59.999999999Z,PROSPECTUS,11,2,,,,
5296,5601174204000,750.0,Periquita,"Vinho tinto península de setúbal, garrafa de 0.75 l",,3.59,4.79,750,L,€/L,,,https://driveimg1.intermarche.com/pt/Content/images/boitmal/produit/zoom/A59713B08AFE22BB2A0344F8EAFAD9A7.jpg,,,,2025-03-19T23:59:59.999999999Z,PROSPECTUS,11,2,,,,
53050,8445290554468,28.0,Nestlé,"Snack Para Bebé Puffs Milho, 28g",,1.09,38.93,0,kg,€/Kg,,,https://driveimg1.intermarche.com/pt/Content/images/boitmal/produit/zoom/B311B1AFD7EA9708AD65723EF9E33A76.jpg,,,,2025-03-19T23:59:59.999999999Z,PROSPECTUS,11,2,,,,
53258,8445290554499,28.0,Nestlé,"Snack Para Bebé Morango e Banana, 28g",,1.09,38.93,0,kg,€/Kg,,,https://driveimg1.intermarche.com/pt/Content/images/boitmal/produit/zoom/6892F063E24374E65ABAEF0E93A198F3.jpg,,,,2025-03-19T23:59:59.999999999Z,PROSPECTUS,11,2,,,,
53292,8719200265424,450.0,Becel,"Creme vegetal culinária, 450g",,2.49,5.53,0,kg,€/Kg,,,https://driveimg1.intermarche.com/pt/Content/images/boitmal/produit/zoom/731104623BFBA291592C36763AD2ACB6.jpg,https://driveimg1.intermarche.com/pt/Content/images/boitmal/produit/zoom/FE0F50DA9FD82BB1CA28828D6783A017.jpg,https://driveimg1.intermarche.com/pt/Content/images/boitmal/produit/zoom/FE0F50DA9FD82BB1CA28828D6783A017.jpg,https://driveimg1.intermarche.com/pt/Content/images/boitmal/produit/zoom/FE0F50DA9FD82BB1CA28828D6783A017.jpg,2025-03-19T23:59:59.999999999Z,PROSPECTUS,11,2,,,,
53553,8001841935027,,Swiffer,"Recarga Espanador, 10 unidades",,5.99,5.99,10,,€/Unidade,,,https://driveimg1.intermarche.com/pt/Content/images/boitmal/produit/zoom/FC8D9B2EF8C720448323F25A275CDD58.jpg,,,,2025-03-19T23:59:59.999999999Z,PROSPECTUS,11,2,,,,
5369,5601237000945,750.0,Quinta do Carmo,"Vinho branco região alentejano, garrafa de 750 ml",,8.99,11.99,750,L,€/L,,,https://driveimg1.intermarche.com/pt/Content/images/boitmal/produit/zoom/241F84FFECBAF6211395B97C7ACA36E2.jpg,,,,2025-03-19T23:59:59.999999999Z,PROSPECTUS,11,2,,,,
543,3228881083241,30.0,Lipton,"20 saquetas chá digestão fácil, embalagem de 30g",,2.09,69.67,0,kg,€/Kg,,,https://driveimg1.intermarche.com/pt/Content/images/boitmal/produit/zoom/62C3C7BA99F1F998410EDAE6BAC40CDF.jpg,,,,2025-03-19T23:59:59.999999999Z,PROSPECTUS,11,2,,,,
54537,8700216323154,,Fairy,"Detergente Máquina Loiça Pastilhas Original Tudo em 1 Limão, 41D",,9.98,9.98,0,,€/Unidade,,,https://driveimg1.intermarche.com/pt/Content/images/boitmal/produit/zoom/2B102A42507542D79E488629773354F9.jpg,,,,2025-03-19T23:59:59.999999999Z,PROSPECTUS,11,2,,,,
54572,5604260331918,300.0,Labell,"Champô Cabelos Secos Reparação & Nutrição, 300ml",,1.79,5.97,300,L,€/L,,,https://driveimg1.intermarche.com/pt/Content/images/boitmal/produit/zoom/5C1B204D3B6C1DA07F9C40D8EC40088E.jpg,,,,2025-03-19T23:59:59.999999999Z,PROSPECTUS,11,2,,,,
54573,5604260331925,300.0,Labell,"Condicionador Cabelos Secos Reparação & Nutrição, 300ml",,1.89,6.3,300,L,€/L,,,https://driveimg1.intermarche.com/pt/Content/images/boitmal/produit/zoom/66EE7C00F615E8BAEEB00E1D763AD386.jpg,,,,2025-03-19T23:59:59.999999999Z,PROSPECTUS,11,2,,,,
54596,5054563218117,75.0,Aquafresh,"Pasta de Dentes Proteção Completa Ação Antibacteriana, 75ml",,2.16,28.8,75,L,€/L,,,https://driveimg1.intermarche.com/pt/Content/images/boitmal/produit/zoom/019BA74FC7AA9EC4A4AEF77AD9C57A95.jpg,,,,2025-03-19T23:59:59.999999999Z,PROSPECTUS,11,2,,,,
54597,5054563215376,75.0,Aquafresh,"Pasta de Dentes Proteção Completa Hálito Fresco, 75ml",,2.16,28.8,75,L,€/L,,,https://driveimg1.intermarche.com/pt/Content/images/boitmal/produit/zoom/C9370A36FD071B95F13B8F57A35419DF.jpg,,,,2025-03-19T23:59:59.999999999Z,PROSPECTUS,11,2,,,,
54606,8720181466359,720.0,Dove,"Gel de banho hydrate, 720ml",,4.79,6.65,720,L,€/L,,,https://driveimg1.intermarche.com/pt/Content/images/boitmal/produit/zoom/73576AE98695DDB42CEBA03FBEBB469E.jpg,,,,2025-03-19T23:59:59.999999999Z,PROSPECTUS,11,2,,,,
54806,5603722521232,604.0,Mimosa,"Iogurte magro liquido ananás, 4x151ml",,1.54,2.55,604,L,€/L,,,https://driveimg1.intermarche.com/pt/Content/images/boitmal/produit/zoom/D981284783DF4A8CA45CC5B90BEC5E71.jpg,,,,2025-03-19T23:59:59.999999999Z,PROSPECTUS,11,2,,,,
54908,8720181468452,720.0,Dove,"Gel De Banho Silky Velvet, 720ml",,4.79,6.65,720,L,€/L,,,https://driveimg1.intermarche.com/pt/Content/images/boitmal/produit/zoom/B4B8973AC1CFAE2318D36A45878739E2.jpg,,,,2025-03-19T23:59:59.999999999Z,PROSPECTUS,11,2,,,,
55090,5601151964118,360.0,Compal,"Bolonhesa de Lentilhas, 360g",,2.95,8.19,0,kg,€/Kg,,,https://driveimg1.intermarche.com/pt/Content/images/boitmal/produit/zoom/41FC5F83F39FDA2FDDFD187E62192811.jpg,,,,2025-03-19T23:59:59.999999999Z,PROSPECTUS,11,2,,,,
55091,5601151964132,360.0,Compal,"Chili de Feijão, 360g",,2.95,8.19,0,kg,€/Kg,,,https://driveimg1.intermarche.com/pt/Content/images/boitmal/produit/zoom/190271CFB9B7AAC7F5E89BBC0870B0D4.jpg,,,,2025-03-19T23:59:59.999999999Z,PROSPECTUS,11,2,,,,
55111,8410500020064,460.0,Danone,"Iogurte Bifidus Pedaços Magro Cereais, 4 x 115g",,2.39,5.2,0,kg,€/Kg,,,https://driveimg1.intermarche.com/pt/Content/images/boitmal/produit/zoom/E8E92D4B854909CA3266722E91AB12DB.jpg,,,,2025-03-19T23:59:59.999999999Z,PROSPECTUS,11,2,,,,
55169,5606293053638,200.0,Vitacress,Vitacress salada a nossa camponesa 8x205g,,1.59,7.95,0,kg,€/Kg,,,https://driveimg1.intermarche.com/pt/Content/images/boitmal/produit/zoom/DCBE8FE85DEF3FB95DAC0D70C1B1FB3D.jpg,,,,2025-03-19T23:59:59.999999999Z,PROSPECTUS,11,2,,,,
55185,5601151963869,410.0,Compal,"Lentilhas Cozidas, 410g",,1.49,3.63,0,kg,€/Kg,,,https://driveimg1.intermarche.com/pt/Content/images/boitmal/produit/zoom/EF5BD1BEC2A2D5B65F9A2DBB0455AB3E.jpg,,,,2025-03-19T23:59:59.999999999Z,PROSPECTUS,11,2,,,,
6111,7613031204458,340.0,Purina Gourmet,Comida húmida para gato finos pedaços em molho,Embalagem de 340g,2.59,7.62,0,kg,€/Kg,,,https://driveimg1.intermarche.com/pt/Content/images/boitmal/produit/zoom/393F7D9374FE095E1E4BD6A16BFBFD33.jpg,,,,2025-03-19T23:59:59.999999999Z,PROSPECTUS,11,2,,,,
6460,8410436216777,53.0,Sonasol,Bloco Sanitário Poder Activo Floral,Embalagem de 50 g,1.98,37.36,0,kg,€/Kg,,,https://driveimg1.intermarche.com/pt/Content/images/boitmal/produit/zoom/428A90D17C72E1CEA455915A18AE3510.jpg,,,,2025-03-19T23:59:59.999999999Z,PROSPECTUS,11,2,,,,
7255,3083681022865,400.0,Bonduelle,"Grelos, embalagem de 400 g",,1.85,4.63,0,kg,€/Kg,,Tipo de stockagem,https://driveimg1.intermarche.com/pt/Content/images/boitmal/produit/zoom/547CA92A36ACA73F697F0934228B5E9D.jpg,,,,2025-03-19T23:59:59.999999999Z,PROSPECTUS,11,2,,,,
8520,5601119956490,120.0,Nobre,"Fiambre perna extra finissimos fatiado, embalagem de 120g",,1.89,15.75,0,kg,€/Kg,,,https://driveimg1.intermarche.com/pt/Content/images/boitmal/produit/zoom/15C8ADF2CEDA2C19A63D893348F1D7F5.jpg,,,,2025-03-19T23:59:59.999999999Z,PROSPECTUS,11,2,,,,
8538,5601119957213,120.0,Campofrio,"Peito frango forno lenha fatias finas, embalagem de 120g",,2.19,18.25,0,kg,€/Kg,,,https://driveimg1.intermarche.com/pt/Content/images/boitmal/produit/zoom/73C7285F6ACF8A124F339DF62D4EEA07.jpg,,,,2025-03-19T23:59:59.999999999Z,PROSPECTUS,11,2,,,,
861,5010394996587,500.0,Pedigree,"Guloseima para cão markies, embalagem de 500g",,3.59,7.18,0,kg,€/Kg,,,https://driveimg1.intermarche.com/pt/Content/images/boitmal/produit/zoom/F33E65574F1E1B31A1F045354DE41660.jpg,,,,2025-03-19T23:59:59.999999999Z,PROSPECTUS,11,3,,,,
8657,5601163081711,1980.0,Luso,"Água sem gás, pack 6 x 0.33 l",,2.35,1.19,1980,L,€/L,,,https://driveimg1.intermarche.com/pt/Content/images/boitmal/produit/zoom/443B50B4BA27541FFD3067F816F7D24A.jpg,,,,2025-03-19T23:59:59.999999999Z,PROSPECTUS,11,3,,,,
8800,5601244201922,200.0,Terra Nostra,"Queijo em fatias redução de gordura, embalagem de 200g",,2.09,10.45,0,kg,€/Kg,,,https://driveimg1.intermarche.com/pt/Content/images/boitmal/produit/zoom/6B2399E90B535FA164E40698DA708319.jpg,,,,2025-03-19T23:59:59.999999999Z,PROSPECTUS,11,3,,,,
8945,5601385503329,50.0,Aquafresh,Dentifríco p/ Dentes de Leite,Embalagem de 50 ml,2.24,44.8,50,L,€/L,,,https://driveimg1.intermarche.com/pt/Content/images/boitmal/produit/zoom/5E8C9831E2A0577287A67EC7A6EF4DF1.jpg,,,,2025-03-19T23:59:59.999999999Z,PROSPECTUS,11,3,,,,
9161,5602154002920,750.0,Adega de Borba,Vinho tinto alentejo,Garrafa de 0.75 l,8.99,11.99,750,L,€/L,,,https://driveimg1.intermarche.com/pt/Content/images/boitmal/produit/zoom/9D4E622CDEFB67E1BEC54DD1E1636255.jpg,,,,2025-03-19T23:59:59.999999999Z,PROSPECTUS,11,3,,,,
994,5601038001400,240.0,Knorr,"Caldo de carne 24 cubos, embalagem de 240g",,2.49,10.38,0,kg,€/Kg,,,https://driveimg1.intermarche.com/pt/Content/images/boitmal/produit/zoom/111ACC6539DBD1BD4431EF700197763E.jpg,,,,2025-03-19T23:59:59.999999999Z,PROSPECTUS,11,3,,,,
26091,7613036115575,550.0,Nestlé,Cereais estrelitas,Embalagem de 550g,3.49,6.35,0,kg,€/Kg,,,https://driveimg1.intermarche.com/pt/Content/images/boitmal/produit/zoom/90505B63FB20AF187537F3B46DDB9B86.jpg,,,,2025-03-19T23:59:59.999999999Z,PROSPECTUS,11,3,,,,
1323,5601163020512,9000.0,Luso,"Água sem gás, pack 6 x 1.5 l",,3.48,0.39,9000,L,€/L,,,https://driveimg1.intermarche.com/pt/Content/images/boitmal/produit/zoom/001A786D3A6068914B18C4EF27206C2E.jpg,,,,2025-03-19T23:59:59.999999999Z,PROSPECTUS,11,3,,,,
405,8712566410910,275.0,Calvé,"Ketchup, embalagem de 275g",,1.49,5.42,0,kg,€/Kg,,,https://driveimg1.intermarche.com/pt/Content/images/boitmal/produit/zoom/9E63EED4B27A252289B8979C188F5B40.jpg,https://driveimg1.intermarche.com/pt/Content/images/boitmal/produit/zoom/0D7B165FF00CA45BD8F6AC077E3CA1EC.jpg,https://driveimg1.intermarche.com/pt/Content/images/boitmal/produit/zoom/0D7B165FF00CA45BD8F6AC077E3CA1EC.jpg,https://driveimg1.intermarche.com/pt/Content/images/boitmal/produit/zoom/0D7B165FF00CA45BD8F6AC077E3CA1EC.jpg,2025-03-19T23:59:59.999999999Z,PROSPECTUS,11,3,,,,
40769,5604260301942,300.0,PorSi,Comida húmida para cão,Embalagem de 300 g,0.75,2.5,0,kg,€/Kg,,,https://driveimg1.intermarche.com/pt/Content/images/boitmal/produit/zoom/D9C4A619B4359B319F6376BE6477D965.jpg,,,,2025-03-19T23:59:59.999999999Z,PROSPECTUS,11,3,,,,
1726,5604260000272,250.0,PorSi,"Massa pevide, embalagem de 250g",,0.55,2.2,0,kg,€/Kg,,,https://driveimg1.intermarche.com/pt/Content/images/boitmal/produit/zoom/A4A2080D7D2A6FF3E0E1E1CA80D0F6AC.jpg,,,,2025-03-19T23:59:59.999999999Z,PROSPECTUS,11,3,,,,
991,5601029004090,120.0,Bom Petisco,"Atum posta em azeite, embalagem de 120g",,1.65,13.75,0,kg,€/Kg,,,https://driveimg1.intermarche.com/pt/Content/images/boitmal/produit/zoom/7303762D9C0618FC9C75C481CF52C5DB.jpg,,,,2025-03-19T23:59:59.999999999Z,PROSPECTUS,11,3,,,,
41822,7613039868300,270.0,Nestlé,Cereais estrelitas,Embalagem de 270 g,2.09,7.74,0,kg,€/Kg,,,https://driveimg1.intermarche.com/pt/Content/images/boitmal/produit/zoom/8ED5B2AE951DD00B9C8D9B0148834738.jpg,,,,2025-03-19T23:59:59.999999999Z,PROSPECTUS,11,3,,,,
12066,5604260194063,1000.0,PorSi Viva Bem,Bebida de soja com cálcio,Embalagem de 1 litro,0.79,0.79,1000,L,€/L,,,https://driveimg1.intermarche.com/pt/Content/images/boitmal/produit/zoom/16537218BB43EA3E7F5AFCEAEC229452.jpg,,,,2025-03-19T23:59:59.999999999Z,PROSPECTUS,11,3,,,,
15039,2892256000000,4000.0,Fruta,Melão Verde,Vendido ao peso | 1 un = 4kg (aprox.),6.76,1.69,0,,€/Kg,,,https://driveimg1.intermarche.com/pt/Content/images/boitmal/produit/zoom/25FE547830213D1C98E9F3B3D9687685.jpg,,,,2025-03-19T23:59:59.999999999Z,PROSPECTUS,11,3,,,,
11524,5601051420028,250.0,Primor,Manteiga sem sal,Embalagem de 250g,2.09,8.36,0,kg,€/Kg,,,https://driveimg1.intermarche.com/pt/Content/images/boitmal/produit/zoom/0C41B270FBA7B622E759FBA7E3B6B1CD.jpg,,,,2025-03-19T23:59:59.999999999Z,PROSPECTUS,11,3,,,,
36708,5604260296767,250.0,PorSi,Queijo fresco clássico,Embalagem de 4 x 62.5 g,2.59,10.36,0,kg,€/Kg,,,https://driveimg1.intermarche.com/pt/Content/images/boitmal/produit/zoom/808A63EFAEF8DEF4BD0506202DEB45EF.jpg,,,,2025-03-19T23:59:59.999999999Z,PROSPECTUS,11,3,,,,
1189,5601119007987,250.0,Nobre,"Salsichas de porco, lata de 250g",,1.67,6.68,0,kg,€/Kg,,,https://driveimg1.intermarche.com/pt/Content/images/boitmal/produit/zoom/0B023C2ECBDBE7AB09A89A8810925D65.jpg,,,,2025-03-19T23:59:59.999999999Z,PROSPECTUS,11,3,,,,
48551,7613287300393,,Nescafé,Nescafe portion coffee systems nescafé dolce gusto 186 g,,8.99,8.99,30,,€/Unidade,,,https://driveimg1.intermarche.com/pt/Content/images/boitmal/produit/zoom/E649FC664013B58BF3328022DDE18A28.jpg,,,,2025-03-19T23:59:59.999999999Z,PROSPECTUS,11,3,,,,
9184,5602348062754,70.0,Damatta,Presunto sabor português fatiado,Embalagem de 70 g,2.29,32.71,0,kg,€/Kg,,,https://driveimg1.intermarche.com/pt/Content/images/boitmal/produit/zoom/9AE2DBDD0E054DD3DCAC93A9D0EE8ECE.jpg,,,,2025-03-19T23:59:59.999999999Z,PROSPECTUS,11,3,,,,
1725,5604260000265,250.0,PorSi,"Massa bagos, 250g",,0.55,2.2,0,kg,€/Kg,,,https://driveimg1.intermarche.com/pt/Content/images/boitmal/produit/zoom/974FF28C753808191257D3DE1EC63B00.jpg,,,,2025-03-19T23:59:59.999999999Z,PROSPECTUS,11,3,,,,
27489,8434165466395,168.0,Cuétara,"Bolacha tosta rica choco guay, embalagem de 170g",,1.69,10.06,0,kg,€/Kg,,,https://driveimg1.intermarche.com/pt/Content/images/boitmal/produit/zoom/76BB975EAEE4F104FAFBAFD9E77D2DB2.jpg,,,,2025-03-19T23:59:59.999999999Z,PROSPECTUS,11,3,,,,
49762,5601050037562,460.0,Danone,"Iogurte com cereais activia, 4x115g",,2.39,5.2,0,kg,€/Kg,,,https://driveimg1.intermarche.com/pt/Content/images/boitmal/produit/zoom/51EAF4A53D8366A31634F35574981BCB.jpg,,,,2025-03-19T23:59:59.999999999Z,PROSPECTUS,11,3,,,,
41714,5604260307746,750.0,PorSi Viva Bem,"Iogurte natural 0%,  6 x 125 g",,1.2,1.6,0,kg,€/Kg,,,https://driveimg1.intermarche.com/pt/Content/images/boitmal/produit/zoom/6F36834B96B5F12A8DC2C812AED78D88.jpg,,,,2025-03-19T23:59:59.999999999Z,PROSPECTUS,11,3,,,,
2587,7622300165628,160.0,Oreo,"Bolachas mini, embalagem de 160g",,1.84,11.5,0,kg,€/Kg,,,https://driveimg1.intermarche.com/pt/Content/images/boitmal/produit/zoom/F9C526AA63F496736DBEE08B88A78CA2.jpg,,,,2025-03-19T23:59:59.999999999Z,PROSPECTUS,11,3,,,,
47934,5604260319565,96.0,PorSi,Café Espresso Vellutato intensidade 7,16 cápsulas,3.49,36.35,0,kg,€/Kg,,,https://driveimg1.intermarche.com/pt/Content/images/boitmal/produit/zoom/55CCF612142A42C8831C49805F97F920.jpg,,,,2025-03-19T23:59:59.999999999Z,PROSPECTUS,11,3,,,,
52766,5604260331406,380.0,PorSi,Pizza 4 Queijos em Forno de Pedra,Embalagem de 380g,2.65,6.97,0,kg,€/Kg,,,https://driveimg1.intermarche.com/pt/Content/images/boitmal/produit/zoom/5E1EA1405D60B451233CAD21DBFCF0CA.jpg,,,,2025-03-19T23:59:59.999999999Z,PROSPECTUS,11,3,,,,
15507,5601050031621,480.0,Danone,"Iogurte activia cremoso coco,  4 x 120 g",,1.99,4.15,0,kg,€/Kg,,,https://driveimg1.intermarche.com/pt/Content/images/boitmal/produit/zoom/C7C13400244FC9F141DCEBAD00E0F9D5.jpg,,,,2025-03-19T23:59:59.999999999Z,PROSPECTUS,11,3,,,,
19586,8435257028057,720.0,Longa vida,"Iogurte aroma 0% tutti fruti/coco, embalagem de 6 x 120g",,2.29,3.18,0,kg,€/Kg,,,https://driveimg1.intermarche.com/pt/Content/images/boitmal/produit/zoom/6FEC33DAE59256CBE3074F3F03199908.jpg,,,,2025-03-19T23:59:59.999999999Z,PROSPECTUS,11,3,,,,
15071,2893804000000,1500.0,Bacalhau,Bacalhau Crescido da Noruega,1 un = 1.5 kg (aprox.),15.74,10.49,0,,€/Kg,,,https://driveimg1.intermarche.com/pt/Content/images/boitmal/produit/zoom/F32119EBAAC66B5F19CB4FF16925F2F5.jpg,,,,2025-03-19T23:59:59.999999999Z,PROSPECTUS,11,3,,,,
48476,5604260323012,400.0,PorSi,Comida húmida para gato júnior,Embalagem de 4 x 100 g,1.89,4.73,0,kg,€/Kg,,,https://driveimg1.intermarche.com/pt/Content/images/boitmal/produit/zoom/132F1547DAD16000C7A850DD746706C0.jpg,,,,2025-03-19T23:59:59.999999999Z,PROSPECTUS,11,3,,,,
49964,8719200238176,225.0,Becel,"Creme de barrar, embalagem de 225g",,1.99,8.84,0,kg,€/Kg,,,https://driveimg1.intermarche.com/pt/Content/images/boitmal/produit/zoom/02C3B8CB4BF40DA381639A6BD63AEBA6.jpg,,,,2025-03-19T23:59:59.999999999Z,PROSPECTUS,11,3,,,,
5521,5601692071214,1000.0,Bom sucesso,"Arroz agulha, embalagem de 1 kg",,1.29,1.29,0,kg,€/Kg,,,https://driveimg1.intermarche.com/pt/Content/images/boitmal/produit/zoom/393929D01B09747982258DD594BE66FB.jpg,,,,2025-03-19T23:59:59.999999999Z,PROSPECTUS,11,3,,,,
8521,5601119956810,120.0,Nobre,"Fiambre perna extra fatiado, embalagem de 120g",,1.89,15.75,0,kg,€/Kg,,,https://driveimg1.intermarche.com/pt/Content/images/boitmal/produit/zoom/B962872D940BF7EEEBDD095332A56017.jpg,,,,2025-03-19T23:59:59.999999999Z,PROSPECTUS,11,3,,,,
9300,5603722497261,1500.0,Pleno,"Tisana chá verde/limão, garrafa de 1,5 l",,1.59,1.06,1500,L,€/L,,,https://driveimg1.intermarche.com/pt/Content/images/boitmal/produit/zoom/7EF2B204E50EAE71668E7C4A97DD36C7.jpg,,,,2025-03-19T23:59:59.999999999Z,PROSPECTUS,11,3,,,,
15489,7613031884247,4000.0,Friskies,"Ração para gato adulto com vaca, frango, embalagem de 4kg",,9.99,2.5,0,kg,€/Kg,,,https://driveimg1.intermarche.com/pt/Content/images/boitmal/produit/zoom/AA74DE430E0D577781082E763F8D5C13.jpg,,,,2025-03-19T23:59:59.999999999Z,PROSPECTUS,11,3,,,,
25735,5000116112173,208.0,Capitão Iglo,"10 nuggets peito de frango e queijo, embalagem de 210g",,2.99,14.38,0,kg,€/Kg,,Tipo de stockagem,https://driveimg1.intermarche.com/pt/Content/images/boitmal/produit/zoom/C51CDDEB144DBFB12E5D153B5560BAD5.jpg,,,,2025-03-19T23:59:59.999999999Z,PROSPECTUS,11,3,,,,
28640,5054563030948,75.0,Aquafresh,Dentífrico Tripla Proteção,Embalagem de 75 ml,1.84,24.53,75,L,€/L,,,https://driveimg1.intermarche.com/pt/Content/images/boitmal/produit/zoom/3F822B9D22CAC67DC8DBD8698E3FBBBD.jpg,,,,2025-03-19T23:59:59.999999999Z,PROSPECTUS,11,3,,,,
29834,8712100516467,480.0,Olá,"Gelado cornetto mini clássico, embalagem de 8 x 60 ml",,3.89,8.1,480,L,€/L,,Tipo de stockagem,https://driveimg1.intermarche.com/pt/Content/images/boitmal/produit/zoom/966639A10CEAB2E0B5CACE51C203C362.jpg,,,,2025-03-19T23:59:59.999999999Z,PROSPECTUS,11,3,,,,
16962,5601029004113,385.0,Bom Petisco,"Atum posta em azeite, embalagem de 390g",,5.65,14.68,0,kg,€/Kg,,,https://driveimg1.intermarche.com/pt/Content/images/boitmal/produit/zoom/0C4E57981E99F5D956BAC878E526BF89.jpg,,,,2025-03-19T23:59:59.999999999Z,PROSPECTUS,11,3,,,,
36693,5604260293377,300.0,PorSi,Areias,Embalagem de 300g,1.99,6.63,0,kg,€/Kg,,,https://driveimg1.intermarche.com/pt/Content/images/boitmal/produit/zoom/D74850B23BE8F102A4FEF7DC24D839B9.jpg,,,,2025-03-19T23:59:59.999999999Z,PROSPECTUS,11,3,,,,
13595,2893590000000,1000.0,Peixaria,Pescada Pequena da Argentina Congelada,1 un= 1kg (aprox.),3.49,3.49,0,,€/Kg,,Avantages !,https://driveimg1.intermarche.com/pt/Content/images/boitmal/produit/zoom/5B60FCB79F0EE3DFB58E35C4371D7EFC.jpg,,,,2025-03-19T23:59:59.999999999Z,PROSPECTUS,11,3,,,,
15955,7613032408794,85.0,Purina Gourmet,"Comida húmida para gato peixe do oceano, embalagem de 90g",,0.87,10.24,0,kg,€/Kg,,,https://driveimg1.intermarche.com/pt/Content/images/boitmal/produit/zoom/FEEA8DEA9BB460BB34BF8E0ADF22D62F.jpg,,,,2025-03-19T23:59:59.999999999Z,PROSPECTUS,11,3,,,,
44914,5601119345379,160.0,Nobre,"Vegalia especialidade vegetariana de soja, lata com 8 unidades",,2.09,13.06,0,kg,€/Kg,,,https://driveimg1.intermarche.com/pt/Content/images/boitmal/produit/zoom/8AC478A6669D2DB4609CB7280CA417C4.jpg,,,,2025-03-19T23:59:59.999999999Z,PROSPECTUS,11,3,,,,
979,5601024134471,750.0,Oliveira da Serra,Azeite Virgem,Embalagem de 750 ml,5.79,7.72,750,L,€/L,,,https://driveimg1.intermarche.com/pt/Content/images/boitmal/produit/zoom/E26F25C9E42D7D1738A837046251B635.jpg,,,,2025-03-19T23:59:59.999999999Z,PROSPECTUS,11,3,,,,
10859,3023290400395,230.0,Nestlé,"Iogurte mix in kit kat, embalagem de 2 x 115g",,2.09,9.09,0,kg,€/Kg,,,https://driveimg1.intermarche.com/pt/Content/images/boitmal/produit/zoom/46A338E8D7EAC63B8EF63808F7DF5998.jpg,,,,2025-03-19T23:59:59.999999999Z,PROSPECTUS,11,3,,,,
1328,5601165005760,15.0,Lipton,"10 saquetas infusão de cidreira, embalagem de 20g",,0.74,49.33,0,kg,€/Kg,,,https://driveimg1.intermarche.com/pt/Content/images/boitmal/produit/zoom/8EA72609B2FBFE9A06C9099CA2FDB5E1.jpg,,,,2025-03-19T23:59:59.999999999Z,PROSPECTUS,11,3,,,,
2518,7613033814693,400.0,Nestlé,"Fruta para bebé 7 frutos +6 meses, embalagem de 4 x 100g",,2.09,5.23,0,kg,€/Kg,,,https://driveimg1.intermarche.com/pt/Content/images/boitmal/produit/zoom/18CF4010C8E037B64FBADB6A5A35AF8F.jpg,,,,2025-03-19T23:59:59.999999999Z,PROSPECTUS,11,3,,,,
26645,8434165483965,570.0,Cuétara,"Bolachas tosta rica, embalagem de 570g",,2.99,5.25,0,kg,€/Kg,,,https://driveimg1.intermarche.com/pt/Content/images/boitmal/produit/zoom/280E50EBC29DD4AE6A9CCE7FB9666CBB.jpg,,,,2025-03-19T23:59:59.999999999Z,PROSPECTUS,11,3,,,,
36709,5604260296750,250.0,PorSi,Queijo fresco ligth,Embalagem de 4 x 62.5 g,2.59,10.36,0,kg,€/Kg,,,https://driveimg1.intermarche.com/pt/Content/images/boitmal/produit/zoom/C4EE542A1994DE7774B9C54C8888B672.jpg,,,,2025-03-19T23:59:59.999999999Z,PROSPECTUS,11,3,,,,
47979,5604260312740,,PorSi,Detergentes máquina lavar loiça ecológico,26 pastilhas,3.46,3.46,0,,€/Unidade,,,https://driveimg1.intermarche.com/pt/Content/images/boitmal/produit/zoom/78BEBFE1DB31B8C2D02C89E6CE3251D4.jpg,,,,2025-03-19T23:59:59.999999999Z,PROSPECTUS,11,3,,,,
48093,5604260322459,85.0,PorSi Select,Comida húmida gato adulto c/ peixe,Embalagem de 85g,0.59,6.94,0,kg,€/Kg,,,https://driveimg1.intermarche.com/pt/Content/images/boitmal/produit/zoom/82A558BEAF47320C40149C066B08F2E8.jpg,,,,2025-03-19T23:59:59.999999999Z,PROSPECTUS,11,3,,,,
51908,3073781193169,125.0,A Vaca Que Ri,"Queijo fundido light, 125g",,1.79,14.32,0,kg,€/Kg,,,https://driveimg1.intermarche.com/pt/Content/images/boitmal/produit/zoom/DDB0DD03C426F497B7B8B17EEEC004CB.jpg,,,,2025-03-19T23:59:59.999999999Z,PROSPECTUS,11,3,,,,
10513,8435250439591,236.0,Nestlé,"Iogurte mix-in chocapic,  2 x 118 g",,2.09,8.86,0,kg,€/Kg,,,https://driveimg1.intermarche.com/pt/Content/images/boitmal/produit/zoom/368B8AC44F8070965585916E17063F2C.jpg,,,,2025-03-19T23:59:59.999999999Z,PROSPECTUS,11,3,,,,
1274,5601151070758,410.0,Compal,"Feijão manteiga, lata de 410 ml",,1.09,2.66,410,L,€/L,,,https://driveimg1.intermarche.com/pt/Content/images/boitmal/produit/zoom/F168BC675838A1B24B473123F714EAB2.jpg,,,,2025-03-19T23:59:59.999999999Z,PROSPECTUS,11,3,,,,
25262,5000116112166,208.0,Capitão Iglo,"10 nuggets de frango, embalagem de 210g",,5.99,28.8,0,kg,€/Kg,,Tipo de stockagem,https://driveimg1.intermarche.com/pt/Content/images/boitmal/produit/zoom/CF1467DF1CD91C352F5C2C303E0557A7.jpg,,,,2025-03-19T23:59:59.999999999Z,PROSPECTUS,11,3,,,,
2549,7613034717931,200.0,Nestlé,"Chocolate culinário, embalagem de 200g",,2.79,13.95,0,kg,€/Kg,,,https://driveimg1.intermarche.com/pt/Content/images/boitmal/produit/zoom/3B153FC5DBA6E54FFCBD8019E97BAF3D.jpg,,,,2025-03-19T23:59:59.999999999Z,PROSPECTUS,11,3,,,,
4335,3600540829160,50.0,Narta men,"Desodorizante roll-on, invisimax",Embalagem de 50 ml,2.69,53.8,50,L,€/L,,,https://driveimg1.intermarche.com/pt/Content/images/boitmal/produit/zoom/A48BB816DCCE142F5DC4F8D9E2CEC850.jpg,,,,2025-03-19T23:59:59.999999999Z,PROSPECTUS,11,3,,,,
50389,8445290351401,,Nescafé,"Cápsulas café sical intensidade 7, 30 unidades",,8.99,8.99,30,,€/Unidade,,,https://driveimg1.intermarche.com/pt/Content/images/boitmal/produit/zoom/1FD786A7E143BB9E177424D49D5ABF95.jpg,,,,2025-03-19T23:59:59.999999999Z,PROSPECTUS,11,3,,,,
51779,5604260327089,,PorSi,Detergentes máquina lavar loiça,60 pastilhas,3.79,3.79,0,,€/Unidade,,,https://driveimg1.intermarche.com/pt/Content/images/boitmal/produit/zoom/5D0E62FF3D9A0C755640BCC5F7832DD7.jpg,,,,2025-03-19T23:59:59.999999999Z,PROSPECTUS,11,3,,,,
854,5010394133852,500.0,Pedigree,"Guloseima para cão biscrok, embalagem de 500 g",,3.49,6.98,0,kg,€/Kg,,,https://driveimg1.intermarche.com/pt/Content/images/boitmal/produit/zoom/0D226EB3269B404D077B080902C1C0AC.jpg,,,,2025-03-19T23:59:59.999999999Z,PROSPECTUS,11,3,,,,
8658,5601163101716,3000.0,Luso,"Água sem gás, pack 6 x 0.5 l",,2.58,0.86,3000,L,€/L,,,https://driveimg1.intermarche.com/pt/Content/images/boitmal/produit/zoom/13EA35DE036BB24C52BA46395E39799E.jpg,,,,2025-03-19T23:59:59.999999999Z,PROSPECTUS,11,3,,,,
1491,5601363001168,120.0,Doritos,"Aperitivos tex mex, embalagem de 120g",,1.29,10.75,0,kg,€/Kg,,,https://driveimg1.intermarche.com/pt/Content/images/boitmal/produit/zoom/1053755FDFA8216E31D4BC77D22F56B2.jpg,,,,2025-03-19T23:59:59.999999999Z,PROSPECTUS,11,3,,,,
15810,3094900059593,75.0,Aquafresh,Pasta Dentífrica Menta Suave,Embalagem de 75 ml,1.84,24.53,75,L,€/L,,,https://driveimg1.intermarche.com/pt/Content/images/boitmal/produit/zoom/23BC1431AAB789532FD2967AA69D21DC.jpg,,,,2025-03-19T23:59:59.999999999Z,PROSPECTUS,11,3,,,,
24811,5604260276363,600.0,PorSi,Gelado sandwich nata/chocolate,Embalagem de 6x100 ml,2.99,4.98,600,L,€/L,,Tipo de stockagem,https://driveimg1.intermarche.com/pt/Content/images/boitmal/produit/zoom/E32BF05E787615CAC3DCF287D228BF70.jpg,,,,2025-03-19T23:59:59.999999999Z,PROSPECTUS,11,3,,,,
2589,7622300281182,154.0,Oreo,"Bolachas, tubo, embalagem de 150g",,1.44,9.35,0,kg,€/Kg,,,https://driveimg1.intermarche.com/pt/Content/images/boitmal/produit/zoom/A967EF8D7DC66A4DE384AFCA6E356DB8.jpg,,,,2025-03-19T23:59:59.999999999Z,PROSPECTUS,11,3,,,,
28572,8434165484054,240.0,Cuétara,"Tosta rica mini go, 240g",,2.09,8.71,0,kg,€/Kg,,,https://driveimg1.intermarche.com/pt/Content/images/boitmal/produit/zoom/CCBAB5A351E77407DEF26B46DA9AE965.jpg,,,,2025-03-19T23:59:59.999999999Z,PROSPECTUS,11,3,,,,
44264,5603722517136,200.0,Mimosa,"Nata cremosa sem lactose, 200 ml",,0.99,4.95,200,L,€/L,,,https://driveimg1.intermarche.com/pt/Content/images/boitmal/produit/zoom/8BEE16017818634A0906C7EEA760EC96.jpg,,,,2025-03-19T23:59:59.999999999Z,PROSPECTUS,11,3,,,,
47635,8412600018316,300.0,Bimbo,Bimbo® bagels clássico 4 un.,Embalagem de 300g,2.34,7.8,0,kg,€/Kg,,,https://driveimg1.intermarche.com/pt/Content/images/boitmal/produit/zoom/E29B7F13889FE8AF18A9C1C0F8DAA10D.jpg,,,,2025-03-19T23:59:59.999999999Z,PROSPECTUS,11,3,,,,
48030,7613287495259,1020.0,Felix,"Fantastic seleção de peixes em gelatina, embalagem de 12x100g",,5.99,5.87,0,kg,€/Kg,,,https://driveimg1.intermarche.com/pt/Content/images/boitmal/produit/zoom/6C8C86286E27A01458DD382E5FE02A80.jpg,,,,2025-03-19T23:59:59.999999999Z,PROSPECTUS,11,3,,,,
483,3033710046645,400.0,Nestlé,"Fruta para bebé maçã manga +6 meses, embalagem de 4 x 100g",,2.09,5.23,0,kg,€/Kg,,,https://driveimg1.intermarche.com/pt/Content/images/boitmal/produit/zoom/B957252E4468B4428B54FDF0DEC950C2.jpg,,,,2025-03-19T23:59:59.999999999Z,PROSPECTUS,11,3,,,,
8534,5601119957183,120.0,Campofrio,"Peito peru forno lenha fatias clássicas, embalagem de 120g",,2.19,18.25,0,kg,€/Kg,,,https://driveimg1.intermarche.com/pt/Content/images/boitmal/produit/zoom/623D6B2EB3EE61B2128AE1B5E62C0910.jpg,,,,2025-03-19T23:59:59.999999999Z,PROSPECTUS,11,3,,,,
10512,8435250439577,232.0,Nestlé,"Iogurte mix in nesquik, embalagem de 2 x 115g",,2.09,9.01,0,kg,€/Kg,,,https://driveimg1.intermarche.com/pt/Content/images/boitmal/produit/zoom/6C2207480393D760FBF1824B2B4CD877.jpg,,,,2025-03-19T23:59:59.999999999Z,PROSPECTUS,11,3,,,,
1191,5601119009660,180.0,Nobre,"Mini salsichas cocktail, lata de 180g",,1.79,9.94,0,kg,€/Kg,,,https://driveimg1.intermarche.com/pt/Content/images/boitmal/produit/zoom/FEBC979069AC159E9B8E5F8DD02E763D.jpg,,,,2025-03-19T23:59:59.999999999Z,PROSPECTUS,11,3,,,,
13529,2893521000000,1000.0,Peixaria,Pescada do Chile Congelada Nº3,1 un= 1 kg (aprox.),8.99,8.99,0,,€/Kg,,Avantages !,https://driveimg1.intermarche.com/pt/Content/images/boitmal/produit/zoom/40D57D35BBDBDF72027C959F41A6E90C.jpg,,,,2025-03-19T23:59:59.999999999Z,PROSPECTUS,11,3,,,,
14818,2696137000000,,Pastelaria,Pastel de Nata,60G,0.39,0.39,0,,€/Unidade,,,https://driveimg1.intermarche.com/pt/Content/images/boitmal/produit/zoom/9EEE51B51A06F76B38A9947DCC43F4E5.jpg,,,,2025-03-19T23:59:59.999999999Z,PROSPECTUS,11,3,,,,
1815,5604260030552,250.0,PorSi,"Massa de letras, embalagem de 250g",,0.55,2.2,0,kg,€/Kg,,,https://driveimg1.intermarche.com/pt/Content/images/boitmal/produit/zoom/ADD207FFC4765928155A6C2D6E490CBF.jpg,,,,2025-03-19T23:59:59.999999999Z,PROSPECTUS,11,3,,,,
19046,5000116110414,480.0,Capitão Iglo,"8 hamburguers sem glúten frango, embalagem de 480g",,7.99,16.65,0,kg,€/Kg,,Tipo de stockagem,https://driveimg1.intermarche.com/pt/Content/images/boitmal/produit/zoom/B74DC0C9C4A898B602612BD394B808F5.jpg,,,,2025-03-19T23:59:59.999999999Z,PROSPECTUS,11,3,,,,
43011,5604260307210,300.0,PorSi,Comida húmida para cão de peru,Embalagem de 300 g,0.75,2.5,0,kg,€/Kg,,,https://driveimg1.intermarche.com/pt/Content/images/boitmal/produit/zoom/AE75F326B51996BD6ABA74276377C9ED.jpg,https://driveimg1.intermarche.com/pt/Content/images/boitmal/produit/zoom/A5C82BE522F15BBA14EEE2D9C8DA8265.jpg,https://driveimg1.intermarche.com/pt/Content/images/boitmal/produit/zoom/A5C82BE522F15BBA14EEE2D9C8DA8265.jpg,https://driveimg1.intermarche.com/pt/Content/images/boitmal/produit/zoom/A5C82BE522F15BBA14EEE2D9C8DA8265.jpg,2025-03-19T23:59:59.999999999Z,PROSPECTUS,11,3,https://driveimg1.intermarche.com/pt/Content/images/boitmal/produit/zoom/A5C82BE522F15BBA14EEE2D9C8DA8265.jpg,https://driveimg1.intermarche.com/pt/Content/images/boitmal/produit/zoom/A5C82BE522F15BBA14EEE2D9C8DA8265.jpg,https://driveimg1.intermarche.com/pt/Content/images/boitmal/produit/zoom/A5C82BE522F15BBA14EEE2D9C8DA8265.jpg,
46305,5604260315017,500.0,PorSi,Brócolos cortados,500 g,2.15,4.3,0,kg,€/Kg,,,https://driveimg1.intermarche.com/pt/Content/images/boitmal/produit/zoom/81005B8EDD9F9BE2AB985BEC9DC64302.jpg,,,,2025-03-19T23:59:59.999999999Z,PROSPECTUS,11,3,,,,
52302,3600542512428,400.0,Garnier,Champô Ultra Suave Carvão,Embalagem de 400ml,3.76,9.4,400,L,€/L,,Produtos Bio,https://driveimg1.intermarche.com/pt/Content/images/boitmal/produit/zoom/C53BE5FF3815607BB10E6D7A8D669C09.jpg,,,,2025-03-19T23:59:59.999999999Z,PROSPECTUS,11,3,,,,
11950,5603722495106,200.0,Mimosa,"Nata uht light, embalagem de 200 ml",,0.99,4.95,200,L,€/L,,,https://driveimg1.intermarche.com/pt/Content/images/boitmal/produit/zoom/B134F58E2258EB7BCE2AC1B56CF95546.jpg,,,,2025-03-19T23:59:59.999999999Z,PROSPECTUS,11,3,,,,
13541,2893533000000,250.0,Congelado de Aquicultura,Camarão Congelado 60/80,1 un = 250 gr  (aprox.),2.0,7.99,0,,€/Kg,,Avantages !,https://driveimg1.intermarche.com/pt/Content/images/boitmal/produit/zoom/29A2DFA509FFDAFCD18E7F308BD753B4.jpg,,,,2025-03-19T23:59:59.999999999Z,PROSPECTUS,11,3,,,,
15741,7613034945808,1500.0,Friskies,Ração para gato bolas de pelo com frango,"Embalagem de 1,5kg",5.84,3.89,0,kg,€/Kg,,,https://driveimg1.intermarche.com/pt/Content/images/boitmal/produit/zoom/C4F10147F3FEEC714C8DFD0AEDE562BD.jpg,,,,2025-03-19T23:59:59.999999999Z,PROSPECTUS,11,3,,,,
2503,7613033156212,85.0,Purina Gourmet,"Comida húmida para gato mousse com salmão, embalagem de 90g",,0.87,10.24,0,kg,€/Kg,,,https://driveimg1.intermarche.com/pt/Content/images/boitmal/produit/zoom/BCD32627F59A029C2931D459EC84583E.jpg,,,,2025-03-19T23:59:59.999999999Z,PROSPECTUS,11,3,,,,
29591,3387390339505,375.0,Nestlé,"Cereais golden grahams, embalagem de 380g",,3.19,8.51,0,kg,€/Kg,,,https://driveimg1.intermarche.com/pt/Content/images/boitmal/produit/zoom/52B010047394B5E18C21D533AA60A41C.jpg,,,,2025-03-19T23:59:59.999999999Z,PROSPECTUS,11,3,,,,
30165,8410436320573,1100.0,Sonasol,Lava Tudo Brilhante Eucalipto,"embalagem 1,1L",2.79,2.54,1100,L,€/L,,,https://driveimg1.intermarche.com/pt/Content/images/boitmal/produit/zoom/1D59B5FEAE0C00D87C9E61FEE70A9A3D.jpg,,,,2025-03-19T23:59:59.999999999Z,PROSPECTUS,11,3,,,,
38291,8410436343527,1100.0,Sonasol,"Lava Tudo Desinfetante, embalagem 1,1l",,2.79,2.54,1100,L,€/L,,,https://driveimg1.intermarche.com/pt/Content/images/boitmal/produit/zoom/3BCE9789D68C09F6CE19611FDEABB947.jpg,,,,2025-03-19T23:59:59.999999999Z,PROSPECTUS,11,3,,,,
4254,3600521848449,50.0,L'oreal Men Expert,Desodorizante roll-on fresh extra,Embalagem de 50 ml,2.69,53.8,50,L,€/L,,,https://driveimg1.intermarche.com/pt/Content/images/boitmal/produit/zoom/E57536F1DBA38F68B80006805ED4ECFF.jpg,,,,2025-03-19T23:59:59.999999999Z,PROSPECTUS,11,3,,,,
43009,5604260307180,300.0,PorSi,Comida húmida para cão de borrego,Embalagem de 300 g,0.75,2.5,0,kg,€/Kg,,,https://driveimg1.intermarche.com/pt/Content/images/boitmal/produit/zoom/46BB006F9006760CC3B996BFB49A1540.jpg,https://driveimg1.intermarche.com/pt/Content/images/boitmal/produit/zoom/2B27BF4714216FFB4E9E5882412593BE.jpg,https://driveimg1.intermarche.com/pt/Content/images/boitmal/produit/zoom/2B27BF4714216FFB4E9E5882412593BE.jpg,https://driveimg1.intermarche.com/pt/Content/images/boitmal/produit/zoom/2B27BF4714216FFB4E9E5882412593BE.jpg,2025-03-19T23:59:59.999999999Z,PROSPECTUS,11,3,https://driveimg1.intermarche.com/pt/Content/images/boitmal/produit/zoom/2B27BF4714216FFB4E9E5882412593BE.jpg,https://driveimg1.intermarche.com/pt/Content/images/boitmal/produit/zoom/2B27BF4714216FFB4E9E5882412593BE.jpg,,
47636,8412600018323,300.0,Bimbo,Bimbo® bagels sementes 4 un.,Embalagem de 300g,2.34,7.8,0,kg,€/Kg,,,https://driveimg1.intermarche.com/pt/Content/images/boitmal/produit/zoom/BF6C29E8954E6CC8FE9F7A9ADC699919.jpg,,,,2025-03-19T23:59:59.999999999Z,PROSPECTUS,11,3,,,,
50624,5603722520969,200.0,Mimosa,"Nata culinária sem lactose, 200 ml",,0.99,4.95,200,L,€/L,,,https://driveimg1.intermarche.com/pt/Content/images/boitmal/produit/zoom/17C52EE6D7D8FA0AE40E9527FFF803CC.jpg,,,,2025-03-19T23:59:59.999999999Z,PROSPECTUS,11,3,,,,
540,3222270158428,1500.0,Friskies,Ração para gato adulto de interior,"Embalagem de 1,5 kg",5.84,3.89,0,kg,€/Kg,,,https://driveimg1.intermarche.com/pt/Content/images/boitmal/produit/zoom/CD7C5B2E4322F0515EAC25F0F1ADD782.jpg,,,,2025-03-19T23:59:59.999999999Z,PROSPECTUS,11,3,,,,
7043,2894074000000,150.0,Campofrio,Peito de peru forno lenha,1 un = 150 gr (aprox.),2.25,14.99,0,,€/Kg,,,https://driveimg1.intermarche.com/pt/Content/images/boitmal/produit/zoom/EF3CEFEECAD2391EED6F65839052F87D.jpg,,,,2025-03-19T23:59:59.999999999Z,PROSPECTUS,11,3,,,,
7718,4005900019158,250.0,Nivea Men,"Champô anti caspa power, embalagem de 250 ml",,2.69,10.76,250,L,€/L,,,https://driveimg1.intermarche.com/pt/Content/images/boitmal/produit/zoom/2A5408ED0220837E754945767D4127AC.jpg,,,,2025-03-19T23:59:59.999999999Z,PROSPECTUS,11,3,,,,
8398,5601050016024,600.0,Danone,"Danacol natural, embalagem de 6 x 100g",,2.99,4.98,0,kg,€/Kg,,,https://driveimg1.intermarche.com/pt/Content/images/boitmal/produit/zoom/E05E5353FD11FB2707504DEA431D86EA.jpg,,,,2025-03-19T23:59:59.999999999Z,PROSPECTUS,11,3,,,,
12468,8435250439584,256.0,Nestlé,"Iogurte mix in smarties morango, embalagem de 2 x 128 g",,2.09,8.16,0,kg,€/Kg,,,https://driveimg1.intermarche.com/pt/Content/images/boitmal/produit/zoom/546EB338CC6149CC0CDDECE6E5ABF48D.jpg,,,,2025-03-19T23:59:59.999999999Z,PROSPECTUS,11,3,,,,
14339,3387390325911,630.0,Nestlé,Cereais fitness,Embalagem de 630g,5.24,8.32,0,kg,€/Kg,,,https://driveimg1.intermarche.com/pt/Content/images/boitmal/produit/zoom/622620E65D6916D40BA230709DD6C726.jpg,,,,2025-03-19T23:59:59.999999999Z,PROSPECTUS,11,3,,,,
18426,3600541887817,400.0,Garnier,Champô Ultra Suave Delicias de Aveia,Embalagem de 400 ml,3.79,9.48,400,L,€/L,,,https://driveimg1.intermarche.com/pt/Content/images/boitmal/produit/zoom/FB3520AB0507187656A408B0D650CF4F.jpg,,,,2025-03-19T23:59:59.999999999Z,PROSPECTUS,11,3,,,,
20201,5603722516221,1500.0,Pleno,"Tisana chá camomila e romã, de 1,5 l",,1.59,1.06,1500,L,€/L,,,https://driveimg1.intermarche.com/pt/Content/images/boitmal/produit/zoom/7D295EE342D567A594A666D24B68A8E1.jpg,,,,2025-03-19T23:59:59.999999999Z,PROSPECTUS,11,3,,,,
20546,3387390326468,375.0,Nestlé,Cereais fitness chocolate,Embalagem de 380g,3.99,10.64,0,kg,€/Kg,,,https://driveimg1.intermarche.com/pt/Content/images/boitmal/produit/zoom/3B69CCD1D22119150AD46AAF10E61DE1.jpg,,,,2025-03-19T23:59:59.999999999Z,PROSPECTUS,11,4,,,,
20620,7613031497126,375.0,Nestlé,"Cereais fitness chocolate preto, embalagem de 375g",,3.99,10.64,0,kg,€/Kg,,,https://driveimg1.intermarche.com/pt/Content/images/boitmal/produit/zoom/20CCA311279667ADD25FA01E9050F1D6.jpg,,,,2025-03-19T23:59:59.999999999Z,PROSPECTUS,11,4,,,,
22943,5604260280964,130.0,PorSi Viva Bem,Tortitas de milho sem sal,Embalagem de 130g,0.79,6.08,0,kg,€/Kg,,,https://driveimg1.intermarche.com/pt/Content/images/boitmal/produit/zoom/E24B7AB652120DBF2BA68756AF0B6F0B.jpg,,,,2025-03-19T23:59:59.999999999Z,PROSPECTUS,11,4,,,,
2506,7613033269707,400.0,Friskies,Ração para gato adulto com atum e legumes selecionados,Embalagem de 400g,1.86,4.65,0,kg,€/Kg,,,https://driveimg1.intermarche.com/pt/Content/images/boitmal/produit/zoom/78CC0CA3CDAE4BE7B2C258204163FE70.jpg,,,,2025-03-19T23:59:59.999999999Z,PROSPECTUS,11,4,,,,
25538,7613035800281,1500.0,Friskies,Ração para gato esterilizado com peru,"Embalagem de 1,5 kg",5.84,3.89,0,kg,€/Kg,,,https://driveimg1.intermarche.com/pt/Content/images/boitmal/produit/zoom/FF9C78F9FCA49B5C5370D6F754BBF1C8.jpg,,,,2025-03-19T23:59:59.999999999Z,PROSPECTUS,11,4,,,,
2778,8410168399939,4000.0,Friskies,"Ração para gato adulto com coelho, embalagem de 4 kg",,9.99,2.5,0,kg,€/Kg,,,https://driveimg1.intermarche.com/pt/Content/images/boitmal/produit/zoom/48E426D2CA0EFD97E75332E6A0553A7B.jpg,,,,2025-03-19T23:59:59.999999999Z,PROSPECTUS,11,4,,,,
32326,8002205352009,2000.0,Friskies,Ração para gato adulto com salmão e legumes,Embalagem de 2 kg,6.74,3.37,0,kg,€/Kg,,,https://driveimg1.intermarche.com/pt/Content/images/boitmal/produit/zoom/7BB16DEB21172930AE30D98EA700F916.jpg,,,,2025-03-19T23:59:59.999999999Z,PROSPECTUS,11,4,,,,
33400,5604260285228,4000.0,PorSi,Alimento seco para cão mix,Embalagem de 4 kg,5.99,1.5,0,kg,€/Kg,,,https://driveimg1.intermarche.com/pt/Content/images/boitmal/produit/zoom/3AA045D73049470D10C23032126C6A0F.jpg,,,,2025-03-19T23:59:59.999999999Z,PROSPECTUS,11,4,,,,
35705,3021768203615,360.0,Gogo,"Conjunto de saquetas de fruta maçã e morango, embalagem de 4 x 90g",,2.69,7.47,0,kg,€/Kg,,,https://driveimg1.intermarche.com/pt/Content/images/boitmal/produit/zoom/50D9F740E1739930D14334FC3B6F4DCC.jpg,,,,2025-03-19T23:59:59.999999999Z,PROSPECTUS,11,4,,,,
42143,5604260303854,1000.0,PorSi,"Polpa de tomate, 1 kg",,1.89,1.89,0,kg,€/Kg,,,https://driveimg1.intermarche.com/pt/Content/images/boitmal/produit/zoom/5C6D0BDD08334C8A912AFC708375CFDC.jpg,,,,2025-03-19T23:59:59.999999999Z,PROSPECTUS,11,4,,,,
47933,5604260319558,96.0,PorSi,Café espresso descafeinado intensidade 6,16 cápsulas,3.49,36.35,0,kg,€/Kg,,,https://driveimg1.intermarche.com/pt/Content/images/boitmal/produit/zoom/E41919E5BDA62510C85250B2A50FD3A3.jpg,,,,2025-03-19T23:59:59.999999999Z,PROSPECTUS,11,4,,,,
48044,5604260316304,60.0,PorSi,Snack Gato Anti Bolas de Pelo,Embalagem 60 g,0.89,14.83,0,kg,€/Kg,,,https://driveimg1.intermarche.com/pt/Content/images/boitmal/produit/zoom/D89DDEE3AB023A90C2B010422B623F96.jpg,,,,2025-03-19T23:59:59.999999999Z,PROSPECTUS,11,4,,,,
49763,5601050037579,460.0,Danone,"Iogurte activia fibras aveia & frutos secos, 4x115g",,2.39,5.2,0,kg,€/Kg,,,https://driveimg1.intermarche.com/pt/Content/images/boitmal/produit/zoom/D3105D0A7021B60785802EF13F61AE8F.jpg,,,,2025-03-19T23:59:59.999999999Z,PROSPECTUS,11,4,,,,
52786,5900020043481,310.0,Nestlé,"Cereais Protein Fitness 0% Cacau, 310g",,3.34,10.77,0,kg,€/Kg,,,https://driveimg1.intermarche.com/pt/Content/images/boitmal/produit/zoom/619233658842A9E70E868A5A69A9679E.jpg,,,,2025-03-19T23:59:59.999999999Z,PROSPECTUS,11,4,,,,
53727,8006540213872,340.0,Fairy,Detergente Manual Loiça Jasmim Rosa,Embalagem de 340ml,1.59,4.68,340,L,€/L,,,https://driveimg1.intermarche.com/pt/Content/images/boitmal/produit/zoom/1AB552FD9F32E3C9F600BFDE936D2188.jpg,,,,2025-03-19T23:59:59.999999999Z,PROSPECTUS,11,4,,,,
6475,8410436242264,1100.0,Sonasol,"Lava Tudo Brilhante Madeira, embalagem 1,1l",,2.79,2.54,1100,L,€/L,,,https://driveimg1.intermarche.com/pt/Content/images/boitmal/produit/zoom/253E2DA4BDA6D34BDD85D7C760DD7434.jpg,,,,2025-03-19T23:59:59.999999999Z,PROSPECTUS,11,4,,,,
8522,5601119956827,120.0,Nobre,"Fiambre da pá fatiado, embalagem de 120g",,1.4,11.67,0,kg,€/Kg,,,https://driveimg1.intermarche.com/pt/Content/images/boitmal/produit/zoom/7FA5FFB88CF3A01479601F4908E2A3A5.jpg,,,,2025-03-19T23:59:59.999999999Z,PROSPECTUS,11,4,,,,
14470,5000289925440,700.0,Gordons,Gin dry,Garrafa de 700 ml,13.99,19.99,700,L,€/L,,,https://driveimg1.intermarche.com/pt/Content/images/boitmal/produit/zoom/D55937CEA347BBDAFF1873A2B59C5243.jpg,,,,2025-03-19T23:59:59.999999999Z,PROSPECTUS,11,4,,,,
28601,7613034196453,680.0,Purina Gourmet,Comida húmida para gato finos pedaços em molho,Embalagem de 680g,4.64,6.82,0,kg,€/Kg,,,https://driveimg1.intermarche.com/pt/Content/images/boitmal/produit/zoom/913F2A9EEBC89BDE539CE130E00F4167.jpg,,,,2025-03-19T23:59:59.999999999Z,PROSPECTUS,11,4,,,,
31576,8008698024188,250.0,Schar,Schär pão rústico fatiado sem glúten,Embalagem de 250g,2.99,11.96,0,kg,€/Kg,,,https://driveimg1.intermarche.com/pt/Content/images/boitmal/produit/zoom/B45C3E3B1D2C6ED89028C1D52D629213.jpg,,,,2025-03-19T23:59:59.999999999Z,PROSPECTUS,11,4,,,,
32301,4005900377814,150.0,Nivea,"Desodorizante spray black & white active men, 150 ml",,3.14,20.93,150,L,€/L,,,https://driveimg1.intermarche.com/pt/Content/images/boitmal/produit/zoom/F5ED8FD84EC27F00F1BBC369E3567854.jpg,,,,2025-03-19T23:59:59.999999999Z,PROSPECTUS,11,4,,,,
4409,3600550266917,200.0,Narta,"Desodorizante spray, protect.5",Embalagem de 200 ml,2.69,13.45,200,L,€/L,,,https://driveimg1.intermarche.com/pt/Content/images/boitmal/produit/zoom/7C71A1978C10610C24EF8E897CF38176.jpg,,,,2025-03-19T23:59:59.999999999Z,PROSPECTUS,11,4,,,,
44747,8722700210641,32.0,Lipton,"Chá verde 20 saquetas, embalagem de 32g",,1.65,51.56,0,kg,€/Kg,,,https://driveimg1.intermarche.com/pt/Content/images/boitmal/produit/zoom/A6E7510DD313681656D5ACEBB7B8BE51.jpg,,,,2025-03-19T23:59:59.999999999Z,PROSPECTUS,11,4,,,,
476,3010470159020,400.0,Friskies,"Ração para gato adulto com coelho, frango e legumes",Embalagem de 400g,1.86,4.65,0,kg,€/Kg,,,https://driveimg1.intermarche.com/pt/Content/images/boitmal/produit/zoom/14A83E0B863A6F9B6D934AF2C5E8BC68.jpg,,,,2025-03-19T23:59:59.999999999Z,PROSPECTUS,11,4,,,,
47648,5601119355378,120.0,Nobre,"Fiambre perna extra braseado finissimas, embalagem de 120g",,1.89,15.75,0,kg,€/Kg,,,https://driveimg1.intermarche.com/pt/Content/images/boitmal/produit/zoom/A268D38DBDCD3538A067D252174C096B.jpg,,,,2025-03-19T23:59:59.999999999Z,PROSPECTUS,11,4,,,,
48043,5604260316311,30.0,PorSi,Snack gato sticks salmao 6x5g,Embalagem de 30g,0.89,29.67,0,kg,€/Kg,,,https://driveimg1.intermarche.com/pt/Content/images/boitmal/produit/zoom/2B5186AEB3C1F275BB9CDB07A288E316.jpg,https://driveimg1.intermarche.com/pt/Content/images/boitmal/produit/zoom/B977CF811A30D7FC44F28505C2E9D367.jpg,https://driveimg1.intermarche.com/pt/Content/images/boitmal/produit/zoom/B977CF811A30D7FC44F28505C2E9D367.jpg,https://driveimg1.intermarche.com/pt/Content/images/boitmal/produit/zoom/B977CF811A30D7FC44F28505C2E9D367.jpg,2025-03-19T23:59:59.999999999Z,PROSPECTUS,11,4,,,,
48046,5604260316328,60.0,PorSi,Snack gato salmao,Embalagem de 60g,0.89,14.83,0,kg,€/Kg,,,https://driveimg1.intermarche.com/pt/Content/images/boitmal/produit/zoom/CD174E65B6D8C4723BDA1F4410CE9692.jpg,https://driveimg1.intermarche.com/pt/Content/images/boitmal/produit/zoom/33555CEC353837496FC2B04DE0128774.jpg,https://driveimg1.intermarche.com/pt/Content/images/boitmal/produit/zoom/33555CEC353837496FC2B04DE0128774.jpg,https://driveimg1.intermarche.com/pt/Content/images/boitmal/produit/zoom/33555CEC353837496FC2B04DE0128774.jpg,2025-03-19T23:59:59.999999999Z,PROSPECTUS,11,4,https://driveimg1.intermarche.com/pt/Content/images/boitmal/produit/zoom/33555CEC353837496FC2B04DE0128774.jpg,,,
48048,5604260316250,120.0,PorSi,Snack cao up multitiras 12x10g,Embalagem de 120g,1.15,9.58,0,kg,€/Kg,,,https://driveimg1.intermarche.com/pt/Content/images/boitmal/produit/zoom/0BFBB603265EAE5DBB12A5371274172E.jpg,https://driveimg1.intermarche.com/pt/Content/images/boitmal/produit/zoom/AC5327BAC083A5D41AC2284C32FF4A84.jpg,https://driveimg1.intermarche.com/pt/Content/images/boitmal/produit/zoom/AC5327BAC083A5D41AC2284C32FF4A84.jpg,https://driveimg1.intermarche.com/pt/Content/images/boitmal/produit/zoom/AC5327BAC083A5D41AC2284C32FF4A84.jpg,2025-03-19T23:59:59.999999999Z,PROSPECTUS,11,4,,,,
49819,5603722517327,600.0,Matinal,"Leite seleccionado leve, pack 3 x 200 ml",,1.43,2.38,600,L,€/L,,,https://driveimg1.intermarche.com/pt/Content/images/boitmal/produit/zoom/4E1E39519082067F8E10CE178A1C4928.jpg,,,,2025-03-19T23:59:59.999999999Z,PROSPECTUS,11,4,,,,
5040,5601029001310,115.0,Pitéu,"Mexilhão escabeche, embalagem de 115g",,1.8,15.65,0,kg,€/Kg,,,https://driveimg1.intermarche.com/pt/Content/images/boitmal/produit/zoom/BD3FC46F63E363AEC58C281136A05ECE.jpg,,,,2025-03-19T23:59:59.999999999Z,PROSPECTUS,11,4,,,,
51912,3073781193060,125.0,A Vaca Que Ri,"Queijo fundido, 125g",,1.79,14.32,0,kg,€/Kg,,,https://driveimg1.intermarche.com/pt/Content/images/boitmal/produit/zoom/3FC94A6D07313D7F7E804BD53D0400B8.jpg,,,,2025-03-19T23:59:59.999999999Z,PROSPECTUS,11,4,,,,
52769,5604260331390,415.0,PorSi,Pizza Carbonara em Forno de Pedra,Embalagem de 415g,2.79,6.72,0,kg,€/Kg,,,https://driveimg1.intermarche.com/pt/Content/images/boitmal/produit/zoom/2C94AA05FFE95FFA57433A85A9B1141E.jpg,,,,2025-03-19T23:59:59.999999999Z,PROSPECTUS,11,4,,,,
53759,8435495833864,4050.0,Gama,Detergente Máquina Roupa Líquido Floral,Embalagem de 90 Doses,9.99,2.47,4050,L,€/L,,,https://driveimg1.intermarche.com/pt/Content/images/boitmal/produit/zoom/E1E291536BF780CF5BF8B661E6DDC660.jpg,https://driveimg1.intermarche.com/pt/Content/images/boitmal/produit/zoom/B1444808EE37FB337A50B68241AE2CB7.jpg,https://driveimg1.intermarche.com/pt/Content/images/boitmal/produit/zoom/B1444808EE37FB337A50B68241AE2CB7.jpg,,2025-03-19T23:59:59.999999999Z,PROSPECTUS,11,4,,,,
7050,2894090000000,150.0,Campofrio,Peito frango forno de lenha,1 un = 150 gr (aprox.),2.25,14.99,0,,€/Kg,,,https://driveimg1.intermarche.com/pt/Content/images/boitmal/produit/zoom/6772968344189119743079B1997DCA88.jpg,,,,2025-03-19T23:59:59.999999999Z,PROSPECTUS,11,4,,,,
7550,3600541550087,400.0,Garnier,Champô Ultra Suave tesouros de mel,Embalagem de 400 ml,3.76,9.4,400,L,€/L,,,https://driveimg1.intermarche.com/pt/Content/images/boitmal/produit/zoom/9E0A30A6E488599D224D7FC06927B67E.jpg,,,,2025-03-19T23:59:59.999999999Z,PROSPECTUS,11,4,,,,
12237,7613034725936,390.0,Nesquik,"Achocolatado em pó extra chocolate, embalagem de 390g",,4.75,12.18,0,kg,€/Kg,,,https://driveimg1.intermarche.com/pt/Content/images/boitmal/produit/zoom/353302D99749C8164ECF43D711820BAA.jpg,,,,2025-03-19T23:59:59.999999999Z,PROSPECTUS,11,4,,,,
13582,2893577000000,400.0,Peixaria,Solha Congelada,,2.12,5.29,0,,€/Kg,,Avantages !,https://driveimg1.intermarche.com/pt/Content/images/boitmal/produit/zoom/09CD29C77ECA15BC59D0A288B72C20B4.jpg,,,,2025-03-19T23:59:59.999999999Z,PROSPECTUS,11,4,,,,
15504,5601050031669,480.0,Danone,"Iogurte activia cremoso frutos silvestres,  4 x 120 g",,1.99,4.15,0,kg,€/Kg,,,https://driveimg1.intermarche.com/pt/Content/images/boitmal/produit/zoom/026F552D6926173F10573B7F8F21FD44.jpg,,,,2025-03-19T23:59:59.999999999Z,PROSPECTUS,11,4,,,,
1552,5601517181104,250.0,Paladin,"Vinagre balsâmico, spray",Garrafa de 250 ml,1.45,5.8,250,L,€/L,,,https://driveimg1.intermarche.com/pt/Content/images/boitmal/produit/zoom/F6A79509E79FD898F8F0846270BA2BEA.jpg,,,,2025-03-19T23:59:59.999999999Z,PROSPECTUS,11,4,,,,
1558,5601517311419,80.0,Paladin,"Piripiri sacana, extra forte",Garrafa de 80 ml,1.49,18.63,80,L,€/L,,,https://driveimg1.intermarche.com/pt/Content/images/boitmal/produit/zoom/CEFDAA1DD4836275B6F55392B06CF7D8.jpg,,,,2025-03-19T23:59:59.999999999Z,PROSPECTUS,11,4,,,,
15889,5000116112180,208.0,Capitão Iglo,"10 nuggets de frango com cereais integrais, embalagem de 208 g",,5.99,28.8,0,kg,€/Kg,,Tipo de stockagem,https://driveimg1.intermarche.com/pt/Content/images/boitmal/produit/zoom/A3B56B43D7DCCFA80725BB4E8335CE2C.jpg,,,,2025-03-19T23:59:59.999999999Z,PROSPECTUS,11,4,,,,
22254,3600542027533,250.0,Garnier,Champô Ultra Suave Limão & Argila,Embalagem de 400 ml,3.76,15.04,250,L,€/L,,,https://driveimg1.intermarche.com/pt/Content/images/boitmal/produit/zoom/B46B172AF899CCD0B477609F00A4B15C.jpg,,,,2025-03-19T23:59:59.999999999Z,PROSPECTUS,11,4,,,,
2369,5606669091783,450.0,Brasmar,Preparado para arroz de marisco,Embalagem de 450 g,3.89,8.64,0,kg,€/Kg,,Tipo de stockagem,https://driveimg1.intermarche.com/pt/Content/images/boitmal/produit/zoom/30AEE929F2CD61652544DDD9E550F719.jpg,https://driveimg1.intermarche.com/pt/Content/images/boitmal/produit/zoom/3DD300B3850A8A7396BC6133488A6CBF.jpg,,,2025-03-19T23:59:59.999999999Z,PROSPECTUS,11,4,,,,
2508,7613033279430,2000.0,Friskies,Ração para gato adulto com atum e legumes selecionados,Embalagem de 2 kg,6.74,3.37,0,kg,€/Kg,,,https://driveimg1.intermarche.com/pt/Content/images/boitmal/produit/zoom/0F913FD1C5AA9D0E2034D5E2B4F52E67.jpg,,,,2025-03-19T23:59:59.999999999Z,PROSPECTUS,11,4,,,,
25542,7613035378681,115.0,Purina One,Snack de higiene oral diária para cão médio,Embalagem de 115 g,2.24,19.48,0,kg,€/Kg,,,https://driveimg1.intermarche.com/pt/Content/images/boitmal/produit/zoom/CC61BC096B4044BD95549C5F6B38B6BE.jpg,,,,2025-03-19T23:59:59.999999999Z,PROSPECTUS,11,4,,,,
284,0000080393320,85.0,Purina Gourmet,"Comida húmida para gato mousse com vaca, embalagem de 90g",,0.87,10.24,0,kg,€/Kg,,,https://driveimg1.intermarche.com/pt/Content/images/boitmal/produit/zoom/999600DE38174FC22F21A586B409CFE0.jpg,,,,2025-03-19T23:59:59.999999999Z,PROSPECTUS,11,4,,,,
31215,5601692071498,1000.0,Bom sucesso,Arroz para risotto bom sucesso,Embalagem de 1 kg,2.44,2.44,0,kg,€/Kg,,,https://driveimg1.intermarche.com/pt/Content/images/boitmal/produit/zoom/16A389855C25CFF7AFC03E1E9FD5F3C2.jpg,,,,2025-03-19T23:59:59.999999999Z,PROSPECTUS,11,4,,,,
