identifier,produitEan13,capacite,marque,libelle,conditionnement,prix,unitPrice,volume,typeProduit_uniteByCode,unit_value,pictogrammes_0,pictogrammes_libelleCategorie,images_0,images_1,images_2,avantages_dateFin,avantages_categorie,nro_paginas,page,images_3
14684,0000080177173,350.0,Nutella,Creme para barrar de avelãs e cacau,Embalagem de 350G,4.29,12.26,0,kg,€/Kg,,,https://driveimg1.intermarche.com/pt/Content/images/boitmal/produit/zoom/3277225B3D0CAE93D52B7650F565CAA9.jpg,,,2024-11-13T23:59:59.999999999Z,PROSPECTUS,8,1,
9293,5603722493942,250.0,Primor,Manteiga pasteurizada com sal cuvet,Embalagem de 250g,1.99,7.96,0,kg,€/Kg,,,https://driveimg1.intermarche.com/pt/Content/images/boitmal/produit/zoom/5B98CBCDF9DE77B1D84C2C6375C3439D.jpg,,,2024-11-13T23:59:59.999999999Z,PROSPECTUS,8,1,
1323,5601163020512,9000.0,Luso,Água s/ gás,Pack 6 x 1.5 l,3.48,0.39,9000,L,€/L,,,https://driveimg1.intermarche.com/pt/Content/images/boitmal/produit/zoom/571D03B7CBBBB17BF53B16AF9AF5385C.jpg,,,2024-11-13T23:59:59.999999999Z,PROSPECTUS,8,1,
26047,8412600070994,650.0,Bimbo,Pão de forma s/ côdea,Embalagem de 650 g,2.09,3.22,0,kg,€/Kg,,,https://driveimg1.intermarche.com/pt/Content/images/boitmal/produit/zoom/998967574B383CCF8D49F03316F06108.jpg,,,2024-11-13T23:59:59.999999999Z,PROSPECTUS,8,1,
22232,8410320104500,80.0,Campofrio,Salame fat,Embalagem de 80g,1.59,19.88,0,kg,€/Kg,,,https://driveimg1.intermarche.com/pt/Content/images/boitmal/produit/zoom/55984918C252981E6C8956EFD4419256.jpg,,,2024-11-13T23:59:59.999999999Z,PROSPECTUS,8,1,
12972,2892040000000,1000.0,Fruta,Banana,1 un = 200 gr (aprox.),1.09,1.09,0,,€/Kg,,,https://driveimg1.intermarche.com/pt/Content/images/boitmal/produit/zoom/C368220872795E9863F1F37C2230CCEA.jpg,,,2024-11-13T23:59:59.999999999Z,PROSPECTUS,8,1,
18595,8410500016012,400.0,Danonino Danone,"Iogurte líquido danonino morango,  4 x 100 g",,1.99,4.98,0,kg,€/Kg,,,https://driveimg1.intermarche.com/pt/Content/images/boitmal/produit/zoom/0E203361E14F23CD94ABD0BD721CC32D.jpg,,,2024-11-13T23:59:59.999999999Z,PROSPECTUS,8,1,
9292,5603722493812,250.0,Matinal,Manteiga Magra,Embalagem de 250g,2.29,9.16,0,kg,€/Kg,,,https://driveimg1.intermarche.com/pt/Content/images/boitmal/produit/zoom/B0EFE8F0BAC9D546B0137E2AAE6CB19F.jpg,,,2024-11-13T23:59:59.999999999Z,PROSPECTUS,8,1,
16066,7509546064864,75.0,Colgate,Pasta de dentes max white expert white,Embalagem de 75 ml,3.84,51.2,75,L,€/L,,,https://driveimg1.intermarche.com/pt/Content/images/boitmal/produit/zoom/0EA2A285777A75857921065AAC674A4A.jpg,,,2024-11-13T23:59:59.999999999Z,PROSPECTUS,8,1,
16607,8712561521529,700.0,Cif,Creme abrasivo original,Garrafa de 700 ml,2.69,3.84,700,L,€/L,,,https://driveimg1.intermarche.com/pt/Content/images/boitmal/produit/zoom/30CCCA0B503F489882A8FCB31275E9C6.jpg,,,2024-11-13T23:59:59.999999999Z,PROSPECTUS,8,1,
10883,3147690024804,750.0,Cruz,Porto special reserva," garrafa de 0,75 l",9.99,13.32,750,L,€/L,,,https://driveimg1.intermarche.com/pt/Content/images/boitmal/produit/zoom/5412F5BAD71AEECD499C4A815F23A7D8.jpg,,,2024-11-13T23:59:59.999999999Z,PROSPECTUS,8,1,
15489,7613031884247,4000.0,Friskies,"Ração para gato adulto com vaca, frango",Embalagem de 4kg,10.79,2.7,0,kg,€/Kg,,,https://driveimg1.intermarche.com/pt/Content/images/boitmal/produit/zoom/3758935B87F55535F41EEF08B41E8342.jpg,,,2024-11-13T23:59:59.999999999Z,PROSPECTUS,8,1,
1188,5601119007970,200.0,Nobre,Salsichas de porco,Lata de 200g,1.39,6.95,0,kg,€/Kg,,,https://driveimg1.intermarche.com/pt/Content/images/boitmal/produit/zoom/01CF2549C0E08C23060DD310D0C9B5DD.jpg,,,2024-11-13T23:59:59.999999999Z,PROSPECTUS,8,1,
13048,2893561000000,250.0,Marisco,Ameijoa Branca Vietnamita Congelada,Vendido a partir de 250 gr  (aprox.),0.5,1.99,0,,€/Kg,,Avantages !,https://driveimg1.intermarche.com/pt/Content/images/boitmal/produit/zoom/EB1BC296FF41180E6F3E1626AD4F78AA.jpg,,,2024-11-13T23:59:59.999999999Z,PROSPECTUS,8,1,
31908,8001090134226,,Dodot,Toalhita Azul,Embalagem de 64 un.,0.99,0.99,0,,€/Unidade,,,https://driveimg1.intermarche.com/pt/Content/images/boitmal/produit/zoom/A40107D24C6ED2C9535BA1C356D2F9D5.jpg,,,2024-11-13T23:59:59.999999999Z,PROSPECTUS,8,1,
14861,2696026000000,90.0,Padaria,Pão da Avó 90 g,,0.29,3.22,0,kg,€/Kg,,,https://driveimg1.intermarche.com/pt/Content/images/boitmal/produit/zoom/181141F58BD1675F6CCB7D7436484D87.jpg,,,2024-11-13T23:59:59.999999999Z,PROSPECTUS,8,1,
13522,2893514000000,200.0,Peixaria,Choco Pequeno Congelado,1 un= 200 gr (aprox.),1.9,9.49,0,,€/Kg,,Avantages !,https://driveimg1.intermarche.com/pt/Content/images/boitmal/produit/zoom/37754AAC1A8B81BA5D21C470572981B5.jpg,,,2024-11-13T23:59:59.999999999Z,PROSPECTUS,8,1,
24370,5601050033052,620.0,Danone,"Iogurte líquido morango / framboesa corpos danone,  4 x 155 g",,1.89,3.05,0,kg,€/Kg,,,https://driveimg1.intermarche.com/pt/Content/images/boitmal/produit/zoom/944714BB6E54D611AAE53F4C9C525265.jpg,,,2024-11-13T23:59:59.999999999Z,PROSPECTUS,8,1,
14698,7613034570512,90.0,Nestlé,Fruta para bebé 4 frutas +4 meses,Embalagem de 90g,0.78,8.67,0,kg,€/Kg,,,https://driveimg1.intermarche.com/pt/Content/images/boitmal/produit/zoom/0783A3CBD6B546AE24E09BF08DF0A429.jpg,,,2024-11-13T23:59:59.999999999Z,PROSPECTUS,8,1,
52919,0000059095330,50.0,Dove,Desodorizante Roll-On Advanced Talc 48h,Embalagem de 50 ml,2.99,59.8,50,L,€/L,,,https://driveimg1.intermarche.com/pt/Content/images/boitmal/produit/zoom/5C49F244E4A2890D7D6E61B39AE881B6.jpg,,,2024-11-13T23:59:59.999999999Z,PROSPECTUS,8,1,
51113,8720181262784,500.0,Cif,"Limpa Casa Banho Spray Higiene c/ Lixívia, 500 ml",,1.99,3.98,500,L,€/L,,,https://driveimg1.intermarche.com/pt/Content/images/boitmal/produit/zoom/269947C1E7ED82654B4A41635C3A67E7.jpg,,,2024-11-13T23:59:59.999999999Z,PROSPECTUS,8,1,
8915,5601356013925,750.0,Porta da Ravessa,Vinho doc alentejo reseva branco,Garrafa de 0.75 l,2.99,3.99,750,L,€/L,,,https://driveimg1.intermarche.com/pt/Content/images/boitmal/produit/zoom/11D5FD31BE53576219787F9D101E8F85.jpg,,,2024-11-13T23:59:59.999999999Z,PROSPECTUS,8,1,
2778,8410168399939,4000.0,Friskies,Ração para gato adulto com coelho,Embalagem de 4 kg,10.79,2.7,0,kg,€/Kg,,,https://driveimg1.intermarche.com/pt/Content/images/boitmal/produit/zoom/D77E234EEC231A513DCFB3E4E6B53BA0.jpg,,,2024-11-13T23:59:59.999999999Z,PROSPECTUS,8,1,
13897,2891053000000,1000.0,Porco,Lombo sem Osso,Vendido ao peso a partir de 1 kg,4.99,4.99,0,,€/Kg,,,https://driveimg1.intermarche.com/pt/Content/images/boitmal/produit/zoom/415564DA70574ED3C1D7475F1F28BDB6.jpg,,,2024-11-13T23:59:59.999999999Z,PROSPECTUS,8,1,
15161,5604260274246,1000.0,PorSi,Cenouras Programa Origens,Embalagem de 1 kg,0.89,0.89,0,kg,€/Kg,,,https://driveimg1.intermarche.com/pt/Content/images/boitmal/produit/zoom/2C5D90EF430B0C18141C519CD5070475.jpg,,,2024-11-13T23:59:59.999999999Z,PROSPECTUS,8,1,
12909,2892005000000,250.0,Fruta,Laranja Económica,1 un = 250 gr  (aprox.),0.35,1.39,0,,€/Kg,,,https://driveimg1.intermarche.com/pt/Content/images/boitmal/produit/zoom/E1EAB292C303D77FDC2FE941695C0092.jpg,,,2024-11-13T23:59:59.999999999Z,PROSPECTUS,8,1,
13865,2891042000000,1000.0,Porco,Costeletas do Cachaço,Vendido ao peso a partir de 1 kg,4.98,4.98,0,,€/Kg,,,https://driveimg1.intermarche.com/pt/Content/images/boitmal/produit/zoom/9CC30521C194F3CF0E71F32C6E004880.jpg,,,2024-11-13T23:59:59.999999999Z,PROSPECTUS,8,1,
13817,2892582000000,250.0,Legumes,Pimento Verde,1 un = 250 gr  (aprox.),0.6,2.39,0,,€/Kg,,,https://driveimg1.intermarche.com/pt/Content/images/boitmal/produit/zoom/7B3A4CEB1862E90C3453A121EC9872E4.jpg,,,2024-11-13T23:59:59.999999999Z,PROSPECTUS,8,1,
16420,5604260248070,250.0,PorSi,Creme vegetal para culinária,Embalagem de 250g,0.77,3.08,0,kg,€/Kg,,,https://driveimg1.intermarche.com/pt/Content/images/boitmal/produit/zoom/A51DBC41FEB55C6E0E677706BC601410.jpg,,,2024-11-13T23:59:59.999999999Z,PROSPECTUS,8,1,
13866,2891048000000,1000.0,Porco,Bifanas,Vendido ao peso a partir de 1 kg,4.98,4.98,0,,€/Kg,,,https://driveimg1.intermarche.com/pt/Content/images/boitmal/produit/zoom/C9E276B082B119EFEDC2A2B0E1BC737E.jpg,,,2024-11-13T23:59:59.999999999Z,PROSPECTUS,8,1,
15010,2892545000000,1000.0,Programa Origens,Couve Flor,1 un = 1 kg (aprox.),1.69,1.69,0,,€/Kg,,,https://driveimg1.intermarche.com/pt/Content/images/boitmal/produit/zoom/73DF9B2986748054B9303F926F23B964.jpg,,,2024-11-13T23:59:59.999999999Z,PROSPECTUS,8,1,
15060,2892453000000,1000.0,Programa Origens,Abóbora Butternut,1 un = 1 kg (aprox.),0.99,0.99,0,,€/Kg,,,https://driveimg1.intermarche.com/pt/Content/images/boitmal/produit/zoom/EAB55C948223F5C0DA9E5CFE8535733D.jpg,,,2024-11-13T23:59:59.999999999Z,PROSPECTUS,8,1,
16419,5604260127535,1000.0,PorSi,Creme vegetal para culinária,Embalagem de 1 kg,2.49,2.49,0,kg,€/Kg,,,https://driveimg1.intermarche.com/pt/Content/images/boitmal/produit/zoom/EFC5230486AA9D2C9C956D01F8E963C1.jpg,,,2024-11-13T23:59:59.999999999Z,PROSPECTUS,8,1,
21575,2696085000000,400.0,Padaria,Pão com Chouriço,1 unidade = 110 gr,0.89,2.23,0,kg,€/Kg,,,https://driveimg1.intermarche.com/pt/Content/images/boitmal/produit/zoom/673C28446F7F888A1D0D3823120949B6.jpg,,,2024-11-13T23:59:59.999999999Z,PROSPECTUS,8,1,
11523,5601051410029,250.0,Primor,"Manteiga com sal, 250g",,1.97,7.88,0,kg,€/Kg,,,https://driveimg1.intermarche.com/pt/Content/images/boitmal/produit/zoom/5E7E0622B0F1F3C827A5445EBDA354EF.jpg,,,2024-11-13T23:59:59.999999999Z,PROSPECTUS,8,1,
1189,5601119007987,250.0,Nobre,Salsichas de porco,Lata de 250g,1.67,6.68,0,kg,€/Kg,,,https://driveimg1.intermarche.com/pt/Content/images/boitmal/produit/zoom/098AB25EB23B66D623E253A97FD15BDF.jpg,,,2024-11-13T23:59:59.999999999Z,PROSPECTUS,8,1,
12889,2892175000000,150.0,Fruta,Kiwi categoria II,1 un = 150 gr (aprox.),0.52,3.49,0,,€/Kg,,,https://driveimg1.intermarche.com/pt/Content/images/boitmal/produit/zoom/8ECB4A8CBEF9251912188D64C7413AB3.jpg,,,2024-11-13T23:59:59.999999999Z,PROSPECTUS,8,1,
14346,3387390406849,150.0,Nestlé,Barras cereais chocapic,Embalagem de 150g,2.99,19.93,0,kg,€/Kg,,,https://driveimg1.intermarche.com/pt/Content/images/boitmal/produit/zoom/62C7C838E38BFF97731D8D005E4F2D59.jpg,,,2024-11-13T23:59:59.999999999Z,PROSPECTUS,8,1,
15059,2892578000000,200.0,Legumes,Nabo Roxo sem Rama,1 un = 200 gr (aprox.),0.4,1.99,0,,€/Kg,,,https://driveimg1.intermarche.com/pt/Content/images/boitmal/produit/zoom/EECF99CF1D26FD88C91EC2A5B22EA3C8.jpg,,,2024-11-13T23:59:59.999999999Z,PROSPECTUS,8,1,
16857,5603344531114,110.0,General,Atum natural,Embalagem de 110g,1.1,10.0,0,kg,€/Kg,,,https://driveimg1.intermarche.com/pt/Content/images/boitmal/produit/zoom/134BCB035260DA080E0EB7CE51D7253D.jpg,,,2024-11-13T23:59:59.999999999Z,PROSPECTUS,8,1,
17430,2696318000000,500.0,Padaria,Pão de Trigo da Benedita,500 g,0.99,1.98,0,kg,€/Kg,,,https://driveimg1.intermarche.com/pt/Content/images/boitmal/produit/zoom/6A63783BD07721517E04DA6CF8FD94ED.jpg,,,2024-11-13T23:59:59.999999999Z,PROSPECTUS,8,1,
2306,5604260271672,800.0,PorSi,Bacalhau posta média,Embalagem de 800g,8.99,11.24,0,kg,€/Kg,,Tipo de stockagem,https://driveimg1.intermarche.com/pt/Content/images/boitmal/produit/zoom/46A5E7A7E6BD0748CBF480302ABE9AAC.jpg,,,2024-11-13T23:59:59.999999999Z,PROSPECTUS,8,1,
25861,5603722509759,800.0,Mimosa,Leite C/ Chocolate,Embalagem de 4 x 200 ml,1.49,1.86,800,L,€/L,,,https://driveimg1.intermarche.com/pt/Content/images/boitmal/produit/zoom/754E59DFB7314FD42DB15B9A65008D5F.jpg,,,2024-11-13T23:59:59.999999999Z,PROSPECTUS,8,1,
2587,7622300165628,160.0,Oreo,Bolachas mini,Embalagem de 160g,1.85,11.56,0,kg,€/Kg,,,https://driveimg1.intermarche.com/pt/Content/images/boitmal/produit/zoom/379964D6691C2653C7F14552CE094A62.jpg,,,2024-11-13T23:59:59.999999999Z,PROSPECTUS,8,1,
32408,5601050034967,600.0,Danone,"Danacol aveia,  6 x 100 g",,2.99,4.98,0,kg,€/Kg,,,https://driveimg1.intermarche.com/pt/Content/images/boitmal/produit/zoom/D8B4CB4708653F3D4BB9B148DB6D8336.jpg,,,2024-11-13T23:59:59.999999999Z,PROSPECTUS,8,1,
8994,5601511000012,200.0,Limiano,"Queijo flamengo, fatias",Embalagem de 200g,2.15,10.75,0,kg,€/Kg,,,https://driveimg1.intermarche.com/pt/Content/images/boitmal/produit/zoom/86AD0748081C379158BF2EE3F6F67244.jpg,,,2024-11-13T23:59:59.999999999Z,PROSPECTUS,8,1,
8996,5601511000357,200.0,Limiano,"Queijo em fatias -50% gordura, 200g",,2.19,10.95,0,kg,€/Kg,,,https://driveimg1.intermarche.com/pt/Content/images/boitmal/produit/zoom/A6B93C0CB6D9BBBEB1609EFDC3F10F68.jpg,,,2024-11-13T23:59:59.999999999Z,PROSPECTUS,8,1,
929,5601001187803,630.0,Nestlé,Cereais chocapic,Embalagem de 630g,3.49,5.54,0,kg,€/Kg,,,https://driveimg1.intermarche.com/pt/Content/images/boitmal/produit/zoom/24F5DB132F7E18A7786689AD5CB8DB19.jpg,,,2024-11-13T23:59:59.999999999Z,PROSPECTUS,8,1,
931,5601001228100,300.0,Nestum,Nestum flocos de cereais com mel,Embalagem de 300g,2.24,7.47,0,kg,€/Kg,,,https://driveimg1.intermarche.com/pt/Content/images/boitmal/produit/zoom/3533A13BC534891673C8C96375839B78.jpg,,,2024-11-13T23:59:59.999999999Z,PROSPECTUS,8,1,
959,5601019012418,1000.0,Guloso,Polpa de Tomate,Embalagem de 1 kg,1.79,1.79,0,kg,€/Kg,,,https://driveimg1.intermarche.com/pt/Content/images/boitmal/produit/zoom/3B354CF768C18B28FB1B1316955F339F.jpg,,,2024-11-13T23:59:59.999999999Z,PROSPECTUS,8,1,
11925,5603089002221,200.0,Parmalat,Nata uht para culinária,Embalagem de 200 ml,0.89,4.45,200,L,€/L,,,https://driveimg1.intermarche.com/pt/Content/images/boitmal/produit/zoom/39B2978C231528EFFB97F8BADC2C7332.jpg,,,2024-11-13T23:59:59.999999999Z,PROSPECTUS,8,1,
12940,2892083000000,200.0,Fruta,Lima,1 un = 200 gr (aprox.),0.5,2.49,0,,€/Kg,,,https://driveimg1.intermarche.com/pt/Content/images/boitmal/produit/zoom/20A6BBEF6B12F4FB4181A414DFA3AAB3.jpg,,,2024-11-13T23:59:59.999999999Z,PROSPECTUS,8,1,
13126,2893105000000,600.0,Peixaria,Dourada de Viveiro,de 600 a 800g,5.39,8.99,0,,€/Kg,,,https://driveimg1.intermarche.com/pt/Content/images/boitmal/produit/zoom/029F52875DBC51F21511F40D4DB7EF92.jpg,,,2024-11-13T23:59:59.999999999Z,PROSPECTUS,8,1,
1322,5601163011114,5400.0,Luso,Água s/ gás,"Garrafa de 5,4 l",1.59,0.29,5400,L,€/L,,,https://driveimg1.intermarche.com/pt/Content/images/boitmal/produit/zoom/4B414C742356ECF49B4C0D49D2F721F7.jpg,,,2024-11-13T23:59:59.999999999Z,PROSPECTUS,8,1,
13523,2893515000000,250.0,Peixaria,Lula Congelada,1 un= 250 gr (aprox.),1.25,4.99,0,,€/Kg,,Avantages !,https://driveimg1.intermarche.com/pt/Content/images/boitmal/produit/zoom/B2B7BBDC4CDC3C912C9CD2FEC6D3B682.jpg,,,2024-11-13T23:59:59.999999999Z,PROSPECTUS,8,1,
13541,2893533000000,250.0,Congelado de Aquicultura,Camarão Congelado 60/80,1 un = 250 gr  (aprox.),1.75,6.99,0,,€/Kg,,Avantages !,https://driveimg1.intermarche.com/pt/Content/images/boitmal/produit/zoom/29A2DFA509FFDAFCD18E7F308BD753B4.jpg,,,2024-11-13T23:59:59.999999999Z,PROSPECTUS,8,1,
13585,2893580000000,250.0,Marisco,Gambão Congelado 20/30,Vendido a partir de 250 (aprox.),2.25,8.99,0,,€/Kg,,Avantages !,https://driveimg1.intermarche.com/pt/Content/images/boitmal/produit/zoom/4D0BD52A2A6DCE6EE965D391A979212D.jpg,,,2024-11-13T23:59:59.999999999Z,PROSPECTUS,8,1,
13892,2891041000000,1000.0,Porco,Costeletas do Lombo,Vendido ao peso a partir de 1 kg,4.49,4.49,0,,€/Kg,,,https://driveimg1.intermarche.com/pt/Content/images/boitmal/produit/zoom/0CEDBCB04142A68CDED3690FB39820D0.jpg,,,2024-11-13T23:59:59.999999999Z,PROSPECTUS,8,1,
13894,2891044000000,1000.0,Porco,Entremeada sem Entrecosto,Vendido ao peso a partir de 1 kg,4.88,4.88,0,,€/Kg,,,https://driveimg1.intermarche.com/pt/Content/images/boitmal/produit/zoom/C03EF63C56AFB4E4EA78E134436BF30C.jpg,,,2024-11-13T23:59:59.999999999Z,PROSPECTUS,8,1,
14865,2696212000000,,Pastelaria,Folhado Misto 90 g,,0.69,0.69,0,,€/Unidade,,,https://driveimg1.intermarche.com/pt/Content/images/boitmal/produit/zoom/9A6753DB758F20AE554301F0A4A50040.jpg,,,2024-11-13T23:59:59.999999999Z,PROSPECTUS,8,1,
15507,5601050031621,480.0,Danone,"Iogurte activia cremoso coco,  4 x 120 g",,1.99,4.15,0,kg,€/Kg,,,https://driveimg1.intermarche.com/pt/Content/images/boitmal/produit/zoom/05783495E4A676779F417115EB52CFE8.jpg,,,2024-11-13T23:59:59.999999999Z,PROSPECTUS,8,1,
16593,2696081000000,60.0,Padaria,Carcaça Forno de Pedra,1 un = 60 gr (aprox.),0.29,4.83,0,kg,€/Kg,,,https://driveimg1.intermarche.com/pt/Content/images/boitmal/produit/zoom/B1CD30CEA45F091D5F9093675329BA5E.jpg,,,2024-11-13T23:59:59.999999999Z,PROSPECTUS,8,1,
17189,5603344531107,110.0,General,"Atum em posta, em azeite",Embalagem de 110g,1.49,13.55,0,kg,€/Kg,,,https://driveimg1.intermarche.com/pt/Content/images/boitmal/produit/zoom/23F9119BF17F96B8DBD56B1983340EF6.jpg,,,2024-11-13T23:59:59.999999999Z,PROSPECTUS,8,1,
17827,5603344531022,110.0,General,Atum posta em óleo,Embalagem de 110g,0.94,8.55,0,kg,€/Kg,,,https://driveimg1.intermarche.com/pt/Content/images/boitmal/produit/zoom/0B70BBA12E696DF4BBA1975714F843B4.jpg,,,2024-11-13T23:59:59.999999999Z,PROSPECTUS,8,1,
20221,8410500020071,480.0,Danone,"Iogurte activia aveia nozes,  4 x 120 g",,2.39,4.98,0,kg,€/Kg,,,https://driveimg1.intermarche.com/pt/Content/images/boitmal/produit/zoom/E3646F8812C5353023D3951FE268028D.jpg,,,2024-11-13T23:59:59.999999999Z,PROSPECTUS,8,1,
21767,7613035487871,90.0,Nestlé,Fruta para bebé multifrutas +4 meses,Embalagem de 90g,0.78,8.67,0,kg,€/Kg,,,https://driveimg1.intermarche.com/pt/Content/images/boitmal/produit/zoom/59D3B6826D610DDEB0688A4041A5FB71.jpg,,,2024-11-13T23:59:59.999999999Z,PROSPECTUS,8,1,
22307,5601019012647,390.0,Guloso,Tomate em pedaços,Embalagem de 390g,1.45,3.72,0,kg,€/Kg,,,https://driveimg1.intermarche.com/pt/Content/images/boitmal/produit/zoom/4A21D86DB7B874B78F3C53E43852C123.jpg,,,2024-11-13T23:59:59.999999999Z,PROSPECTUS,8,1,
23469,8410500020453,280.0,Danonino Danone,"Danonino para levar, polpa de morango,  4 x 70 g",,2.14,7.64,0,kg,€/Kg,,,https://driveimg1.intermarche.com/pt/Content/images/boitmal/produit/zoom/BCB8B07B4A9632B9CA3C8436CD26979D.jpg,,,2024-11-13T23:59:59.999999999Z,PROSPECTUS,8,1,
251,2696001000000,400.0,Padaria,Baguete,400 g,0.79,1.98,0,kg,€/Kg,,,https://driveimg1.intermarche.com/pt/Content/images/boitmal/produit/zoom/872B1FA740AE707B5EB206709F5F94A0.jpg,,,2024-11-13T23:59:59.999999999Z,PROSPECTUS,8,1,
2644,8000500071083,200.0,Kinder,"Chocolate, 16 tabletes",Embalagem de 200g,2.79,13.95,0,kg,€/Kg,,,https://driveimg1.intermarche.com/pt/Content/images/boitmal/produit/zoom/ADB8FDD8CA3480DA39CCE605774A1A8F.jpg,,,2024-11-13T23:59:59.999999999Z,PROSPECTUS,8,1,
33532,8410375110228,150.0,Bonduelle,Milho doce,Embalagem de 150 g,1.09,7.27,0,kg,€/Kg,,,https://driveimg1.intermarche.com/pt/Content/images/boitmal/produit/zoom/4E120222FAAAD0D56ACE6DFCD6AA553A.jpg,,,2024-11-13T23:59:59.999999999Z,PROSPECTUS,8,1,
3564,2894493000000,150.0,PorSi,Fiambre da Perna Extra,1 un = 150 gr (aprox.),1.35,8.99,0,,€/Kg,,,https://driveimg1.intermarche.com/pt/Content/images/boitmal/produit/zoom/49AE3FB33A4713700D81E8B473AE23AB.jpg,,,2024-11-13T23:59:59.999999999Z,PROSPECTUS,8,1,
35873,8434165506411,150.0,Cuétara,Bolachas waffers com recheio de limão,Embalagem de 150 gr,0.99,6.6,0,kg,€/Kg,,,https://driveimg1.intermarche.com/pt/Content/images/boitmal/produit/zoom/C1A6DD3ED37BFF546B5EAEDF5E929842.jpg,,,2024-11-13T23:59:59.999999999Z,PROSPECTUS,8,1,
35874,8434165442870,150.0,Cuétara,Bolachas waffers com recheio de cacau e avelã,Embalagem de 150 gr,0.99,6.6,0,kg,€/Kg,,,https://driveimg1.intermarche.com/pt/Content/images/boitmal/produit/zoom/368BE7E735B968F4E93C7D83EDAAE121.jpg,,,2024-11-13T23:59:59.999999999Z,PROSPECTUS,8,1,
36945,8719200009899,500.0,Vaqueiro,Margarina líquida,Embalagem de 500 ml,2.44,4.88,500,L,€/L,,,https://driveimg1.intermarche.com/pt/Content/images/boitmal/produit/zoom/18B276D9701F28BD99E88251DF4CDB08.jpg,,,2024-11-13T23:59:59.999999999Z,PROSPECTUS,8,1,
392,8712566173860,70.0,Knorr,Canja c/ aletria,Embalagem de 70g,1.6,22.86,0,kg,€/Kg,,,https://driveimg1.intermarche.com/pt/Content/images/boitmal/produit/zoom/97E00E32BCAF3594A1D59DEF0C0A64C0.jpg,,,2024-11-13T23:59:59.999999999Z,PROSPECTUS,8,1,
405,8712566410910,280.0,Calvé,Ketchup,Embalagem de 280g,1.69,6.04,0,kg,€/Kg,,,https://driveimg1.intermarche.com/pt/Content/images/boitmal/produit/zoom/D7E099A6ABAECF4C5D06260734A2C975.jpg,https://driveimg1.intermarche.com/pt/Content/images/boitmal/produit/zoom/0D7B165FF00CA45BD8F6AC077E3CA1EC.jpg,https://driveimg1.intermarche.com/pt/Content/images/boitmal/produit/zoom/0D7B165FF00CA45BD8F6AC077E3CA1EC.jpg,2024-11-13T23:59:59.999999999Z,PROSPECTUS,8,1,
40652,5604260303250,1000.0,PorSi,Batata pré-frita noisette,Embalagem de 1 kg,2.49,2.49,0,kg,€/Kg,,Tipo de stockagem,https://driveimg1.intermarche.com/pt/Content/images/boitmal/produit/zoom/EDA22D9D4595E9502C57E47AD9D6288C.jpg,,,2024-11-13T23:59:59.999999999Z,PROSPECTUS,8,1,
40925,8710522652138,240.0,Calvé,Maionese,Embalagem de 240g,1.59,6.63,0,kg,€/Kg,,,https://driveimg1.intermarche.com/pt/Content/images/boitmal/produit/zoom/BAE5DB5E204D247526D3D3D4E5D5A52E.jpg,https://driveimg1.intermarche.com/pt/Content/images/boitmal/produit/zoom/8E23B17512BCD2C444A6228885CC4217.jpg,https://driveimg1.intermarche.com/pt/Content/images/boitmal/produit/zoom/8E23B17512BCD2C444A6228885CC4217.jpg,2024-11-13T23:59:59.999999999Z,PROSPECTUS,8,1,
50454,5603722521829,1208.0,Mimosa,"Iogurte líquido Aroma Banana e Morango, 8 x 151 ml",,2.79,2.31,1208,L,€/L,,,https://driveimg1.intermarche.com/pt/Content/images/boitmal/produit/zoom/075A7A2665714F15CA6F04254C980D30.jpg,,,2024-11-13T23:59:59.999999999Z,PROSPECTUS,8,1,
51955,5601151966518,1000.0,Compal,Clássico Néctar Maçã,Embalagem de 1 L,0.99,0.99,1000,L,€/L,,,https://driveimg1.intermarche.com/pt/Content/images/boitmal/produit/zoom/2643B0696CA4CCB2A26E95A0182A2704.jpg,,,2024-11-13T23:59:59.999999999Z,PROSPECTUS,8,1,
52377,8720181385131,,Skip,Detergente Máquina Roupa Líquido Sabão Natural,100 Doses,11.99,11.99,0,,€/Unidade,,,https://driveimg1.intermarche.com/pt/Content/images/boitmal/produit/zoom/C8D069DB25783C2FC7889DE8456B0590.jpg,,,2024-11-13T23:59:59.999999999Z,PROSPECTUS,8,1,
52880,8719200267794,450.0,Becel,"Creme Vegetal de Barrar com Sabor a Manteiga, 450g",,2.99,6.64,0,kg,€/Kg,,,https://driveimg1.intermarche.com/pt/Content/images/boitmal/produit/zoom/287D301C66C180312FAA8A3BAE7EA710.jpg,,,2024-11-13T23:59:59.999999999Z,PROSPECTUS,8,1,
9279,5603533652002,1000.0,Frize,Água c/ gás limão,pack 4 x 0.25 l,1.99,1.99,1000,L,€/L,,,https://driveimg1.intermarche.com/pt/Content/images/boitmal/produit/zoom/5168323A2D812BEF907FCB0E5F1CDA9E.jpg,,,2024-11-13T23:59:59.999999999Z,PROSPECTUS,8,1,
10272,8410436240109,50.0,Sonasol,"Bloco sanitário blue activ, eucalio",Embalagem de 50 g,1.98,39.6,0,kg,€/Kg,,,https://driveimg1.intermarche.com/pt/Content/images/boitmal/produit/zoom/B4ABE7C148FE459944FFBC01C5B3A15A.jpg,,,2024-11-13T23:59:59.999999999Z,PROSPECTUS,8,1,
11297,5000127524026,300.0,Kellogg's,"Cereais special k, frutos vermelhos",Embalagem de 300g,2.99,9.97,0,kg,€/Kg,,,https://driveimg1.intermarche.com/pt/Content/images/boitmal/produit/zoom/7E10ECB844A26DF4123ED03FA3134CBA.jpg,,,2024-11-13T23:59:59.999999999Z,PROSPECTUS,8,1,
11464,5601018003400,1000.0,Matinal,Leite Seleccionado Meio Gordo,Embalagem de 1L,0.98,0.98,1000,L,€/L,,,https://driveimg1.intermarche.com/pt/Content/images/boitmal/produit/zoom/2D40D4EB6EAF6BEF7329493925CCD97C.jpg,,,2024-11-13T23:59:59.999999999Z,PROSPECTUS,8,1,
11503,5601050019100,600.0,Danone,"Danacol frutos exóticos,  6 x 100 g",,2.99,4.98,0,kg,€/Kg,,,https://driveimg1.intermarche.com/pt/Content/images/boitmal/produit/zoom/17F7F3CE5BC5B190BC85D20A58C39B60.jpg,,,2024-11-13T23:59:59.999999999Z,PROSPECTUS,8,1,
1187,5601119007963,120.0,Nobre,6 Salsichas de porco,Lata de 120g,1.09,9.08,0,kg,€/Kg,,,https://driveimg1.intermarche.com/pt/Content/images/boitmal/produit/zoom/120DC1535B1AFA150D13CE3A5CE70137.jpg,,,2024-11-13T23:59:59.999999999Z,PROSPECTUS,8,1,
12356,8410108122535,,Dodot,Toalhitas Sensitive |Recarga,Pack: 4 x54 unidades,5.99,5.99,0,,€/Unidade,,,https://driveimg1.intermarche.com/pt/Content/images/boitmal/produit/zoom/25B89D0E4CFA95A39B00208C4F12F5D5.jpg,https://driveimg1.intermarche.com/pt/Content/images/boitmal/produit/zoom/47D40D02C955E98DB96B03E04432FF85.jpg,https://driveimg1.intermarche.com/pt/Content/images/boitmal/produit/zoom/47D40D02C955E98DB96B03E04432FF85.jpg,2024-11-13T23:59:59.999999999Z,PROSPECTUS,8,1,
12707,3387390326574,380.0,Nestlé,Cereais cookie crisp,Embalagem de 380g,2.99,7.87,0,kg,€/Kg,,,https://driveimg1.intermarche.com/pt/Content/images/boitmal/produit/zoom/090513FD34497A5D5D8227B6519C611F.jpg,,,2024-11-13T23:59:59.999999999Z,PROSPECTUS,8,1,
12888,2892090000000,500.0,Fruta,Manga Avião,1 un=500 gr (aprox.),1.9,3.79,0,,€/Kg,,,https://driveimg1.intermarche.com/pt/Content/images/boitmal/produit/zoom/2F9334665091AF30C298FAAAC9CB308C.jpg,https://driveimg1.intermarche.com/pt/Content/images/boitmal/produit/zoom/842EA0C904154D230A3A6F63A245D264.jpg,,2024-11-13T23:59:59.999999999Z,PROSPECTUS,8,1,
1301,5601151660751,410.0,Compal,Feijão encarnado,Lata de 410ml,1.09,2.66,410,L,€/L,,,https://driveimg1.intermarche.com/pt/Content/images/boitmal/produit/zoom/DCE7303C6541213F906341A870E69C47.jpg,,,2024-11-13T23:59:59.999999999Z,PROSPECTUS,8,1,
13175,2893160000000,300.0,Marisco,Mexilhão Médio Fresco,Vendido ao peso,0.6,1.99,0,,€/Kg,,,https://driveimg1.intermarche.com/pt/Content/images/boitmal/produit/zoom/F14ACE9787BE0CEBB197A6DF9EBBAB4B.jpg,,,2024-11-13T23:59:59.999999999Z,PROSPECTUS,8,1,
13595,2893590000000,300.0,Peixaria,Pescada Pequena da Argentina Congelada,1 un= 1kg (aprox.),1.05,3.49,0,,€/Kg,,Avantages !,https://driveimg1.intermarche.com/pt/Content/images/boitmal/produit/zoom/55D0840C54B4509E0B02B8F93D8A0E14.jpg,,,2024-11-13T23:59:59.999999999Z,PROSPECTUS,8,1,
1428,5601255322210,1000.0,Caçarola,Arroz basmati,Embalagem de 1 kg,2.39,2.39,0,kg,€/Kg,,,https://driveimg1.intermarche.com/pt/Content/images/boitmal/produit/zoom/597DB0594D385F011EF164902A284637.jpg,,,2024-11-13T23:59:59.999999999Z,PROSPECTUS,8,1,
14318,5050083172007,129.0,Kellogg's,Barra s.k chocolate 6x21.5g,Embalagem de 6X21.5G,2.59,20.08,0,kg,€/Kg,,,https://driveimg1.intermarche.com/pt/Content/images/boitmal/produit/zoom/53D4DE60FFA9EFAED14405E9981F5D4F.jpg,,,2024-11-13T23:59:59.999999999Z,PROSPECTUS,8,1,
14377,8000500111581,300.0,Kinder,Kinder chocolate t24,Embalagem de 300g,3.79,12.63,0,kg,€/Kg,,,https://driveimg1.intermarche.com/pt/Content/images/boitmal/produit/zoom/329E0343A295CF725E97C6356BA55602.jpg,,,2024-11-13T23:59:59.999999999Z,PROSPECTUS,8,1,
14458,7613034678607,90.0,Nestlé,Fruta para bebé banana maçã +4 meses,Embalagem de 90g,0.78,8.67,0,kg,€/Kg,,,https://driveimg1.intermarche.com/pt/Content/images/boitmal/produit/zoom/61C36FFFF4D3AE906443F9876484DF6E.jpg,,,2024-11-13T23:59:59.999999999Z,PROSPECTUS,8,1,
1491,5601363001168,120.0,Doritos,Aperitivos tex mex,Embalagem de 120g,1.39,11.58,0,kg,€/Kg,,,https://driveimg1.intermarche.com/pt/Content/images/boitmal/produit/zoom/D72F9ADD8589E1B64CFA8FB4FBDAE814.jpg,,,2024-11-13T23:59:59.999999999Z,PROSPECTUS,8,1,
15125,2895006000000,150.0,Terra Nostra,Queijo Flamengo em Barra,1 un = 150 gr (aprox.),1.35,8.99,0,,€/Kg,,,https://driveimg1.intermarche.com/pt/Content/images/boitmal/produit/zoom/476F7A985B3EA4EB38194328E8345ADF.jpg,,,2024-11-13T23:59:59.999999999Z,PROSPECTUS,8,2,
15503,8410500018931,400.0,Danonino Danone,"Iogurte líquido danonino tutti-frutti,  4 x 100 g",,1.99,4.98,0,kg,€/Kg,,,https://driveimg1.intermarche.com/pt/Content/images/boitmal/produit/zoom/E9A644740B00EFD95B05B4DA40640B6A.jpg,,,2024-11-13T23:59:59.999999999Z,PROSPECTUS,8,2,
15800,7613035078369,125.0,Nescafé,Cappuccino intenso,Embalagem de 130g,2.69,21.52,0,kg,€/Kg,,,https://driveimg1.intermarche.com/pt/Content/images/boitmal/produit/zoom/4A8D0C0803F0151C7B0ED9ADA911E25B.jpg,,,2024-11-13T23:59:59.999999999Z,PROSPECTUS,8,2,
16610,8712561521703,700.0,Cif,Creme abrasivo ativo c/ lixívia,Garrafa de 700 ml,2.69,3.84,700,L,€/L,,,https://driveimg1.intermarche.com/pt/Content/images/boitmal/produit/zoom/2206B9857AF8896496613F9E593DEB99.jpg,,,2024-11-13T23:59:59.999999999Z,PROSPECTUS,8,2,
17115,5000116110155,640.0,Capitão Iglo,8 hamburguers s/ glúten vaca,Embalagem de 640g,7.49,11.7,0,kg,€/Kg,,Tipo de stockagem,https://driveimg1.intermarche.com/pt/Content/images/boitmal/produit/zoom/51D71CE1CBF4D0AAF556325F4A9852DC.jpg,,,2024-11-13T23:59:59.999999999Z,PROSPECTUS,8,2,
18350,8410320148245,80.0,Campofrio,Chouriço fatiado,Embalagem de 80g,1.59,19.88,0,kg,€/Kg,,,https://driveimg1.intermarche.com/pt/Content/images/boitmal/produit/zoom/C935719A57D5E81DA0BFC4CFFF1CE04A.jpg,,,2024-11-13T23:59:59.999999999Z,PROSPECTUS,8,2,
18351,8410320029971,80.0,Campofrio,Salsichão fat,Embalagem de 80g,1.59,19.88,0,kg,€/Kg,,,https://driveimg1.intermarche.com/pt/Content/images/boitmal/produit/zoom/522F54407A09BACA8592684E0563A486.jpg,,,2024-11-13T23:59:59.999999999Z,PROSPECTUS,8,2,
18596,8410500016029,400.0,Danonino Danone,"Iogurte líquido danonino morango/banana,  4 x 100 g",,1.99,4.98,0,kg,€/Kg,,,https://driveimg1.intermarche.com/pt/Content/images/boitmal/produit/zoom/418CA3EE44828DD39BFD6E2687E787F2.jpg,,,2024-11-13T23:59:59.999999999Z,PROSPECTUS,8,2,
18597,8000500199985,940.0,Kinder,Chocolate cereali 4 barritas,Embalagem de 940g,1.69,1.8,0,kg,€/Kg,,,https://driveimg1.intermarche.com/pt/Content/images/boitmal/produit/zoom/EC6A0E55CECCFAF89810446AA05AA6C1.jpg,,,2024-11-13T23:59:59.999999999Z,PROSPECTUS,8,2,
19046,5000116110414,480.0,Capitão Iglo,8 hamburguers s/ glúten frango,Embalagem de 480g,7.49,15.6,0,kg,€/Kg,,Tipo de stockagem,https://driveimg1.intermarche.com/pt/Content/images/boitmal/produit/zoom/1C35A366EB207E26898D1AC0CE188CE6.jpg,,,2024-11-13T23:59:59.999999999Z,PROSPECTUS,8,2,
19586,8435257028057,720.0,Longa vida,"Iogurte aroma 0% tutti fruti/coco,  6 x 120 g",,2.29,3.18,0,kg,€/Kg,,,https://driveimg1.intermarche.com/pt/Content/images/boitmal/produit/zoom/18D91A939DFD31509CD0E9DB0A5315E6.jpg,,,2024-11-13T23:59:59.999999999Z,PROSPECTUS,8,2,
24368,5601050033021,620.0,Danone,"Iogurte líquido corpos danone,  4 x 155 g",,1.89,3.05,0,kg,€/Kg,,,https://driveimg1.intermarche.com/pt/Content/images/boitmal/produit/zoom/5B929BA979DAF1031F335D50613B8384.jpg,,,2024-11-13T23:59:59.999999999Z,PROSPECTUS,8,2,
24369,5601050033045,620.0,Danone,"Iogurte líquido morango / kiwi corpos danone,  4 x 155 g",,1.89,3.05,0,kg,€/Kg,,,https://driveimg1.intermarche.com/pt/Content/images/boitmal/produit/zoom/727FBA9E88DFAC31F291DCAC14087FD2.jpg,,,2024-11-13T23:59:59.999999999Z,PROSPECTUS,8,2,
250,2892150000000,300.0,Fruta,Abacate,1 un. = 300 g (aprox.),1.14,3.79,0,,€/Kg,,,https://driveimg1.intermarche.com/pt/Content/images/boitmal/produit/zoom/75A4131DA32D2C3DB8DFB8F45FB53C98.jpg,,,2024-11-13T23:59:59.999999999Z,PROSPECTUS,8,2,
25214,7613035930551,90.0,Nestlé,Fruta para bebé maçã banana morango +8 meses,Embalagem de 90g,0.78,8.67,0,kg,€/Kg,,,https://driveimg1.intermarche.com/pt/Content/images/boitmal/produit/zoom/320AF02AD6CE8711C7912DB2FA781A00.jpg,,,2024-11-13T23:59:59.999999999Z,PROSPECTUS,8,2,
25310,8410022011540,228.0,Bollycao,Bollycao de leite 4 un.,Embalagem de 228 g,2.19,9.61,0,kg,€/Kg,,,https://driveimg1.intermarche.com/pt/Content/images/boitmal/produit/zoom/0AFD08C47BB6CAA380643FB41A88C1DC.jpg,,,2024-11-13T23:59:59.999999999Z,PROSPECTUS,8,2,
2549,7613034717931,200.0,Nestlé,Chocolate culinário,Embalagem de 200g,1.59,7.95,0,kg,€/Kg,,,https://driveimg1.intermarche.com/pt/Content/images/boitmal/produit/zoom/BE5FC31D1F752D030E9BC48A4072345E.jpg,,,2024-11-13T23:59:59.999999999Z,PROSPECTUS,8,2,
2550,7614500010013,100.0,Toblerone,Tablete de chocolate de leite,Embalagem de 100g,2.44,24.4,0,kg,€/Kg,,,https://driveimg1.intermarche.com/pt/Content/images/boitmal/produit/zoom/24ECD834AC250A4E2C68F6B3A51B9E03.jpg,,,2024-11-13T23:59:59.999999999Z,PROSPECTUS,8,2,
2606,7622300744663,220.0,Oreo,Bolachas,Embalagem de 220g,1.85,8.41,0,kg,€/Kg,,,https://driveimg1.intermarche.com/pt/Content/images/boitmal/produit/zoom/1AB178197ABC736FA7B57AEDFAF90CB9.jpg,,,2024-11-13T23:59:59.999999999Z,PROSPECTUS,8,2,
26177,5603722514470,1000.0,Matinal,Leite Seleccionado Leve,Embalagem de 1L,1.04,1.04,1000,L,€/L,,,https://driveimg1.intermarche.com/pt/Content/images/boitmal/produit/zoom/3414EC19C8611CE7E0D99781254117D1.jpg,,,2024-11-13T23:59:59.999999999Z,PROSPECTUS,8,2,
2672,8410000002904,130.0,Chips Ahoy!,Bolachas chips ahoy,Embalagem de 130g,1.59,12.23,0,kg,€/Kg,,,https://driveimg1.intermarche.com/pt/Content/images/boitmal/produit/zoom/BD589AC15D17690FDC8560DC4300A108.jpg,,,2024-11-13T23:59:59.999999999Z,PROSPECTUS,8,2,
29227,8000500227848,132.0,Nutella,Bolachas Recheadas com Chocolate B-Ready,Embalagem de 132 g,2.49,18.86,0,kg,€/Kg,,,https://driveimg1.intermarche.com/pt/Content/images/boitmal/produit/zoom/3AE33FDF752BFC54FB7A06813AFDB06D.jpg,,,2024-11-13T23:59:59.999999999Z,PROSPECTUS,8,2,
29591,3387390339505,375.0,Nestlé,Cereais golden grahams,Embalagem de 380g,2.99,7.97,0,kg,€/Kg,,,https://driveimg1.intermarche.com/pt/Content/images/boitmal/produit/zoom/B90CC2EAB95EE928CD16134EC001D097.jpg,,,2024-11-13T23:59:59.999999999Z,PROSPECTUS,8,2,
29915,5600826202982,500.0,Prozis,"Manteiga de amendoim cremosa, 500g",,3.95,7.9,0,kg,€/Kg,,,https://driveimg1.intermarche.com/pt/Content/images/boitmal/produit/zoom/5039923B1D2DFB66F663AC55A706C4D6.jpg,,,2024-11-13T23:59:59.999999999Z,PROSPECTUS,8,2,
29916,5600826203613,500.0,Prozis,"Manteiga de amendoim crocante, 500g",,3.95,7.9,0,kg,€/Kg,,,https://driveimg1.intermarche.com/pt/Content/images/boitmal/produit/zoom/CA1914B393A02A9776C79C9EDB820EC4.jpg,,,2024-11-13T23:59:59.999999999Z,PROSPECTUS,8,2,
30477,3083681070187,225.0,Bonduelle,Milho doce,Embalagem 3 x 75 g,1.78,7.91,0,kg,€/Kg,,,https://driveimg1.intermarche.com/pt/Content/images/boitmal/produit/zoom/B88D91E26E2E4EC1AD4A37E6DC73B146.jpg,,,2024-11-13T23:59:59.999999999Z,PROSPECTUS,8,2,
32336,5999884034612,250.0,Hell,Bebida Energética Apple,250 ml,0.79,3.16,250,L,€/L,,,https://driveimg1.intermarche.com/pt/Content/images/boitmal/produit/zoom/97B1FCFCCCE140F10620EE3078D6D8BF.jpg,,,2024-11-13T23:59:59.999999999Z,PROSPECTUS,8,2,
34373,7622210495716,187.0,Prince,Bolacha mini stars chocolate leite,Embalagem de 187 g,2.09,11.18,0,kg,€/Kg,,,https://driveimg1.intermarche.com/pt/Content/images/boitmal/produit/zoom/85550DCEDB34E4ED87C56697D2F29020.jpg,,,2024-11-13T23:59:59.999999999Z,PROSPECTUS,8,2,
34404,7613034675842,198.0,Lion,Chocolate lion mini,Embalagem de 198 g,3.38,17.07,0,kg,€/Kg,,,https://driveimg1.intermarche.com/pt/Content/images/boitmal/produit/zoom/E01713645BBE2905958004B9A9FB13F5.jpg,,,2024-11-13T23:59:59.999999999Z,PROSPECTUS,8,2,
34456,5604260325726,330.0,PorSi,Salsicha fresca merguez,Embalagem de 330 g,5.29,16.03,0,kg,€/Kg,,,https://driveimg1.intermarche.com/pt/Content/images/boitmal/produit/zoom/22438EF01FEDB1476B95CB4F80EA6172.jpg,,,2024-11-13T23:59:59.999999999Z,PROSPECTUS,8,2,
35418,8410436321167,100.0,Sonasol,Bloco sanitário desinfetante eucalipto,Embalagem de 2 x 50 g,2.99,29.9,0,kg,€/Kg,,,https://driveimg1.intermarche.com/pt/Content/images/boitmal/produit/zoom/A918F313F68359F1E7193674B093B10C.jpg,,,2024-11-13T23:59:59.999999999Z,PROSPECTUS,8,2,
36465,5601028023443,,Renova,Lenços de bolso kids,Embalagem sortida com 8 unidades + 2 grátis,1.09,1.09,0,,€/Unidade,,,https://driveimg1.intermarche.com/pt/Content/images/boitmal/produit/zoom/30B38CA5BCFBED1F2006209E885B8B81.jpg,https://driveimg1.intermarche.com/pt/Content/images/boitmal/produit/zoom/0CE1F27833749E5A2E2A6631A26FC1E0.jpg,https://driveimg1.intermarche.com/pt/Content/images/boitmal/produit/zoom/10669725004839CB519AC745D1B0A74F.jpg,2024-11-13T23:59:59.999999999Z,PROSPECTUS,8,2,https://driveimg1.intermarche.com/pt/Content/images/boitmal/produit/zoom/B68437CAB6470B905C65CD8F71745279.jpg
36806,8001090639011,300.0,Pantene,Champô 3 em 1 anti-caspa,Embalagem de 300 ml,3.96,13.2,300,L,€/L,,,https://driveimg1.intermarche.com/pt/Content/images/boitmal/produit/zoom/8746DD75302C2EE11A6AA00EB69F26D7.jpg,,,2024-11-13T23:59:59.999999999Z,PROSPECTUS,8,2,
37443,7613037040869,250.0,Nestum,Nestum zero espelta/aveia,Embalagem de 250 g,2.14,8.56,0,kg,€/Kg,,,https://driveimg1.intermarche.com/pt/Content/images/boitmal/produit/zoom/BF80E2BF1A95765256612BEC5A65D8DD.jpg,,,2024-11-13T23:59:59.999999999Z,PROSPECTUS,8,2,
37980,5604260295777,,PorSi,"Sacos do lixo perfumado 30 litros, 15 unidades",,0.99,0.99,0,,€/Unidade,,,https://driveimg1.intermarche.com/pt/Content/images/boitmal/produit/zoom/70DF89F00DE3074199CA1331C9F9D1D3.jpg,,,2024-11-13T23:59:59.999999999Z,PROSPECTUS,8,2,
37989,8410063071206,1000.0,Pescanova,Tiras do mar,Embalagem de 1 kg,7.49,7.49,0,kg,€/Kg,,Tipo de stockagem,https://driveimg1.intermarche.com/pt/Content/images/boitmal/produit/zoom/97461D5C2795A31BF48BD88908FC2105.jpg,,,2024-11-13T23:59:59.999999999Z,PROSPECTUS,8,2,
388,8712566156115,70.0,Knorr,"Sopa de rabo de boi, 70g",,1.6,22.86,0,kg,€/Kg,,,https://driveimg1.intermarche.com/pt/Content/images/boitmal/produit/zoom/3119D8C67F6BF71B6E1A9D2753C65A49.jpg,,,2024-11-13T23:59:59.999999999Z,PROSPECTUS,8,2,
419,8718114882536,50.0,Knorr,Sopa de cebola,Embalagem de 50g,1.6,32.0,0,kg,€/Kg,,,https://driveimg1.intermarche.com/pt/Content/images/boitmal/produit/zoom/ED2CDBB9018393062912BF3E0AF214D1.jpg,,,2024-11-13T23:59:59.999999999Z,PROSPECTUS,8,2,
44234,8710522854815,257.0,Calvé,Mostarda,Embalagem de 257g,1.68,6.54,0,kg,€/Kg,,,https://driveimg1.intermarche.com/pt/Content/images/boitmal/produit/zoom/7979D994594677C477DA08ADD5A2E9CB.jpg,,,2024-11-13T23:59:59.999999999Z,PROSPECTUS,8,2,
44252,5601019012890,210.0,Guloso,Tomate frito,Embalagem de 210g,0.86,4.1,0,kg,€/Kg,,,https://driveimg1.intermarche.com/pt/Content/images/boitmal/produit/zoom/E41584C9A847A707E247659FC6AA37C2.jpg,,,2024-11-13T23:59:59.999999999Z,PROSPECTUS,8,2,
44286,7622210776266,300.0,Prince,Bolachas Sandwich Chocolate,Embalagem de 300g,1.85,6.17,0,kg,€/Kg,,,https://driveimg1.intermarche.com/pt/Content/images/boitmal/produit/zoom/D94820B8FB5A0DE754ED92E39C368F50.jpg,,,2024-11-13T23:59:59.999999999Z,PROSPECTUS,8,2,
44716,5600961109689,250.0,Prozis,"Manteiga de amendoim crocante, 250g",,2.49,9.96,0,kg,€/Kg,,,https://driveimg1.intermarche.com/pt/Content/images/boitmal/produit/zoom/5C49EA58662ED0AB0C9855F8B09D259E.jpg,,,2024-11-13T23:59:59.999999999Z,PROSPECTUS,8,2,
44756,8720182022066,350.0,Calvé,Manteiga amendoim com pedaços,Embalagem de 350g,2.39,6.83,0,kg,€/Kg,,,https://driveimg1.intermarche.com/pt/Content/images/boitmal/produit/zoom/CF863EC714A8C0F801C6B7591846A368.jpg,,,2024-11-13T23:59:59.999999999Z,PROSPECTUS,8,2,
45363,3041091718037,380.0,Blédina,Frutapura pera,Embalagem de 4 x 95g,2.24,5.89,0,kg,€/Kg,,,https://driveimg1.intermarche.com/pt/Content/images/boitmal/produit/zoom/E69090BBA2E04306566AF2334DDAFCD9.jpg,,,2024-11-13T23:59:59.999999999Z,PROSPECTUS,8,2,
45364,3041091718068,380.0,Blédina,"Frutapura Maçã, Laranja e Banana",Embalagem de 4 x 95g,2.24,5.89,0,kg,€/Kg,,,https://driveimg1.intermarche.com/pt/Content/images/boitmal/produit/zoom/FDAC7B160DD613E98A6CDE7C097A8CC8.jpg,,,2024-11-13T23:59:59.999999999Z,PROSPECTUS,8,2,
46183,8434165564619,150.0,Cuétara,Waffer de morango,Embalagem de 150g,0.99,6.6,0,kg,€/Kg,,,https://driveimg1.intermarche.com/pt/Content/images/boitmal/produit/zoom/F92F48CCC0C2D680ECF2F24064EABA3F.jpg,,,2024-11-13T23:59:59.999999999Z,PROSPECTUS,8,2,
4687,5000116105212,375.0,Iglo,Ervilhas,Embalagem de 375 g,1.69,4.51,0,kg,€/Kg,,Tipo de stockagem,https://driveimg1.intermarche.com/pt/Content/images/boitmal/produit/zoom/AB2CFAA543F3CFC918196092BD0A768E.jpg,,,2024-11-13T23:59:59.999999999Z,PROSPECTUS,8,2,
47059,5900852054815,85.0,Blédina,Frutapura maçã e banana,Embalagem de 85g,0.72,8.47,0,kg,€/Kg,,,https://driveimg1.intermarche.com/pt/Content/images/boitmal/produit/zoom/6D8117062870E814646CA2B54B3BAF15.jpg,,,2024-11-13T23:59:59.999999999Z,PROSPECTUS,8,2,
47108,7616100952021,170.0,Nestlé,"Creme de Leite, 170g",,2.14,12.59,0,kg,€/Kg,,,https://driveimg1.intermarche.com/pt/Content/images/boitmal/produit/zoom/9359D8B4E9E0CA066E7CD607567E1004.jpg,,,2024-11-13T23:59:59.999999999Z,PROSPECTUS,8,2,
47109,7613287218704,110.0,Nestlé,Bolsitas de puré de 4 frutas,Embalagem de 110g,0.84,7.64,0,kg,€/Kg,,,https://driveimg1.intermarche.com/pt/Content/images/boitmal/produit/zoom/AAE972318DF3C7B29E7A2F9B4E66DEFB.jpg,,,2024-11-13T23:59:59.999999999Z,PROSPECTUS,8,2,
47110,7613287218766,110.0,Nestlé,Bolsitas de puré de multifrutas,Embalagem de 110g,0.84,7.64,0,kg,€/Kg,,,https://driveimg1.intermarche.com/pt/Content/images/boitmal/produit/zoom/6D82A987C9C6908002E3D5AFC9ADDDBF.jpg,,,2024-11-13T23:59:59.999999999Z,PROSPECTUS,8,2,
47636,8412600018323,300.0,Bimbo,Bimbo® bagels sementes 4 un.,Embalagem de 300g,2.15,7.17,0,kg,€/Kg,,,https://driveimg1.intermarche.com/pt/Content/images/boitmal/produit/zoom/64C691C53069BB7F8DA412B00033DFA3.jpg,,,2024-11-13T23:59:59.999999999Z,PROSPECTUS,8,2,
47895,0000042182627,50.0,Vaseline,Vaselina Original,50 ml,1.49,29.8,50,L,€/L,,,https://driveimg1.intermarche.com/pt/Content/images/boitmal/produit/zoom/D0290A96E9EE7E9C37DBCA6DF5996ED4.jpg,,,2024-11-13T23:59:59.999999999Z,PROSPECTUS,8,2,
49461,5900020023094,375.0,Nestlé,Cini minis canela,Embalagem de 375g,2.99,7.97,0,kg,€/Kg,,,https://driveimg1.intermarche.com/pt/Content/images/boitmal/produit/zoom/7325E97120EC1AEF0822F45F9D9F7751.jpg,,,2024-11-13T23:59:59.999999999Z,PROSPECTUS,8,2,
49762,5601050037562,460.0,Danone,"Iogurte com Cereais Activia, 4 x 120g",,2.39,5.2,0,kg,€/Kg,,,https://driveimg1.intermarche.com/pt/Content/images/boitmal/produit/zoom/51EAF4A53D8366A31634F35574981BCB.jpg,,,2024-11-13T23:59:59.999999999Z,PROSPECTUS,8,2,
5008,5601028000383,,Renova,"Lenços de bolso sensi, brancos, 10 unidades",Uma embalagem de 6x10,0.89,0.89,0,,€/Unidade,,,https://driveimg1.intermarche.com/pt/Content/images/boitmal/produit/zoom/AE41B9BED2CD4271F185D1E28109E113.jpg,,,2024-11-13T23:59:59.999999999Z,PROSPECTUS,8,2,
5028,5601028006231,,Renova,"Lenços de bolso sensitive brancos, 24 unidades",,2.89,2.89,0,,€/Unidade,,,https://driveimg1.intermarche.com/pt/Content/images/boitmal/produit/zoom/0CC244AFF55976B3210C6D16467CD206.jpg,,,2024-11-13T23:59:59.999999999Z,PROSPECTUS,8,2,
5036,5601028012164,,Renova,"Papel higiénico compacto, extra xxl, 6 rolos",Uma embalagem,2.96,2.96,0,,€/Unidade,,,https://driveimg1.intermarche.com/pt/Content/images/boitmal/produit/zoom/8F382E3E2F2F16BB4FB1E6B90307BF71.jpg,https://driveimg1.intermarche.com/pt/Content/images/boitmal/produit/zoom/1F9398A5B85712D9E30015F112CCAF6E.jpg,https://driveimg1.intermarche.com/pt/Content/images/boitmal/produit/zoom/84ED764CBC37072F87BD089140194A37.jpg,2024-11-13T23:59:59.999999999Z,PROSPECTUS,8,2,
50443,5059319016603,320.0,Kellogg's,Granola Aveia e Chocolate Negro,Embalagem de 320g,3.19,9.97,0,kg,€/Kg,,,https://driveimg1.intermarche.com/pt/Content/images/boitmal/produit/zoom/AB5C1622573DAD9F311B2B7D09CFD053.jpg,,,2024-11-13T23:59:59.999999999Z,PROSPECTUS,8,2,
50654,7613287218797,110.0,Nestlé,"Saqueta de Fruta Banana e Morango +12m, 110g",,0.84,7.64,0,kg,€/Kg,,,https://driveimg1.intermarche.com/pt/Content/images/boitmal/produit/zoom/211BB64A54A87208D49F69C03E4B0FB6.jpg,,,2024-11-13T23:59:59.999999999Z,PROSPECTUS,8,2,
50954,8006540767689,,Fairy,Detergente Loiça Máquina Ultra,53 pastilhas,13.99,13.99,0,,€/Unidade,,,https://driveimg1.intermarche.com/pt/Content/images/boitmal/produit/zoom/48BCE30AB03F031FB020E4F20C248923.jpg,,,2024-11-13T23:59:59.999999999Z,PROSPECTUS,8,2,
52221,8720181370427,,Surf,Detergente Máquina de Roupa Coco,45 cápsulas,8.99,8.99,0,,€/Unidade,,,https://driveimg1.intermarche.com/pt/Content/images/boitmal/produit/zoom/B89060F66F34B8E1C79FE5068E94C801.jpg,,,2024-11-13T23:59:59.999999999Z,PROSPECTUS,8,2,
52325,8720181384868,,Skip,Detergente Máquina Roupa Líquido Sensitive,56 Doses,9.99,9.99,0,,€/Unidade,,,https://driveimg1.intermarche.com/pt/Content/images/boitmal/produit/zoom/4DF32BF1564A4CFF4F3F63F53192D53C.jpg,,,2024-11-13T23:59:59.999999999Z,PROSPECTUS,8,2,
52339,8720181392924,,Comfort,Amaciador Roupa Concentrado Creations Lírios e Morango,76 Doses,3.99,3.99,0,,€/Unidade,,,https://driveimg1.intermarche.com/pt/Content/images/boitmal/produit/zoom/8F3E1CB8E1F41E507DB7FBA8EF126461.jpg,,,2024-11-13T23:59:59.999999999Z,PROSPECTUS,8,2,
52381,8720181407154,1300.0,Cif,"Lava Tudo Perfumado Lavanda, embalagem de 1,3l",,1.99,1.53,1300,L,€/L,,,https://driveimg1.intermarche.com/pt/Content/images/boitmal/produit/zoom/A81E6DD1EE934840EEF0519DC6E6E364.jpg,https://driveimg1.intermarche.com/pt/Content/images/boitmal/produit/zoom/935C662FEAE9FBF79977B0438F001CF1.jpg,,2024-11-13T23:59:59.999999999Z,PROSPECTUS,8,2,
52859,8410063094571,1000.0,Pescanova,"Peskitos Pescada Panada sem Glúten, 1 kg",,7.49,7.49,0,kg,€/Kg,,Tipo de stockagem,https://driveimg1.intermarche.com/pt/Content/images/boitmal/produit/zoom/B2C445104B16D34C5C1E0BC01B066259.jpg,https://driveimg1.intermarche.com/pt/Content/images/boitmal/produit/zoom/68AC33F24F2A838C3801DAA9F2505E5E.jpg,https://driveimg1.intermarche.com/pt/Content/images/boitmal/produit/zoom/68AC33F24F2A838C3801DAA9F2505E5E.jpg,2024-11-13T23:59:59.999999999Z,PROSPECTUS,8,2,
53083,0000056090581,32.0,Gorila,Pastilhas Elásticas Morango,Unidade de 32g,0.49,15.31,0,kg,€/Kg,,,https://driveimg1.intermarche.com/pt/Content/images/boitmal/produit/zoom/C728BF819FA60738560E6C9C53AEB796.jpg,,,2024-11-13T23:59:59.999999999Z,PROSPECTUS,8,2,
54539,8700216236669,,Fairy,"Detergente Máquina Loiça Pastilhas Platinum Plus Tudo em 1 Limão, 19D",,6.69,6.69,0,,€/Unidade,,,https://driveimg1.intermarche.com/pt/Content/images/boitmal/produit/zoom/8E71671E7563BD0742047C910AACC733.jpg,,,2024-11-13T23:59:59.999999999Z,PROSPECTUS,8,2,
6477,8410437531008,750.0,Cif,Desinfetante em gel p/ wc,Garrafa de 750 ml,1.49,1.99,750,L,€/L,,,https://driveimg1.intermarche.com/pt/Content/images/boitmal/produit/zoom/F80AEED5DC0E17CB3B3BE1F09E46AB95.jpg,,,2024-11-13T23:59:59.999999999Z,PROSPECTUS,8,2,
7255,3083681022865,400.0,Bonduelle,Grelos,Embalagem de 400 g,1.85,4.63,0,kg,€/Kg,,Tipo de stockagem,https://driveimg1.intermarche.com/pt/Content/images/boitmal/produit/zoom/34FEDFEA1394C1CFBD32ADABD3C50EFB.jpg,,,2024-11-13T23:59:59.999999999Z,PROSPECTUS,8,2,
8520,5601119956490,120.0,Nobre,Fiambre perna extra finissimos fatiado,Embalagem de 120g,1.99,16.58,0,kg,€/Kg,,,https://driveimg1.intermarche.com/pt/Content/images/boitmal/produit/zoom/A7AE9A4CE77B2E0C74B78D8E6FD0475C.jpg,,,2024-11-13T23:59:59.999999999Z,PROSPECTUS,8,2,
8521,5601119956810,120.0,Nobre,Fiambre perna extra fatiado,Embalagem de 120g,1.99,16.58,0,kg,€/Kg,,,https://driveimg1.intermarche.com/pt/Content/images/boitmal/produit/zoom/92F6E974DF0D1BEE6EC9B9E40F884B8B.jpg,,,2024-11-13T23:59:59.999999999Z,PROSPECTUS,8,2,
8657,5601163081711,1980.0,Luso,Água s/ gás,pack 6 x 0.33 l,2.35,1.19,1980,L,€/L,,,https://driveimg1.intermarche.com/pt/Content/images/boitmal/produit/zoom/BDA4A39891F935792B52BE1088E63C0F.jpg,,,2024-11-13T23:59:59.999999999Z,PROSPECTUS,8,2,
8667,5601164404205,1980.0,Super Bock,"Cerveja com álcool, preta",Pack 6 X 0.33L ,4.49,2.27,1980,L,€/L,,,https://driveimg1.intermarche.com/pt/Content/images/boitmal/produit/zoom/A211FB1A18CD69CB53EF7B899CF02AA3.jpg,,,2024-11-13T23:59:59.999999999Z,PROSPECTUS,8,2,
924,5601001120503,370.0,Nestlé,Leite condensado,Embalagem de 370g,2.28,6.16,0,kg,€/Kg,,,https://driveimg1.intermarche.com/pt/Content/images/boitmal/produit/zoom/0EE7923C8616BBD98A14510DEC4DF765.jpg,,,2024-11-13T23:59:59.999999999Z,PROSPECTUS,8,2,
940,5601001322402,20.0,Nescafé,Café solúvel nescafé,Embalagem de 20g,1.19,59.5,0,kg,€/Kg,,,https://driveimg1.intermarche.com/pt/Content/images/boitmal/produit/zoom/0F212944843A52390E68B12CB14B3980.jpg,,,2024-11-13T23:59:59.999999999Z,PROSPECTUS,8,2,
948,5601001418402,200.0,Nestlé,Chocolate culinário,Embalagem de 200g,2.59,12.95,0,kg,€/Kg,,,https://driveimg1.intermarche.com/pt/Content/images/boitmal/produit/zoom/0FC536C15E8D7414777BAF405553F977.jpg,,,2024-11-13T23:59:59.999999999Z,PROSPECTUS,8,2,
49463,8445290250322,600.0,Nestum,Flocos Cereais Mel,Embalagem de 600g,3.79,6.32,0,kg,€/Kg,,,https://driveimg1.intermarche.com/pt/Content/images/boitmal/produit/zoom/9F028579C623CFF4FC3FA9CCEB955938.jpg,,,2024-11-13T23:59:59.999999999Z,PROSPECTUS,8,2,
958,5601019012401,500.0,Guloso,Polpa de Tomate,Embalagem de 500g,1.09,2.18,0,kg,€/Kg,,,https://driveimg1.intermarche.com/pt/Content/images/boitmal/produit/zoom/20EBC153FCFDA3F6B93B2650D6C60B2B.jpg,,,2024-11-13T23:59:59.999999999Z,PROSPECTUS,8,2,
11524,5601051420028,250.0,Primor,Manteiga sem sal,Embalagem de 250g,1.97,7.88,0,kg,€/Kg,,,https://driveimg1.intermarche.com/pt/Content/images/boitmal/produit/zoom/B2FFA6A89B700950590104B0F7BA500E.jpg,,,2024-11-13T23:59:59.999999999Z,PROSPECTUS,8,2,
15687,5000116109234,700.0,Iglo,Ervilhas,Embalagem de 700g,3.98,5.69,0,kg,€/Kg,,Tipo de stockagem,https://driveimg1.intermarche.com/pt/Content/images/boitmal/produit/zoom/71AD6BFBFF464D2A1A4DF7364A6C0B7A.jpg,,,2024-11-13T23:59:59.999999999Z,PROSPECTUS,8,2,
22335,5000116110940,420.0,Capitão Iglo,15 douradinhos,Embalagem de 420g,4.99,11.88,0,kg,€/Kg,,Tipo de stockagem,https://driveimg1.intermarche.com/pt/Content/images/boitmal/produit/zoom/A875E63BB10AF2CF300666B64DC69107.jpg,,,2024-11-13T23:59:59.999999999Z,PROSPECTUS,8,2,
5096,5601050026429,300.0,Danonino Danone,"Queijinho danonino petitdino de morango/banana,  6 x 50 g",,1.49,4.97,0,kg,€/Kg,,,https://driveimg1.intermarche.com/pt/Content/images/boitmal/produit/zoom/FA8D1A9125B498992C62B9745CC5DD3D.jpg,,,2024-11-13T23:59:59.999999999Z,PROSPECTUS,8,2,
13896,2891049000000,1000.0,Porco,Fígado,Vendido ao peso a partir de 1 kg,2.99,2.99,0,,€/Kg,,,https://driveimg1.intermarche.com/pt/Content/images/boitmal/produit/zoom/740BF060094E10F038B52E10E6D0AA68.jpg,,,2024-11-13T23:59:59.999999999Z,PROSPECTUS,8,2,
38560,5601027006447,280.0,Bimbo,Pão de leite 8 un.,Embalagem de 280g,1.99,7.11,0,kg,€/Kg,,,https://driveimg1.intermarche.com/pt/Content/images/boitmal/produit/zoom/61E1C93727499A77EF100DF4D069FE8B.jpg,https://driveimg1.intermarche.com/pt/Content/images/boitmal/produit/zoom/03428EFF3EBBF0386E77776667460845.jpg,,2024-11-13T23:59:59.999999999Z,PROSPECTUS,8,2,
9250,5603089002214,200.0,Parmalat,Nata uht para bater,Embalagem de 200 ml,0.89,4.45,200,L,€/L,,,https://driveimg1.intermarche.com/pt/Content/images/boitmal/produit/zoom/564E6DE7CBEC64036F1973402627DACC.jpg,,,2024-11-13T23:59:59.999999999Z,PROSPECTUS,8,2,
9294,5603722494215,1000.0,Mimosa,Leite Especial Crescimento 1-3 Anos,Garrafa de 1 l,1.49,1.49,1000,L,€/L,,,https://driveimg1.intermarche.com/pt/Content/images/boitmal/produit/zoom/E8EAAB44B3166FE020B43F64B725D8EB.jpg,https://driveimg1.intermarche.com/pt/Content/images/boitmal/produit/zoom/B8D0BEE13E0FA7481A224732CB88CE29.jpg,https://driveimg1.intermarche.com/pt/Content/images/boitmal/produit/zoom/CF47B7EE63F34663DCC396F54F91507B.jpg,2024-11-13T23:59:59.999999999Z,PROSPECTUS,8,2,
21766,7613035487840,90.0,Nestlé,Fruta para bebé banana laranja bolacha +6 meses,Embalagem de 90g,0.78,8.67,0,kg,€/Kg,,,https://driveimg1.intermarche.com/pt/Content/images/boitmal/produit/zoom/97B5DC278815B47BCD7E38EEC0455DC8.jpg,,,2024-11-13T23:59:59.999999999Z,PROSPECTUS,8,2,
24410,8710908859502,750.0,Cif,Spray power&shine multiusos c/ lixívia,Garrafa de 750 ml,2.69,3.59,750,L,€/L,,,https://driveimg1.intermarche.com/pt/Content/images/boitmal/produit/zoom/BC1FC8E39B43E72D32F4657C6D001534.jpg,,,2024-11-13T23:59:59.999999999Z,PROSPECTUS,8,2,
6404,8410376017113,500.0,Gullón,Bolacha recheada mega duo chocolate,Embalagem de 500g,2.49,4.98,0,kg,€/Kg,,,https://driveimg1.intermarche.com/pt/Content/images/boitmal/produit/zoom/8EB5AE64DF1A4B711D2A877A1A47FC57.jpg,,,2024-11-13T23:59:59.999999999Z,PROSPECTUS,8,2,
8658,5601163101716,3000.0,Luso,Água sem gás,pack 6 x 0.5 l,2.59,0.86,3000,L,€/L,,,https://driveimg1.intermarche.com/pt/Content/images/boitmal/produit/zoom/7DE0FF5737733513F14135E2CA47ED18.jpg,,,2024-11-13T23:59:59.999999999Z,PROSPECTUS,8,2,
11942,5603533492202,1000.0,Frize,Água c/ gás groselha,pack 4 x 0.25 l,1.99,1.99,1000,L,€/L,,,https://driveimg1.intermarche.com/pt/Content/images/boitmal/produit/zoom/1BCB2445A8F41EC02B613ABED34EE191.jpg,,,2024-11-13T23:59:59.999999999Z,PROSPECTUS,8,2,
14227,5601043119015,500.0,Espiga,Farinha de milho 500g,Embalagem de 500g,0.94,1.88,0,kg,€/Kg,,,https://driveimg1.intermarche.com/pt/Content/images/boitmal/produit/zoom/2CECFEB697CA3E5E6800E3DF8CBF754C.jpg,,,2024-11-13T23:59:59.999999999Z,PROSPECTUS,8,2,
21749,7613035766532,250.0,Nestum,Nestum chocolate,Embalagem de 250g,2.14,8.56,0,kg,€/Kg,,,https://driveimg1.intermarche.com/pt/Content/images/boitmal/produit/zoom/2985CAADA6D151AC0E20062A22E70429.jpg,,,2024-11-13T23:59:59.999999999Z,PROSPECTUS,8,2,
47004,5604260319237,1500.0,PorSi,"Iogurte tipo grego natural,  12 x 125 g",,4.49,2.99,0,kg,€/Kg,,,https://driveimg1.intermarche.com/pt/Content/images/boitmal/produit/zoom/70890CE63A246EFD470DA6FD2A5C5173.jpg,,,2024-11-13T23:59:59.999999999Z,PROSPECTUS,8,2,
5095,5601050026405,300.0,Danone,"Queijinho dadoninho petitdino de morango,  6 x 50 g",,1.49,4.97,0,kg,€/Kg,,,https://driveimg1.intermarche.com/pt/Content/images/boitmal/produit/zoom/A996A3A25DAAE4625EF7D6D51278644F.jpg,,,2024-11-13T23:59:59.999999999Z,PROSPECTUS,8,2,
5127,5601068015347,1000.0,Sun,Sal para máquina de loiça,Embalagem de 1 kg,1.49,1.49,0,kg,€/Kg,,,https://driveimg1.intermarche.com/pt/Content/images/boitmal/produit/zoom/525B9A3DF59B77ABB2076A5D4B0DCD09.jpg,,,2024-11-13T23:59:59.999999999Z,PROSPECTUS,8,2,
9286,5603722492068,1000.0,Mimosa,Leite especial crescimento +3 anos,Garrafa de 1 l,1.49,1.49,1000,L,€/L,,,https://driveimg1.intermarche.com/pt/Content/images/boitmal/produit/zoom/26A3BE41175D4F1900210BFF62BF081B.jpg,https://driveimg1.intermarche.com/pt/Content/images/boitmal/produit/zoom/C1DA16AEB6305B1844421608D84E82EB.jpg,https://driveimg1.intermarche.com/pt/Content/images/boitmal/produit/zoom/5674CBEBA359C0E43414CBEAA69D8774.jpg,2024-11-13T23:59:59.999999999Z,PROSPECTUS,8,2,
12230,7613034192264,250.0,Cerelac,Papa infantil para preparar com leite +6 meses,Embalagem de 250g,1.84,7.36,0,kg,€/Kg,,,https://driveimg1.intermarche.com/pt/Content/images/boitmal/produit/zoom/9FAA017CC3BC08A98F0EF54D61B67C5D.jpg,,,2024-11-13T23:59:59.999999999Z,PROSPECTUS,8,2,
1287,5601151260753,410.0,Compal,Grão de bico,Lata de 410 ml,1.09,2.66,410,L,€/L,,,https://driveimg1.intermarche.com/pt/Content/images/boitmal/produit/zoom/64A11988E77915EAC2B803C89620197A.jpg,,,2024-11-13T23:59:59.999999999Z,PROSPECTUS,8,2,
37992,5601027943551,650.0,Bimbo,"Pão de forma sem côdea 10 cereais, embalagem 650 g",,2.29,3.52,0,kg,€/Kg,,,https://driveimg1.intermarche.com/pt/Content/images/boitmal/produit/zoom/E65A0CCDAE1A5FCAC2C1D9A9BA0AFBC6.jpg,,,2024-11-13T23:59:59.999999999Z,PROSPECTUS,8,3,
46128,3083681137811,450.0,Bonduelle,Milho sem resíduos de pesticidas,Embalagem de 450g,2.59,5.76,0,kg,€/Kg,,,https://driveimg1.intermarche.com/pt/Content/images/boitmal/produit/zoom/E6D97A8B55ABFCA716FA2F870A17E271.jpg,,,2024-11-13T23:59:59.999999999Z,PROSPECTUS,8,3,
942,5601001324109,100.0,Nescafé,Café solúvel gold,Embalagem de 100g,4.99,49.9,0,kg,€/Kg,,,https://driveimg1.intermarche.com/pt/Content/images/boitmal/produit/zoom/D2208D6FAF47450CD5F51F6C5577F9FD.jpg,,,2024-11-13T23:59:59.999999999Z,PROSPECTUS,8,3,
1274,5601151070758,410.0,Compal,Feijão manteiga,Lata de 410 ml,1.09,2.66,410,L,€/L,,,https://driveimg1.intermarche.com/pt/Content/images/boitmal/produit/zoom/F0994D6790474BD2BB5E91E2063CEE44.jpg,,,2024-11-13T23:59:59.999999999Z,PROSPECTUS,8,3,
14372,8712100599392,550.0,Calvé,Ketchup XXL,Embalagem de 550g,2.89,5.25,0,kg,€/Kg,,,https://driveimg1.intermarche.com/pt/Content/images/boitmal/produit/zoom/4544D7A761DF83B5B8BF2C6EF0FF53D9.jpg,https://driveimg1.intermarche.com/pt/Content/images/boitmal/produit/zoom/FE7F103C359D2D1FD7BF3FDC8DD381BA.jpg,https://driveimg1.intermarche.com/pt/Content/images/boitmal/produit/zoom/FE7F103C359D2D1FD7BF3FDC8DD381BA.jpg,2024-11-13T23:59:59.999999999Z,PROSPECTUS,8,3,
17269,4084500617421,820.0,Fairy,"Detergente Líquido Lavar Loiça Original, 820 ml",,3.59,4.38,820,L,€/L,,,https://driveimg1.intermarche.com/pt/Content/images/boitmal/produit/zoom/F41228BB17B819013001DC2E65356D37.jpg,,,2024-11-13T23:59:59.999999999Z,PROSPECTUS,8,3,
17665,8712100745591,753.0,Calvé,Maionese XXL,Embalagem de 753 g,3.69,4.9,0,kg,€/Kg,,,https://driveimg1.intermarche.com/pt/Content/images/boitmal/produit/zoom/69DD5C01FA6303DE3BD821864A539AC3.jpg,,,2024-11-13T23:59:59.999999999Z,PROSPECTUS,8,3,
41874,8718951313316,75.0,Colgate,Pasta Dentífrica Cool Mint,75 ml,1.99,26.53,75,L,€/L,,,https://driveimg1.intermarche.com/pt/Content/images/boitmal/produit/zoom/95E99633062C9804102696C315945CDF.jpg,,,2024-11-13T23:59:59.999999999Z,PROSPECTUS,8,3,
49093,5601082049656,440.0,Delta Q,Cápsulas de Café Grand Qalidus,Embalagem com 80 cápsulas,19.99,45.43,0,kg,€/Kg,,,https://driveimg1.intermarche.com/pt/Content/images/boitmal/produit/zoom/8DEE7FD145D59AAEDF41BEFA511386BD.jpg,,,2024-11-13T23:59:59.999999999Z,PROSPECTUS,8,3,
5243,5601151170755,410.0,Compal,Feijão preto,Lata de 410 ml,1.09,2.66,410,L,€/L,,,https://driveimg1.intermarche.com/pt/Content/images/boitmal/produit/zoom/148292276E212E85BD820FA0193628A4.jpg,,,2024-11-13T23:59:59.999999999Z,PROSPECTUS,8,3,
49761,8410500024574,460.0,Danone,"Iogurte Bifidus Activia Chia Amêndoa 0%, 4 x 120g",,2.39,5.2,0,kg,€/Kg,,,https://driveimg1.intermarche.com/pt/Content/images/boitmal/produit/zoom/3C78D604FF38EBC1F8556A8A62CA8C37.jpg,,,2024-11-13T23:59:59.999999999Z,PROSPECTUS,8,3,
51608,8006540830918,820.0,Fairy,Detergente Líquido p/ Lavar Loiça Limão,Embalagem de 820 ml,3.99,4.87,820,L,€/L,,,https://driveimg1.intermarche.com/pt/Content/images/boitmal/produit/zoom/EDD75E1F920483183B5B596FDD6DA991.jpg,,,2024-11-13T23:59:59.999999999Z,PROSPECTUS,8,3,
52338,8720181392931,,Comfort,Amaciador Roupa Concentrado Creations Jasmim e Mirtilo,76 Doses,3.99,3.99,0,,€/Unidade,,,https://driveimg1.intermarche.com/pt/Content/images/boitmal/produit/zoom/DED7323146382FF9F9D6D0F2196F9D63.jpg,,,2024-11-13T23:59:59.999999999Z,PROSPECTUS,8,3,
1296,5601151543306,1000.0,Compal,Néctar de pera,Embalagem de 1 l,1.09,1.09,1000,L,€/L,,,https://driveimg1.intermarche.com/pt/Content/images/boitmal/produit/zoom/FF128F0B6279B1B088FCD71AE0426649.jpg,,,2024-11-13T23:59:59.999999999Z,PROSPECTUS,8,3,
1331,5601165006255,260.0,Calvé,Molho de alho,Embalagem de 260g,1.94,7.46,0,kg,€/Kg,,,https://driveimg1.intermarche.com/pt/Content/images/boitmal/produit/zoom/089B1CAB7287353404366CB7226AD30F.jpg,https://driveimg1.intermarche.com/pt/Content/images/boitmal/produit/zoom/5F13F0DF96776682A865C5AC21E8DB42.jpg,https://driveimg1.intermarche.com/pt/Content/images/boitmal/produit/zoom/5F13F0DF96776682A865C5AC21E8DB42.jpg,2024-11-13T23:59:59.999999999Z,PROSPECTUS,8,3,https://driveimg1.intermarche.com/pt/Content/images/boitmal/produit/zoom/5F13F0DF96776682A865C5AC21E8DB42.jpg
2520,7613033822827,250.0,Nestum,Nestum flocos de cereais integrais,Embalagem de 250g,2.14,8.56,0,kg,€/Kg,,,https://driveimg1.intermarche.com/pt/Content/images/boitmal/produit/zoom/C34EF83D0967AA6ED013672F2285D0CB.jpg,,,2024-11-13T23:59:59.999999999Z,PROSPECTUS,8,3,
29126,8001090134257,,Dodot,Toalhitas,4 x 64 un.,3.98,3.98,0,,€/Unidade,,,https://driveimg1.intermarche.com/pt/Content/images/boitmal/produit/zoom/44B6C590F496632C5F8CCC122D95EF42.jpg,,,2024-11-13T23:59:59.999999999Z,PROSPECTUS,8,3,
35284,5601050035346,180.0,Danone,Queijo cottage corpos danone,Embalagem de 180 g,1.59,8.83,0,kg,€/Kg,,,https://driveimg1.intermarche.com/pt/Content/images/boitmal/produit/zoom/D284C07250CA9411851DD5F436E10AA0.jpg,,,2024-11-13T23:59:59.999999999Z,PROSPECTUS,8,3,
49990,5603722520785,180.0,Matinal,"Queijo Fresco Cottage Magro, 180g",,1.59,8.83,0,kg,€/Kg,,,https://driveimg1.intermarche.com/pt/Content/images/boitmal/produit/zoom/6347351EF12999888BF6F01754206073.jpg,,,2024-11-13T23:59:59.999999999Z,PROSPECTUS,8,3,
51751,8720181338502,435.0,Cif,"Spray remove bolores, 435 ml",,2.49,5.72,435,L,€/L,,,https://driveimg1.intermarche.com/pt/Content/images/boitmal/produit/zoom/380C503403FDBF9BBCD37132FDE8F56E.jpg,,,2024-11-13T23:59:59.999999999Z,PROSPECTUS,8,3,
815,5000116106172,250.0,Capitão Iglo,"Douradinhos de frango, 10 unidades",Embalagem de 250g,3.49,13.96,0,kg,€/Kg,,Tipo de stockagem,https://driveimg1.intermarche.com/pt/Content/images/boitmal/produit/zoom/F63F8EDC7F7FF2702078ACE6C5ED02AC.jpg,,,2024-11-13T23:59:59.999999999Z,PROSPECTUS,8,3,
941,5601001322808,100.0,Nescafé,Café solúvel,Embalagem de 100g,3.19,31.9,0,kg,€/Kg,,,https://driveimg1.intermarche.com/pt/Content/images/boitmal/produit/zoom/60C0C99B7DDDE569E73B19209673ED55.jpg,,,2024-11-13T23:59:59.999999999Z,PROSPECTUS,8,3,
16229,8712561587495,4000.0,Comfort,"Amaciador de roupa, pure",Garrafa de 4 l,4.99,1.25,4000,L,€/L,,,https://driveimg1.intermarche.com/pt/Content/images/boitmal/produit/zoom/AAE7E7461FE5C9CAA68CFDC37842673D.jpg,,,2024-11-13T23:59:59.999999999Z,PROSPECTUS,8,3,
17523,2891246000000,1000.0,Porco,Pá York c/ Osso c/ Couro,Vendido ao peso a partir de 1 kg,3.49,3.49,0,,€/Kg,,,https://driveimg1.intermarche.com/pt/Content/images/boitmal/produit/zoom/B1774B7150E1E65399A00A5F3DC93922.jpg,,,2024-11-13T23:59:59.999999999Z,PROSPECTUS,8,3,
21374,0000080310167,130.0,Kinder,Chocolate maxi 6 barritas,Embalagem de 130g,2.19,16.85,0,kg,€/Kg,,,https://driveimg1.intermarche.com/pt/Content/images/boitmal/produit/zoom/504AE94960555605EA2E7C0713F0391E.jpg,,,2024-11-13T23:59:59.999999999Z,PROSPECTUS,8,3,
24371,5601050033014,620.0,Danone,"Iogurte líquido pinacolada corpos danone,  4 x 155 g",,1.89,3.05,0,kg,€/Kg,,,https://driveimg1.intermarche.com/pt/Content/images/boitmal/produit/zoom/BA062C78232ADE921CB0D8917CC39423.jpg,,,2024-11-13T23:59:59.999999999Z,PROSPECTUS,8,3,
25906,8412600071144,650.0,Bimbo,"Pão de forma especial torradas s/ côdea, 650g",,2.09,3.22,0,kg,€/Kg,,,https://driveimg1.intermarche.com/pt/Content/images/boitmal/produit/zoom/FE072CBAE2B254D11818DC4B4A08F173.jpg,,,2024-11-13T23:59:59.999999999Z,PROSPECTUS,8,3,
33222,3228024070282,130.0,Président,"Queijo creme de brie, 125 g",,2.24,17.23,0,kg,€/Kg,,,https://driveimg1.intermarche.com/pt/Content/images/boitmal/produit/zoom/FD07504DC881394E6116D36E0F2C3BCC.jpg,,,2024-11-13T23:59:59.999999999Z,PROSPECTUS,8,3,
47648,5601119355378,120.0,Nobre,Fiambre Perna Extra Braseado Finissimas,Embalagem de 120g,1.99,16.58,0,kg,€/Kg,,,https://driveimg1.intermarche.com/pt/Content/images/boitmal/produit/zoom/45073CAB30F31F6D40B3DBFB7E59A4B9.jpg,,,2024-11-13T23:59:59.999999999Z,PROSPECTUS,8,3,
52337,8720181392955,,Comfort,Amaciador Roupa Concentrado Creations Flor de Lótus e Lima,76 Doses,3.99,3.99,0,,€/Unidade,,,https://driveimg1.intermarche.com/pt/Content/images/boitmal/produit/zoom/18DD584DA1A39A596C301D171EB7721A.jpg,,,2024-11-13T23:59:59.999999999Z,PROSPECTUS,8,3,
52897,8720181392917,1332.0,Comfort,"Amaciador Concentrado Essência Pure, 74 Doses",,3.49,2.62,1332,L,€/L,,,https://driveimg1.intermarche.com/pt/Content/images/boitmal/produit/zoom/6C81AB307354BD851AD24288672BBAB9.jpg,,,2024-11-13T23:59:59.999999999Z,PROSPECTUS,8,3,
977,5601024124052,750.0,Oliveira da Serra,Azeite virgem extra seleção ouro,Garrafa de 750 ml,9.29,12.39,750,L,€/L,,,https://driveimg1.intermarche.com/pt/Content/images/boitmal/produit/zoom/C1949CA33BBB7B540392F14948B1D8BF.jpg,,,2024-11-13T23:59:59.999999999Z,PROSPECTUS,8,3,
11522,5601050207750,1200.0,Danone,"Iogurte danacol de morango,  12 x 100 g",,5.59,4.66,0,kg,€/Kg,,,https://driveimg1.intermarche.com/pt/Content/images/boitmal/produit/zoom/19DF119EEF937F27AD1CAD10B25F439C.jpg,,,2024-11-13T23:59:59.999999999Z,PROSPECTUS,8,3,
12286,8001480020696,2000.0,Neoblanc,Lixívia para roupa delicada,Embalagem de 2 l,5.24,2.62,2000,L,€/L,,,https://driveimg1.intermarche.com/pt/Content/images/boitmal/produit/zoom/1EEF05A0D9CFE46475A118F5FF12889D.jpg,,,2024-11-13T23:59:59.999999999Z,PROSPECTUS,8,3,
1337,5601165100786,50.0,Calvé,Piri piri,Garrafa de 50 ml,1.68,33.6,50,L,€/L,,,https://driveimg1.intermarche.com/pt/Content/images/boitmal/produit/zoom/008C8E9F15AC26570DA04227E6BC4B56.jpg,,,2024-11-13T23:59:59.999999999Z,PROSPECTUS,8,3,
19094,4084500330955,1500.0,Fairy,"Detergente líquido, manual loiça, original, 1,5 l",,6.19,4.13,1500,L,€/L,,,https://driveimg1.intermarche.com/pt/Content/images/boitmal/produit/zoom/239DD1C8A0266CF207624C4D2BE653E1.jpg,,,2024-11-13T23:59:59.999999999Z,PROSPECTUS,8,3,
21307,5604260280193,750.0,Selecção de Enófilos,"Vinho DOC Douro, Branco",Garrafa de 0.75L,2.19,2.92,750,L,€/L,,,https://driveimg1.intermarche.com/pt/Content/images/boitmal/produit/zoom/038BB540FF1B82339B70F2C9381287D7.jpg,,,2024-11-13T23:59:59.999999999Z,PROSPECTUS,8,3,
21339,5603089007134,200.0,Parmalat,Nata uht 0% lactose,Embalagem de 200 ml,1.08,5.4,200,L,€/L,,Produtos Bio,https://driveimg1.intermarche.com/pt/Content/images/boitmal/produit/zoom/5C987CE9D5560AC8B2365E7C27451819.jpg,,,2024-11-13T23:59:59.999999999Z,PROSPECTUS,8,3,
26580,5600798960163,200.0,Shoyce,Creme culinário soja light,Garrafa de 200 ml,0.99,4.95,200,L,€/L,,Produtos Bio,https://driveimg1.intermarche.com/pt/Content/images/boitmal/produit/zoom/CC263813DE6A8BEF285425FD77A9AB4E.jpg,,,2024-11-13T23:59:59.999999999Z,PROSPECTUS,8,3,
37510,7613036841498,90.0,Nestlé,Pacote maçã e pêssego,Embalagem de 90 g,0.78,8.67,0,kg,€/Kg,,,https://driveimg1.intermarche.com/pt/Content/images/boitmal/produit/zoom/B6EBF57BF6FEE625FEE4365FC32440DD.jpg,,,2024-11-13T23:59:59.999999999Z,PROSPECTUS,8,3,
8577,5601146000425,1980.0,Sagres,"Cerveja com álcool, tara perdida",pack 6 x 0.33 l,4.85,2.45,1980,L,€/L,,,https://driveimg1.intermarche.com/pt/Content/images/boitmal/produit/zoom/2EB7704DBA490BA8B3C0147A31E27A52.jpg,,,2024-11-13T23:59:59.999999999Z,PROSPECTUS,8,3,
972,5601024030056,750.0,Oliveira da Serra,"Azeite extra virgem, azeitonas verdes",Garrafa de 750 ml,8.69,11.59,750,L,€/L,,,https://driveimg1.intermarche.com/pt/Content/images/boitmal/produit/zoom/F81E60325884A50540DA24AAB5A050E8.jpg,,,2024-11-13T23:59:59.999999999Z,PROSPECTUS,8,3,
10000,8001480020559,2000.0,Neoblanc,Lixivia perfume fresco,Embalagem de 2 l,2.24,1.12,2000,L,€/L,,,https://driveimg1.intermarche.com/pt/Content/images/boitmal/produit/zoom/AB043965B840954BA1E2B970EB3CF7B9.jpg,,,2024-11-13T23:59:59.999999999Z,PROSPECTUS,8,3,
10175,8410375110211,300.0,Bonduelle,Milho tenro e doce,Embalagem de 300 g,1.74,5.8,0,kg,€/Kg,,,https://driveimg1.intermarche.com/pt/Content/images/boitmal/produit/zoom/FF9A7D9DA8774E0BDF91C9183E7DCF4F.jpg,,,2024-11-13T23:59:59.999999999Z,PROSPECTUS,8,3,
15504,5601050031669,480.0,Danone,"Iogurte activia cremoso frutos silvestres,  4 x 120 g",,1.99,4.15,0,kg,€/Kg,,,https://driveimg1.intermarche.com/pt/Content/images/boitmal/produit/zoom/709B548D37F71DDA459131D3F3B36E78.jpg,,,2024-11-13T23:59:59.999999999Z,PROSPECTUS,8,3,
16567,5000116110070,750.0,Iglo,Esparregado de espinafres,Embalagem de 750g,3.49,4.65,0,kg,€/Kg,,Tipo de stockagem,https://driveimg1.intermarche.com/pt/Content/images/boitmal/produit/zoom/86D3F3D2313F56668D62EB7FF71C326B.jpg,,,2024-11-13T23:59:59.999999999Z,PROSPECTUS,8,3,
20202,5601151976456,1000.0,Frize,Água c/ gás: limão/pepino/gengibre,pack 4 x 0.25 l,1.99,1.99,1000,L,€/L,,,https://driveimg1.intermarche.com/pt/Content/images/boitmal/produit/zoom/F47824AB7ACD4F4E1E1A0CC54659430F.jpg,,,2024-11-13T23:59:59.999999999Z,PROSPECTUS,8,3,
26153,8001090229083,,Ausonia,Pensos Higiênicos com Abas Super,embalagem com 12 un.,1.94,1.94,0,,€/Unidade,,,https://driveimg1.intermarche.com/pt/Content/images/boitmal/produit/zoom/219E0B3EF05D6DA4905EC8A4376099AF.jpg,,,2024-11-13T23:59:59.999999999Z,PROSPECTUS,8,3,
33221,3228021000145,125.0,Président,Queijo creme de camembert,embalagem de 125 g,2.24,17.92,0,kg,€/Kg,,,https://driveimg1.intermarche.com/pt/Content/images/boitmal/produit/zoom/191B0F5F4C277BC0952AE88BBE7A9713.jpg,,,2024-11-13T23:59:59.999999999Z,PROSPECTUS,8,3,
35631,8410436329545,100.0,Sonasol,Bloco sanitário desinfectante duplo floral,Embalagem de 2 x 50 g,2.99,29.9,0,kg,€/Kg,,,https://driveimg1.intermarche.com/pt/Content/images/boitmal/produit/zoom/4B512DA095664E6F814B383EE3473F2D.jpg,,,2024-11-13T23:59:59.999999999Z,PROSPECTUS,8,3,
36802,8001090139504,,Dodot,Toalhitas básico,embalagem com 54 unidades,0.95,0.95,0,,€/Unidade,,,https://driveimg1.intermarche.com/pt/Content/images/boitmal/produit/zoom/12E79992B8514B2B82268A1F5A576830.jpg,,,2024-11-13T23:59:59.999999999Z,PROSPECTUS,8,3,
38555,5601019012807,500.0,Guloso,Polpa de Tomate com Manjericão e Oregãos,Embalagem de 500g,1.49,2.98,0,kg,€/Kg,,,https://driveimg1.intermarche.com/pt/Content/images/boitmal/produit/zoom/91BED76549C4236F11A5CB6F37BF70E1.jpg,,,2024-11-13T23:59:59.999999999Z,PROSPECTUS,8,3,
38569,5601043111385,500.0,Espiga,Farinha de arroz,Embalagem de 500g,0.95,1.9,0,kg,€/Kg,,,https://driveimg1.intermarche.com/pt/Content/images/boitmal/produit/zoom/75BD610997C68B6F54D809273CB78786.jpg,,,2024-11-13T23:59:59.999999999Z,PROSPECTUS,8,3,
391,8712566173648,70.0,Knorr,"Sopa de cozido, 70g",,1.6,22.86,0,kg,€/Kg,,,https://driveimg1.intermarche.com/pt/Content/images/boitmal/produit/zoom/C0EE5A12F75937ABFCDAF9A5E610D848.jpg,,,2024-11-13T23:59:59.999999999Z,PROSPECTUS,8,3,
46162,3083681106480,400.0,Bonduelle,Salteado parisino,Embalagem de 400g,2.59,6.48,0,kg,€/Kg,,Tipo de stockagem,https://driveimg1.intermarche.com/pt/Content/images/boitmal/produit/zoom/06D3269CF888DEE604E81717FC556DB1.jpg,,,2024-11-13T23:59:59.999999999Z,PROSPECTUS,8,3,
46652,3083681137996,600.0,Bonduelle,Lentilhas,Embalagem de 600g,2.59,4.32,0,kg,€/Kg,,,https://driveimg1.intermarche.com/pt/Content/images/boitmal/produit/zoom/6448716CECF38B7F7E165BDCA6CC72E5.jpg,,,2024-11-13T23:59:59.999999999Z,PROSPECTUS,8,3,
5126,5601068014494,750.0,Cif,Desinfetante em gel c/ lixívia,Garrafa de 750 ml,1.49,1.99,750,L,€/L,,,https://driveimg1.intermarche.com/pt/Content/images/boitmal/produit/zoom/DD01BA25A9A9F730D8ADD335AE8FD21F.jpg,,,2024-11-13T23:59:59.999999999Z,PROSPECTUS,8,3,
8398,5601050016024,600.0,Danone,"Danacol natural,  6 x 100 g",,2.99,4.98,0,kg,€/Kg,,,https://driveimg1.intermarche.com/pt/Content/images/boitmal/produit/zoom/F95F766B58ABBBA7608620C57921073C.jpg,,,2024-11-13T23:59:59.999999999Z,PROSPECTUS,8,3,
10161,8410199030900,90.0,Lay's,Aperitivos 3d's cones,Embalagem de 90g,0.99,11.0,0,kg,€/Kg,,,https://driveimg1.intermarche.com/pt/Content/images/boitmal/produit/zoom/EC348049868D39036CC02EADA4A09D85.jpg,,,2024-11-13T23:59:59.999999999Z,PROSPECTUS,8,3,
11614,5601164874206,1980.0,Super Bock,"Cerveja sem álcool, tara perdida",Pack 6 X 0.33 L,4.49,2.27,1980,L,€/L,,,https://driveimg1.intermarche.com/pt/Content/images/boitmal/produit/zoom/82CDFA291D56D541FEE3D9F75B502D50.jpg,,,2024-11-13T23:59:59.999999999Z,PROSPECTUS,8,3,
1273,5601151060759,410.0,Compal,Feijão branco,Lata de 410 ml,1.09,2.66,410,L,€/L,,,https://driveimg1.intermarche.com/pt/Content/images/boitmal/produit/zoom/3E2AA120F60445DEF4C4302D800E6B17.jpg,,,2024-11-13T23:59:59.999999999Z,PROSPECTUS,8,3,
1304,5601151860755,410.0,Compal,Feijão frade,Lata de 410 ml,1.09,2.66,410,L,€/L,,,https://driveimg1.intermarche.com/pt/Content/images/boitmal/produit/zoom/066688CD8BF0590497712193ADD4FE5F.jpg,,,2024-11-13T23:59:59.999999999Z,PROSPECTUS,8,3,
17114,5000116110148,320.0,Capitão Iglo,4 hamburguers vaca s/ glúten,Embalagem de 320g,3.99,12.47,0,kg,€/Kg,,Tipo de stockagem,https://driveimg1.intermarche.com/pt/Content/images/boitmal/produit/zoom/8E7F8CBEF475C7DF0459EA1D70B35576.jpg,,,2024-11-13T23:59:59.999999999Z,PROSPECTUS,8,3,
19608,7613035376861,90.0,Nestlé,Fruta para bebé maçã cenoura manga +6 meses,Embalagem de 90g,0.78,8.67,0,kg,€/Kg,,,https://driveimg1.intermarche.com/pt/Content/images/boitmal/produit/zoom/5C041057EE06358447920ADCA69E0479.jpg,,,2024-11-13T23:59:59.999999999Z,PROSPECTUS,8,3,
22327,7613035766488,250.0,Nestum,Nestum bolacha maria,Embalagem de 250g,2.14,8.56,0,kg,€/Kg,,,https://driveimg1.intermarche.com/pt/Content/images/boitmal/produit/zoom/2A470117028949BD6CC7619A1F2A3929.jpg,,,2024-11-13T23:59:59.999999999Z,PROSPECTUS,8,3,
22428,5600798960286,200.0,Shoyce,Creme culinário de soja,Garrafa de 200 ml,0.95,4.75,200,L,€/L,,Produtos Bio,https://driveimg1.intermarche.com/pt/Content/images/boitmal/produit/zoom/34C0562B5361D465B3611C358589D5AC.jpg,,,2024-11-13T23:59:59.999999999Z,PROSPECTUS,8,3,
2671,8410000001013,300.0,Chips Ahoy!,Bolachas chips ahoy,Embalagem de 300g,2.99,9.97,0,kg,€/Kg,,,https://driveimg1.intermarche.com/pt/Content/images/boitmal/produit/zoom/5DFB4AEB0DE1B93FA331E4FE3B3A02DC.jpg,,,2024-11-13T23:59:59.999999999Z,PROSPECTUS,8,3,
32400,8006540876947,385.0,Pantene,Champô Anticaspa,385 ml,3.89,10.1,385,L,€/L,,,https://driveimg1.intermarche.com/pt/Content/images/boitmal/produit/zoom/C394656D5A326E8E294168046065036F.jpg,,,2024-11-13T23:59:59.999999999Z,PROSPECTUS,8,3,
393,8712566173945,70.0,Knorr,Creme marisco,Embalagem de 70g,1.6,22.86,0,kg,€/Kg,,,https://driveimg1.intermarche.com/pt/Content/images/boitmal/produit/zoom/5AC7DB72DD40FCC73A38BA936E17E369.jpg,,,2024-11-13T23:59:59.999999999Z,PROSPECTUS,8,3,
47145,5601008201120,200.0,Vieira,Sortido Princesa,Embalagem de 200g,2.09,10.45,0,kg,€/Kg,,,https://driveimg1.intermarche.com/pt/Content/images/boitmal/produit/zoom/64953FEEC58A838CAD361FBDEFD9CD7F.jpg,,,2024-11-13T23:59:59.999999999Z,PROSPECTUS,8,3,
47635,8412600018316,300.0,Bimbo,Bimbo® bagels clássico 4 un.,Embalagem de 300g,2.15,7.17,0,kg,€/Kg,,,https://driveimg1.intermarche.com/pt/Content/images/boitmal/produit/zoom/E755B43AF6FC6D3F5BD557A4226DF511.jpg,,,2024-11-13T23:59:59.999999999Z,PROSPECTUS,8,3,
49767,5601151969106,1000.0,Frize,Água c/ Gás Ananás,pack 4 x 0.25 l,1.99,1.99,1000,L,€/L,,,https://driveimg1.intermarche.com/pt/Content/images/boitmal/produit/zoom/EE071A8A9B23805FF5594CF8DCE06CD5.jpg,,,2024-11-13T23:59:59.999999999Z,PROSPECTUS,8,3,
49819,5603722517327,600.0,Matinal,"Leite Seleccionado Leve, pack 3 x 200 ml",,1.43,2.38,600,L,€/L,,,https://driveimg1.intermarche.com/pt/Content/images/boitmal/produit/zoom/71B7A978B09743409E9A95EE1E5CB157.jpg,,,2024-11-13T23:59:59.999999999Z,PROSPECTUS,8,3,
52340,8720181392962,,Comfort,Amaciador Roupa Concentrado Creations Madressilva e Sândalo,76 Doses,3.99,3.99,0,,€/Unidade,,,https://driveimg1.intermarche.com/pt/Content/images/boitmal/produit/zoom/6B8F8DA9C5DF28DF49A227B125CD9AD5.jpg,,,2024-11-13T23:59:59.999999999Z,PROSPECTUS,8,3,
52536,4008400320328,129.0,Kinder,Snack Chocolate Bueno,Embalagem de 3x43g,2.19,16.98,0,kg,€/Kg,,,https://driveimg1.intermarche.com/pt/Content/images/boitmal/produit/zoom/7D0C6F0D8A14FE6E20497AD8E847B60F.jpg,,,2024-11-13T23:59:59.999999999Z,PROSPECTUS,8,3,
6460,8410436216777,53.0,Sonasol,Bloco Sanitário Poder Activo Floral,Embalagem de 50 g,1.98,37.36,0,kg,€/Kg,,,https://driveimg1.intermarche.com/pt/Content/images/boitmal/produit/zoom/9C3612E8D8E2847E794B4AC7CFA48EBA.jpg,,,2024-11-13T23:59:59.999999999Z,PROSPECTUS,8,3,
8315,5601028013307,,Renova,"Papel higiénico, compacto, extra xxl, folha dupla, 24 unidades",1 embalagem,11.84,11.84,0,,€/Unidade,,,https://driveimg1.intermarche.com/pt/Content/images/boitmal/produit/zoom/E547A0A76698EB9D1E248C6C0C9D74B9.jpg,https://driveimg1.intermarche.com/pt/Content/images/boitmal/produit/zoom/F6866F63DEC5517DB1E2DC48AD701110.jpg,https://driveimg1.intermarche.com/pt/Content/images/boitmal/produit/zoom/52CEDF162CBC9A98A93B293FEE315F10.jpg,2024-11-13T23:59:59.999999999Z,PROSPECTUS,8,3,
1285,5601151160060,410.0,Compal,Ervilhas,Lata com 410 ml,1.09,2.66,410,L,€/L,,,https://driveimg1.intermarche.com/pt/Content/images/boitmal/produit/zoom/DF6554E20C53A2A8ED5E7D70B3F45F64.jpg,,,2024-11-13T23:59:59.999999999Z,PROSPECTUS,8,3,
1325,5601163120816,750.0,Luso,Água sem Gás,"Garrafa de 0,75 l",0.68,0.91,750,L,€/L,,,https://driveimg1.intermarche.com/pt/Content/images/boitmal/produit/zoom/EB855E4D33D4EACCD13F74886B7162B5.jpg,,,2024-11-13T23:59:59.999999999Z,PROSPECTUS,8,3,
14373,7613034584236,100.0,Nescafé,Café solúvel creme,Embalagem de 100g,3.19,31.9,0,kg,€/Kg,,,https://driveimg1.intermarche.com/pt/Content/images/boitmal/produit/zoom/48199761533FB8DB6A796A993ABA4535.jpg,,,2024-11-13T23:59:59.999999999Z,PROSPECTUS,8,3,
15349,5603722514203,1000.0,Mimosa,Leite infantil 3+ anos sem lactose,Garrafa de 1 l,1.59,1.59,1000,L,€/L,,,https://driveimg1.intermarche.com/pt/Content/images/boitmal/produit/zoom/C7B6F8D630563D44FE87DA62678E0A5F.jpg,https://driveimg1.intermarche.com/pt/Content/images/boitmal/produit/zoom/C8D2B05C3B050A036DFF481D77A9A7CA.jpg,https://driveimg1.intermarche.com/pt/Content/images/boitmal/produit/zoom/A8FB4969B6C4BCA92A1313FDA5392B39.jpg,2024-11-13T23:59:59.999999999Z,PROSPECTUS,8,3,
16642,5000116109982,700.0,Iglo,Favas,Embalagem de 700g,2.99,4.27,0,kg,€/Kg,,Tipo de stockagem,https://driveimg1.intermarche.com/pt/Content/images/boitmal/produit/zoom/76340C40D2F5FD6D0A355D8C739DF8C8.jpg,,,2024-11-13T23:59:59.999999999Z,PROSPECTUS,8,3,
1693,5603344681017,40.0,General,Filete de anchovas estendidas,Embalagem de 40g,1.64,41.0,0,kg,€/Kg,,,https://driveimg1.intermarche.com/pt/Content/images/boitmal/produit/zoom/96A841288ED8A7D04158591EC80D9676.jpg,,,2024-11-13T23:59:59.999999999Z,PROSPECTUS,8,3,
20911,5600390412787,750.0,Rio Real,Vinho doc douro tinto,Garrafa de 0.75 l,3.19,4.25,750,L,€/L,,,https://driveimg1.intermarche.com/pt/Content/images/boitmal/produit/zoom/88872D684C0E5ED9B5AA35B357298CAC.jpg,,,2024-11-13T23:59:59.999999999Z,PROSPECTUS,8,3,
2500,7613033129025,250.0,Cerelac,Papa infantil não láctea bolacha maria +6 meses,Embalagem de 250g,2.39,9.56,0,kg,€/Kg,,,https://driveimg1.intermarche.com/pt/Content/images/boitmal/produit/zoom/1A288A774960D901AD4DC15008F92E64.jpg,,,2024-11-13T23:59:59.999999999Z,PROSPECTUS,8,3,
2534,7613034155160,400.0,Nestlé,Leite condensado cozido,Embalagem de 400g,2.64,6.6,0,kg,€/Kg,,,https://driveimg1.intermarche.com/pt/Content/images/boitmal/produit/zoom/3AE58658640B39F72817166453F971D6.jpg,,,2024-11-13T23:59:59.999999999Z,PROSPECTUS,8,3,
29366,8710447376133,435.0,Cif,"Spray fornos e grelhadores, 435 ml",,2.49,5.72,435,L,€/L,,,https://driveimg1.intermarche.com/pt/Content/images/boitmal/produit/zoom/0983FC0F3C1B5D9C271D56B3C7E3A30E.jpg,,,2024-11-13T23:59:59.999999999Z,PROSPECTUS,8,3,
32279,8001090229168,,Ausonia,Pensos com Abas de Noite,embalagem com 9 un.,1.94,1.94,0,,€/Unidade,,,https://driveimg1.intermarche.com/pt/Content/images/boitmal/produit/zoom/C3F28E71F3D959B26F216E0A65A6AD71.jpg,,,2024-11-13T23:59:59.999999999Z,PROSPECTUS,8,3,
33884,2893837000000,1500.0,Peixaria,Peixe espada preto inteiro,Vendido ao peso,10.49,6.99,0,,€/Kg,,,https://driveimg1.intermarche.com/pt/Content/images/boitmal/produit/zoom/C67775DEF7965BD4AF6F93F01FE1AC28.jpg,,,2024-11-13T23:59:59.999999999Z,PROSPECTUS,8,3,
372,8711200532391,260.0,Calvé,Molho Big Burguer,Embalagem de 260g,1.94,7.46,0,kg,€/Kg,,,https://driveimg1.intermarche.com/pt/Content/images/boitmal/produit/zoom/A750CF91D157F1A24339167BD14309C2.jpg,https://driveimg1.intermarche.com/pt/Content/images/boitmal/produit/zoom/122719564EBC4BB4D52F039A6C0EDAF1.jpg,,2024-11-13T23:59:59.999999999Z,PROSPECTUS,8,3,
37778,8710847944420,500.0,Skip,Tira nódoas em spray,Embalagem de 500 ml,4.19,8.38,500,L,€/L,,,https://driveimg1.intermarche.com/pt/Content/images/boitmal/produit/zoom/75B538B9177E8250C54989F620DA2826.jpg,,,2024-11-13T23:59:59.999999999Z,PROSPECTUS,8,3,
37990,8410063036175,1000.0,Pescanova,Caprichos do mar sem glúten,Embalagem de 1 kg,6.39,6.39,0,kg,€/Kg,,Tipo de stockagem,https://driveimg1.intermarche.com/pt/Content/images/boitmal/produit/zoom/C821049F2FB4EBE63582B0B82BB259C5.jpg,,,2024-11-13T23:59:59.999999999Z,PROSPECTUS,8,3,
40670,5000116125449,1440.0,Capitão Iglo,18 hamburguers s/ glúten vaca,Pack familiar com 1.4 kg,14.99,10.41,0,kg,€/Kg,,Tipo de stockagem,https://driveimg1.intermarche.com/pt/Content/images/boitmal/produit/zoom/1205D6FFB1292702E12CA65D9CB59DB1.jpg,,,2024-11-13T23:59:59.999999999Z,PROSPECTUS,8,3,
41311,5601019012876,390.0,Guloso,Tomate em Pedaços com Cebola e Alho,Embalagem de 390g,1.79,4.59,0,kg,€/Kg,,,https://driveimg1.intermarche.com/pt/Content/images/boitmal/produit/zoom/DA7DA36A1DB3F59161A395B0EC5223E9.jpg,,,2024-11-13T23:59:59.999999999Z,PROSPECTUS,8,3,
432,8722700084952,63.0,Knorr,Sopa de legumes,Embalagem de 60g,1.6,25.4,0,kg,€/Kg,,,https://driveimg1.intermarche.com/pt/Content/images/boitmal/produit/zoom/CDD0F7AF267061F5F2B16720B17C4635.jpg,,,2024-11-13T23:59:59.999999999Z,PROSPECTUS,8,3,
44736,5601119354296,220.0,Nobre,Fiambre da perna extra fatias finas,Embalagem de 220g,3.29,14.95,0,kg,€/Kg,,,https://driveimg1.intermarche.com/pt/Content/images/boitmal/produit/zoom/A78050C7BB155B5DB1353AC09A55C6E3.jpg,,,2024-11-13T23:59:59.999999999Z,PROSPECTUS,8,3,
46364,8006540213933,1500.0,Fairy,Detergente Líquido p/ Lavar Loiça Jasmim Rosa,"1 Embalagem 1,5L",5.39,3.59,1500,L,€/L,,,https://driveimg1.intermarche.com/pt/Content/images/boitmal/produit/zoom/0847767D3C9A53BBA32C87BDBA59889A.jpg,,,2024-11-13T23:59:59.999999999Z,PROSPECTUS,8,3,
46499,7613287399045,,Nescafé,Café em cápsulas Dolce Gusto Intenso,64 cápsulas,17.99,17.99,0,,€/Unidade,,,https://driveimg1.intermarche.com/pt/Content/images/boitmal/produit/zoom/29C93A54BC4D58288DD5756662274BB2.jpg,,,2024-11-13T23:59:59.999999999Z,PROSPECTUS,8,3,
51369,5000116125791,1400.0,Capitão Iglo,50 douradinhos de peixe ómega-3 iglo,Embalagem de 1.4 kg,13.99,9.99,0,kg,€/Kg,,Tipo de stockagem,https://driveimg1.intermarche.com/pt/Content/images/boitmal/produit/zoom/5F5682F8A5B575F68738EAA2498BE609.jpg,,,2024-11-13T23:59:59.999999999Z,PROSPECTUS,8,3,
52882,8719200267923,1000.0,Planta,"Creme Vegetal de Barrar com Sabor a Manteiga, 1 kg",,4.99,4.99,0,kg,€/Kg,,,https://driveimg1.intermarche.com/pt/Content/images/boitmal/produit/zoom/CA359583CDC4B85860A9620A14431005.jpg,,,2024-11-13T23:59:59.999999999Z,PROSPECTUS,8,3,
6205,8001480020450,2000.0,Neoblanc,Lixívia Denso-Activa Harmonias Florais p/ Casa e Roupa,Embalagem de 2 l,2.99,1.5,2000,L,€/L,,,https://driveimg1.intermarche.com/pt/Content/images/boitmal/produit/zoom/F41ADE6A8A2E172433A5157F3ABCA9F6.jpg,,,2024-11-13T23:59:59.999999999Z,PROSPECTUS,8,4,
6208,8001480020580,2000.0,Neoblanc,Lixívia Denso-Activa Tradicional p/ Casa e Roupa,Embalagem de 2 l,2.99,1.5,2000,L,€/L,,,https://driveimg1.intermarche.com/pt/Content/images/boitmal/produit/zoom/E446BACA3D4561303E1F410048645F37.jpg,,,2024-11-13T23:59:59.999999999Z,PROSPECTUS,8,4,
6689,8435257022567,720.0,Longa vida,"Iogurte magro morango,  6 x 120 g",,2.29,3.18,0,kg,€/Kg,,,https://driveimg1.intermarche.com/pt/Content/images/boitmal/produit/zoom/116F7996F4B8C9E36A9C4D0EB83317F7.jpg,,,2024-11-13T23:59:59.999999999Z,PROSPECTUS,8,4,
962,5601019012517,210.0,Guloso,Passata de Manjericão e Oregãos,Embalagem de 210g,0.74,3.52,0,kg,€/Kg,,,https://driveimg1.intermarche.com/pt/Content/images/boitmal/produit/zoom/EE291078DA7B0DBA3843A375150D086A.jpg,,,2024-11-13T23:59:59.999999999Z,PROSPECTUS,8,4,
11560,5601146111008,1980.0,Sagres,Cerveja c/ álcool radler,pack 6 x 0.33 l,4.89,2.47,1980,L,€/L,,,https://driveimg1.intermarche.com/pt/Content/images/boitmal/produit/zoom/88F160692B7EC2A421B615A3D9CD76D1.jpg,,,2024-11-13T23:59:59.999999999Z,PROSPECTUS,8,4,
13201,2893186000000,800.0,Peixaria,Pargo Mulato, 1un = 800 gr (aprox.),5.59,6.99,0,,€/Kg,,,https://driveimg1.intermarche.com/pt/Content/images/boitmal/produit/zoom/E0618151B3B8B33430897B1086A8B8B7.jpg,,,2024-11-13T23:59:59.999999999Z,PROSPECTUS,8,4,
14906,2893338000000,2500.0,Peixaria,Raia Média,1un= 2.5 kg (aprox.),12.48,4.99,0,,€/Kg,,,https://driveimg1.intermarche.com/pt/Content/images/boitmal/produit/zoom/F793DB00DDC6B724D88FB735A347087D.jpg,,,2024-11-13T23:59:59.999999999Z,PROSPECTUS,8,4,
14971,3083681022803,400.0,Bonduelle,"Brocolos natur pré-preparados, congelados",Embalagem de 400g,1.69,4.23,0,kg,€/Kg,,Tipo de stockagem,https://driveimg1.intermarche.com/pt/Content/images/boitmal/produit/zoom/A7ECF23AAE6D0B80CB5CD4B9FB0B6C43.jpg,,,2024-11-13T23:59:59.999999999Z,PROSPECTUS,8,4,
15966,3387390324082,375.0,Nestlé,Cereais crunch 375g,Embalagem de 380g,2.99,7.97,0,kg,€/Kg,,,https://driveimg1.intermarche.com/pt/Content/images/boitmal/produit/zoom/DFF49D4BD1FA11F2722A3C76D63C7310.jpg,,,2024-11-13T23:59:59.999999999Z,PROSPECTUS,8,4,
16097,5601029003406,120.0,Tenorio,Atum filete azeite biológico,Embalagem de 120g,2.92,24.33,0,kg,€/Kg,,Produtos Bio,https://driveimg1.intermarche.com/pt/Content/images/boitmal/produit/zoom/E8E6CEF089D51BC3A4DBE956FA334C6B.jpg,,,2024-11-13T23:59:59.999999999Z,PROSPECTUS,8,4,
27776,8410500019846,480.0,Danone,"Activia 0% cocktail de fruta cremoso,  4 x 120 g",,1.99,4.15,0,kg,€/Kg,,,https://driveimg1.intermarche.com/pt/Content/images/boitmal/produit/zoom/276E25EA58255AD6CA8BA110EA3F0B5A.jpg,,,2024-11-13T23:59:59.999999999Z,PROSPECTUS,8,4,
29231,5010867203969,750.0,Altano,Vinho tinto doc douro,Garrafa de 0.75 l,3.99,5.32,750,L,€/L,,,https://driveimg1.intermarche.com/pt/Content/images/boitmal/produit/zoom/F5BDC16A3EDC0683378C0974A9413A1F.jpg,,,2024-11-13T23:59:59.999999999Z,PROSPECTUS,8,4,
34328,5603344291018,120.0,General,Bacalhau com grão,Embalagem de 120g,1.85,15.42,0,kg,€/Kg,,,https://driveimg1.intermarche.com/pt/Content/images/boitmal/produit/zoom/390AF677836560F223449E31B359C9F1.jpg,,,2024-11-13T23:59:59.999999999Z,PROSPECTUS,8,4,
35555,5601146100118,1980.0,Sagres,Cerveja bohemia original,Pack de 6 x 0.33 l,4.89,2.47,1980,L,€/L,,,https://driveimg1.intermarche.com/pt/Content/images/boitmal/produit/zoom/5089C54D15A62AD5CD5C6DED46EA40E7.jpg,,,2024-11-13T23:59:59.999999999Z,PROSPECTUS,8,4,
35753,8001841240640,270.0,Pantene,Creme para pentear caracóis,270 ml,5.99,22.19,270,L,€/L,,,https://driveimg1.intermarche.com/pt/Content/images/boitmal/produit/zoom/574B3E314AF635DCDB9A6448E3C017C1.jpg,,,2024-11-13T23:59:59.999999999Z,PROSPECTUS,8,4,
37444,7613036955799,250.0,Nestum,Nestum zero mel,Embalagem de 250 g,2.14,8.56,0,kg,€/Kg,,,https://driveimg1.intermarche.com/pt/Content/images/boitmal/produit/zoom/D832760CBFCD12A05671CAF2199EB4C4.jpg,,,2024-11-13T23:59:59.999999999Z,PROSPECTUS,8,4,
40969,5601151972557,1000.0,Frize,Água com gás sabor a maracujá,"Pack 4x 0,25l",1.99,1.99,1000,L,€/L,,,https://driveimg1.intermarche.com/pt/Content/images/boitmal/produit/zoom/9EDA238AFCB0C6D994D4CB4972B7E3C2.jpg,,,2024-11-13T23:59:59.999999999Z,PROSPECTUS,8,4,
41901,7613037677591,250.0,Cerelac,Farinha láctea menos 40% açúcar,Embalagem de 250g,2.24,8.96,0,kg,€/Kg,,,https://driveimg1.intermarche.com/pt/Content/images/boitmal/produit/zoom/687BCC1B8BE836CF748B8DD683218C66.jpg,,,2024-11-13T23:59:59.999999999Z,PROSPECTUS,8,4,
44755,8720182022042,350.0,Calvé,Manteiga amendoim cremosa,Embalagem de 350g,2.39,6.83,0,kg,€/Kg,,,https://driveimg1.intermarche.com/pt/Content/images/boitmal/produit/zoom/1111E8E88D09020B513DB5B2CB0B500C.jpg,,,2024-11-13T23:59:59.999999999Z,PROSPECTUS,8,4,
45362,3041091718020,380.0,Blédina,Frutapura maçã e pera,Embalagem de 4 x 95g,2.24,5.89,0,kg,€/Kg,,,https://driveimg1.intermarche.com/pt/Content/images/boitmal/produit/zoom/60F3F7131C5DB5AA444B3DA0E7BA07A2.jpg,,,2024-11-13T23:59:59.999999999Z,PROSPECTUS,8,4,
45380,5601050036954,620.0,Danone,"Iogurte Magro Corpos Danone Líquido Frutos Tropicais,  4 x 155 g",,1.89,3.05,0,kg,€/Kg,,,https://driveimg1.intermarche.com/pt/Content/images/boitmal/produit/zoom/231284A4A018EB1BDB97D1E53DC7ECFE.jpg,,,2024-11-13T23:59:59.999999999Z,PROSPECTUS,8,4,
46159,3041091718051,380.0,Blédina,Frutapura frutos variados,4 x 95 g,2.24,5.89,0,kg,€/Kg,,,https://driveimg1.intermarche.com/pt/Content/images/boitmal/produit/zoom/89D43CEC5925A104AAA4F6A512781989.jpg,,,2024-11-13T23:59:59.999999999Z,PROSPECTUS,8,4,
46781,8001841934877,,Swiffer,"Espanador limpa pó, 1 cabo + 5 recargas",,3.59,3.59,0,,€/Unidade,,,https://driveimg1.intermarche.com/pt/Content/images/boitmal/produit/zoom/06C2A99A58815069DC93220EC051CD5C.jpg,,,2024-11-13T23:59:59.999999999Z,PROSPECTUS,8,4,
47621,0000080466437,40.0,Dove,Desodorizante original 0% álcool,40 ml,3.59,89.75,40,L,€/L,,,https://driveimg1.intermarche.com/pt/Content/images/boitmal/produit/zoom/6250F87CFED7E6C6408C0D352DF269E6.jpg,,,2024-11-13T23:59:59.999999999Z,PROSPECTUS,8,4,
47981,5000116126828,360.0,Capitão Iglo,12 douradinhos de peixe sem glúten,Embalagem de 360g,4.97,13.81,0,kg,€/Kg,,Tipo de stockagem,https://driveimg1.intermarche.com/pt/Content/images/boitmal/produit/zoom/63F836AC8ABD1A3C0C099FD95D53DBC2.jpg,,,2024-11-13T23:59:59.999999999Z,PROSPECTUS,8,4,
48238,8410199023094,180.0,Lay's,Lay's gourmet corte fino,Embalagem de 180 g,1.34,7.44,0,kg,€/Kg,,,https://driveimg1.intermarche.com/pt/Content/images/boitmal/produit/zoom/DB554989B3207326DF349FCDC6522981.jpg,,,2024-11-13T23:59:59.999999999Z,PROSPECTUS,8,4,
53234,5603722522963,215.0,Matinal,"Queijo Fresco Proteína, 215g",,1.99,9.26,0,kg,€/Kg,,,https://driveimg1.intermarche.com/pt/Content/images/boitmal/produit/zoom/9912C016802A3BBD03C8EA17AE2A4CDF.jpg,,,2024-11-13T23:59:59.999999999Z,PROSPECTUS,8,4,
53240,8720181384264,2340.0,Skip,"Detergente Líquido Máquina de Roupa 2 em 1 Ultimate, 52 Doses",,10.99,4.7,2340,L,€/L,,,https://driveimg1.intermarche.com/pt/Content/images/boitmal/produit/zoom/ADA1267F1850FE173AC42CD30CA77DD5.jpg,,,2024-11-13T23:59:59.999999999Z,PROSPECTUS,8,4,
7827,8006540876039,385.0,Pantene,Champô Classic,Embalagem de 385 ml,3.89,10.1,385,L,€/L,,,https://driveimg1.intermarche.com/pt/Content/images/boitmal/produit/zoom/098EB270BD10DFDDE6327DD100D78985.jpg,,,2024-11-13T23:59:59.999999999Z,PROSPECTUS,8,4,
8845,5601283141302,100.0,Penha,Caramelos de fruta,Embalagem de 100g,1.09,10.9,0,kg,€/Kg,,,https://driveimg1.intermarche.com/pt/Content/images/boitmal/produit/zoom/BC005EC01DFB398E26B3BEB4FC1E1AC9.jpg,,,2024-11-13T23:59:59.999999999Z,PROSPECTUS,8,4,
9308,5603722501449,130.0,Primor,Manteiga com sal marinho,Embalagem de 130g,1.79,13.77,0,kg,€/Kg,,,https://driveimg1.intermarche.com/pt/Content/images/boitmal/produit/zoom/3C293E46CDEBC2751EF88E5A5F91F701.jpg,,,2024-11-13T23:59:59.999999999Z,PROSPECTUS,8,4,
11611,5601164594203,1980.0,Super Bock,Cerveja com álcool abadia,pack 6 x 0.33 l,4.49,2.27,1980,L,€/L,,,https://driveimg1.intermarche.com/pt/Content/images/boitmal/produit/zoom/DDE9AC6098BAC06CAE37FE52F8C52BAA.jpg,,,2024-11-13T23:59:59.999999999Z,PROSPECTUS,8,4,
13630,2893625000000,2000.0,Nossa Seleção,Maruca,Congelada,14.98,7.49,0,,€/Kg,,Avantages !,https://driveimg1.intermarche.com/pt/Content/images/boitmal/produit/zoom/695B6905D99FA9EA5644E4AEF4E924ED.jpg,,,2024-11-13T23:59:59.999999999Z,PROSPECTUS,8,4,
16608,8712561521437,700.0,Cif,Creme abrasivo limão,Garrafa de 700 ml,2.69,3.84,700,L,€/L,,,https://driveimg1.intermarche.com/pt/Content/images/boitmal/produit/zoom/AAC0B7E363655E0C01FE7436C88E60D8.jpg,,,2024-11-13T23:59:59.999999999Z,PROSPECTUS,8,4,
17013,7613033823886,250.0,Nestum,Nestum 5 cereais,Embalagem de 250g,2.14,8.56,0,kg,€/Kg,,,https://driveimg1.intermarche.com/pt/Content/images/boitmal/produit/zoom/718AC984A55C84FB2BAA4182214E3DC0.jpg,,,2024-11-13T23:59:59.999999999Z,PROSPECTUS,8,4,
18045,8714789637389,,Colgate,"Escova de dentes max white média, 1 + 1 unidades",,2.99,2.99,0,,€/Unidade,,,https://driveimg1.intermarche.com/pt/Content/images/boitmal/produit/zoom/F11421023C55C6D54EA60B07F063A229.jpg,,,2024-11-13T23:59:59.999999999Z,PROSPECTUS,8,4,
18324,5601008200062,400.0,Vieira,Sortido bolacha princesa,Embalagem de 400g,3.44,8.6,0,kg,€/Kg,,,https://driveimg1.intermarche.com/pt/Content/images/boitmal/produit/zoom/F2BBB938B8E911ED012217D69383D872.jpg,,,2024-11-13T23:59:59.999999999Z,PROSPECTUS,8,4,
19585,8435257033822,720.0,Longa vida,"Iogurte magro natural,  6 x 120 g",,2.29,3.18,0,kg,€/Kg,,,https://driveimg1.intermarche.com/pt/Content/images/boitmal/produit/zoom/44759CCD8BB0D317506B87D89332AAE3.jpg,,,2024-11-13T23:59:59.999999999Z,PROSPECTUS,8,4,
19607,7613035376625,90.0,Nestlé,Fruta para bebé maçã banana aveia +6 meses,Embalagem de 90g,0.78,8.67,0,kg,€/Kg,,,https://driveimg1.intermarche.com/pt/Content/images/boitmal/produit/zoom/6064384E016066064D24B08E903AED9D.jpg,,,2024-11-13T23:59:59.999999999Z,PROSPECTUS,8,4,
21745,7613035659728,250.0,Cerelac,Papa infantil não láctea multicereais +6 meses,Embalagem de 250g,2.39,9.56,0,kg,€/Kg,,,https://driveimg1.intermarche.com/pt/Content/images/boitmal/produit/zoom/4956638636F5ECFB6DD3614737E9527C.jpg,,,2024-11-13T23:59:59.999999999Z,PROSPECTUS,8,4,
2473,7613032404154,250.0,Cerelac,1ª papa láctea multifrutos sem glúten +4 meses,Embalagem de 250g,3.74,14.96,0,kg,€/Kg,,,https://driveimg1.intermarche.com/pt/Content/images/boitmal/produit/zoom/9B0DF6D0DF8530E0C0365F57CC1B87FF.jpg,,,2024-11-13T23:59:59.999999999Z,PROSPECTUS,8,4,
2543,7613034465689,390.0,Nestlé,Leite condensado magro,Embalagem de 390g,2.54,6.51,0,kg,€/Kg,,,https://driveimg1.intermarche.com/pt/Content/images/boitmal/produit/zoom/4920921B45C9DCFACC0ED01E309F4133.jpg,,,2024-11-13T23:59:59.999999999Z,PROSPECTUS,8,4,
2646,8000500121436,130.0,Kinder,Chocolate branco,Embalagem de 130g,2.19,16.85,0,kg,€/Kg,,,https://driveimg1.intermarche.com/pt/Content/images/boitmal/produit/zoom/CD5BFC26BD8B86E8E1FD2572F77D4C70.jpg,,,2024-11-13T23:59:59.999999999Z,PROSPECTUS,8,4,
28646,5603089007424,200.0,Parmalat,Nata uht p/ bater 0% lactose,Embalagem de 200 ml,1.08,5.4,200,L,€/L,,Produtos Bio,https://driveimg1.intermarche.com/pt/Content/images/boitmal/produit/zoom/75B763EC3A4C9118C66217B925A7A9C2.jpg,,,2024-11-13T23:59:59.999999999Z,PROSPECTUS,8,4,
28687,8410000000030,184.0,Chips Ahoy!,Bolachas extra pepitas xl,Embalagem de 180g,2.24,12.17,0,kg,€/Kg,,,https://driveimg1.intermarche.com/pt/Content/images/boitmal/produit/zoom/C9A0665DA472AF01C35520F9D1021831.jpg,,,2024-11-13T23:59:59.999999999Z,PROSPECTUS,8,4,
35616,7613037043914,100.0,Nestlé,Descafeinado,Embalagem de 100 g,3.49,34.9,0,kg,€/Kg,,,https://driveimg1.intermarche.com/pt/Content/images/boitmal/produit/zoom/0A2B761D74FBF68CCC420D8C812D4DA5.jpg,,,2024-11-13T23:59:59.999999999Z,PROSPECTUS,8,4,
36807,8001090374462,200.0,Pantene,Condicionador repara e protege,Embalagem de 200 ml,4.49,22.45,200,L,€/L,,,https://driveimg1.intermarche.com/pt/Content/images/boitmal/produit/zoom/3A2682FB48632A600621FBE47BA7FEAF.jpg,,,2024-11-13T23:59:59.999999999Z,PROSPECTUS,8,4,
36974,5601164204232,1980.0,Super Bock,Cerveja 0.0%,Pack de 6 x 0.33 l,4.49,2.27,1980,L,€/L,,,https://driveimg1.intermarche.com/pt/Content/images/boitmal/produit/zoom/3F5F6B7C884E8CF9684381A610A8163D.jpg,,,2024-11-13T23:59:59.999999999Z,PROSPECTUS,8,4,
415,8718114840291,90.0,Knorr,Sopa de tomate,Embalagem de 90g,1.6,17.78,0,kg,€/Kg,,,https://driveimg1.intermarche.com/pt/Content/images/boitmal/produit/zoom/242C36A57E5B35CE57DC33C8EF848B24.jpg,,,2024-11-13T23:59:59.999999999Z,PROSPECTUS,8,4,
44651,7622201410483,160.0,Oreo,Bolachas golden mini,Embalagem de 160g,1.85,11.56,0,kg,€/Kg,,,https://driveimg1.intermarche.com/pt/Content/images/boitmal/produit/zoom/09FEC17371BA60E44957E6C7DF728179.jpg,,,2024-11-13T23:59:59.999999999Z,PROSPECTUS,8,4,
46665,5601172231466,20.0,Blédina,"Snack flores lentilhas e milho, 20g",,0.99,49.5,0,kg,€/Kg,,Produtos Bio,https://driveimg1.intermarche.com/pt/Content/images/boitmal/produit/zoom/B98168ABB29868FB3B50201570328B13.jpg,,,2024-11-13T23:59:59.999999999Z,PROSPECTUS,8,4,
47788,5604260325740,330.0,PorSi,6 Salsichas Frescas Chipolatas com Ervas,330 g,4.59,13.91,0,kg,€/Kg,,,https://driveimg1.intermarche.com/pt/Content/images/boitmal/produit/zoom/F757EBD60368C9DF60B53A7951BEF7CB.jpg,,,2024-11-13T23:59:59.999999999Z,PROSPECTUS,8,4,
48922,8006540417072,300.0,Pantene,Máscara Caracóis Perfeitos,300 ml,4.94,16.47,300,L,€/L,,,https://driveimg1.intermarche.com/pt/Content/images/boitmal/produit/zoom/EB7E52D162BFDEBC6AEA41630D49AB71.jpg,,,2024-11-13T23:59:59.999999999Z,PROSPECTUS,8,4,
4935,5413149049550,,Swiffer,"Panos agarra pó, 20 recargas, 20 unidades",,3.59,3.59,0,,€/Unidade,,,https://driveimg1.intermarche.com/pt/Content/images/boitmal/produit/zoom/175F83E11D9B5936AD6A6554D1BAEAE4.jpg,,,2024-11-13T23:59:59.999999999Z,PROSPECTUS,8,4,
494,3041090004247,200.0,Blédina,"Refeição pronta boião de frango e arroz, 200g",,1.69,8.45,0,kg,€/Kg,,,https://driveimg1.intermarche.com/pt/Content/images/boitmal/produit/zoom/D0B72E05F5FD420D5BA2B84079FC7986.jpg,,,2024-11-13T23:59:59.999999999Z,PROSPECTUS,8,4,
49458,5603722505829,800.0,Mimosa,Leite c/ Chocolate Bem Especial 0% lactose,pack 4 x 200 ml,1.99,2.49,800,L,€/L,,,https://driveimg1.intermarche.com/pt/Content/images/boitmal/produit/zoom/273382DABD831386C0BB65AE2C8E8009.jpg,,,2024-11-13T23:59:59.999999999Z,PROSPECTUS,8,4,
4971,5601001326103,20.0,Nescafé,Café solúvel sem cafeína,Embalagem de 20g,1.29,64.5,0,kg,€/Kg,,,https://driveimg1.intermarche.com/pt/Content/images/boitmal/produit/zoom/E66270B97DA870DD88669993A342194B.jpg,,,2024-11-13T23:59:59.999999999Z,PROSPECTUS,8,4,
50020,8719200231832,225.0,Pro-activ,Creme Vegetal para Barrar,Embalagem de 225g,2.79,12.4,0,kg,€/Kg,,Produtos Bio,https://driveimg1.intermarche.com/pt/Content/images/boitmal/produit/zoom/E48C02A75483F77620852FF97B5C7EEB.jpg,,,2024-11-13T23:59:59.999999999Z,PROSPECTUS,8,4,
50455,5603722521836,1208.0,Mimosa,"Iogurte Líquido Aroma Frutos Vermelhos, 8 x 151 ml",,2.79,2.31,1208,L,€/L,,,https://driveimg1.intermarche.com/pt/Content/images/boitmal/produit/zoom/59E0D473387DDCEB8299C04191FBB07E.jpg,,,2024-11-13T23:59:59.999999999Z,PROSPECTUS,8,4,
51866,3041091880000,380.0,Blédina,Blédina yogo pera 4x95g,Embalagem de 380g,2.29,6.03,0,kg,€/Kg,,,https://driveimg1.intermarche.com/pt/Content/images/boitmal/produit/zoom/8C0A7747275A5BC4621AC5BAC606EDC5.jpg,,,2024-11-13T23:59:59.999999999Z,PROSPECTUS,8,4,
52335,8720181392979,,Comfort,Amaciador Roupa Concentrado Creations Angélicas e Flor de Baunilha,76 Doses,3.99,3.99,0,,€/Unidade,,,https://driveimg1.intermarche.com/pt/Content/images/boitmal/produit/zoom/88E220DCA59FCA8026855622E667F899.jpg,,,2024-11-13T23:59:59.999999999Z,PROSPECTUS,8,4,
52379,8720181407147,1300.0,Cif,"Lava Tudo Perfumado Limão Verde, embalagem de 1,3l",,1.99,1.53,1300,L,€/L,,,https://driveimg1.intermarche.com/pt/Content/images/boitmal/produit/zoom/24F3F034C4CF18441E3B37B8A37E135F.jpg,https://driveimg1.intermarche.com/pt/Content/images/boitmal/produit/zoom/309C981A45755DD79B0981E67BD7AF66.jpg,,2024-11-13T23:59:59.999999999Z,PROSPECTUS,8,4,
52994,5601019005977,350.0,Guloso,"Molho Tomate e Manjericão, 350g",,3.54,10.11,0,kg,€/Kg,,,https://driveimg1.intermarche.com/pt/Content/images/boitmal/produit/zoom/4D66C88670773A45D5167B5E30F2B94F.jpg,,,2024-11-13T23:59:59.999999999Z,PROSPECTUS,8,4,
53024,8720182589569,280.0,Calvé,"Molho Agridoce, 280g",,1.94,6.93,0,kg,€/Kg,,,https://driveimg1.intermarche.com/pt/Content/images/boitmal/produit/zoom/7ADC1EF520237C467C08598D71586602.jpg,,,2024-11-13T23:59:59.999999999Z,PROSPECTUS,8,4,
53248,5059319025681,700.0,Kellogg's,"Cereais Special K, 700g",,4.89,6.99,0,kg,€/Kg,,,https://driveimg1.intermarche.com/pt/Content/images/boitmal/produit/zoom/241FF8EFDC24DCE666FC040B12EF32C6.jpg,,,2024-11-13T23:59:59.999999999Z,PROSPECTUS,8,4,
53561,8006540836255,,Dodot,"Toalhitas Bebé Aqua Pure 0% Plástico, 144 unidades",,4.99,4.99,144,,€/Unidade,,,https://driveimg1.intermarche.com/pt/Content/images/boitmal/produit/zoom/136A2F36E0D1BE51DB72BAB798666061.jpg,,,2024-11-13T23:59:59.999999999Z,PROSPECTUS,8,4,
7142,2895065000000,250.0,Paiva,Queijo Curado Apimentado,Vendido ao peso a partir de 250 gr,2.47,9.89,0,,€/Kg,,,https://driveimg1.intermarche.com/pt/Content/images/boitmal/produit/zoom/4BD3253AA457F28D8C7DD0DBC64BA3C4.jpg,,,2024-11-13T23:59:59.999999999Z,PROSPECTUS,8,4,
809,5000116102075,280.0,Capitão Iglo,"Douradinhos de salmão, 10 unidades",Embalagem de 280g,4.99,17.82,0,kg,€/Kg,,Tipo de stockagem,https://driveimg1.intermarche.com/pt/Content/images/boitmal/produit/zoom/94E9D7D87D69DF936F9880FE165277C6.jpg,,,2024-11-13T23:59:59.999999999Z,PROSPECTUS,8,4,
8803,5601245000159,1000.0,Albergaria,Ginja com frutos,Garrafa de 1 l,8.99,8.99,1000,L,€/L,,,https://driveimg1.intermarche.com/pt/Content/images/boitmal/produit/zoom/5543CF0E381EC6B096E062AB2DB6499B.jpg,,,2024-11-13T23:59:59.999999999Z,PROSPECTUS,8,4,
8914,5601356013918,750.0,Porta da Ravessa,Vinho regional alentejano reserva tinto,Garrafa de 0.75 l,2.99,3.99,750,L,€/L,,,https://driveimg1.intermarche.com/pt/Content/images/boitmal/produit/zoom/5A0F16E858B5305FC120D1A2BF434A2F.jpg,,,2024-11-13T23:59:59.999999999Z,PROSPECTUS,8,4,
988,5601029003000,120.0,Tenorio,Atum Filete em Azeite,Embalagem de 120 g,2.59,21.58,0,kg,€/Kg,,,https://driveimg1.intermarche.com/pt/Content/images/boitmal/produit/zoom/9C92AFA72D34F3E4347AC3C5697A1114.jpg,,,2024-11-13T23:59:59.999999999Z,PROSPECTUS,8,4,
