identifier,produitEan13,capacite,marque,libelle,conditionnement,prix,unitPrice,volume,typeProduit_uniteByCode,unit_value,pictogrammes_0,pictogrammes_libelleCategorie,images_0,images_1,images_2,avantages_dateFin,avantages_categorie,nro_paginas,page,images_3,images_4,images_5,images_6,images_7
13866,2891048000000,1000.0,Porco,Bifanas,Vendido ao peso a partir de 1 kg,4.49,4.49,0,,€/Kg,,,https://driveimg1.intermarche.com/pt/Content/images/boitmal/produit/zoom/72DE0DA6B485199AC995C629E3E4D279.jpg,,,2025-11-12T23:59:59Z,PROSPECTUS,17,1,,,,,
18488,5600744051013,220.0,Saborosa,"Bolacha de manteiga belga original, embalagem de 220g",,1.59,7.23,0,kg,€/Kg,,,https://driveimg1.intermarche.com/pt/Content/images/boitmal/produit/zoom/435E3C8EAE2EA4A45A8BB3A81B14CF20.jpg,,,2025-11-12T23:59:59Z,PROSPECTUS,17,1,,,,,
1480,5601314000073,9000.0,Vitalis,"Água mineral sem gás, pack 6 x 1.5 l",,2.75,0.31,9000,L,€/L,,,https://driveimg1.intermarche.com/pt/Content/images/boitmal/produit/zoom/DA3E69EB6FBF3CE3F3256CE592DB9A52.jpg,,,2025-11-12T23:59:59Z,PROSPECTUS,17,1,,,,,
15125,2895006000000,150.0,Terra Nostra,Queijo Flamengo em Barra,1 un = 150 gr (aprox.),1.39,9.29,0,,€/Kg,,,https://driveimg1.intermarche.com/pt/Content/images/boitmal/produit/zoom/BF84618CA37316EE2612494B15F423CC.jpg,,,2025-11-12T23:59:59Z,PROSPECTUS,17,1,,,,,
13886,2891108000000,1000.0,Frango,Bife de Frango,Vendido ao peso a partir de 1 kg,6.49,6.49,0,,€/Kg,,,https://driveimg1.intermarche.com/pt/Content/images/boitmal/produit/zoom/519BDC237EE2CC43FB5B010D4FF5A15B.jpg,,,2025-11-12T23:59:59Z,PROSPECTUS,17,1,,,,,
54606,8720181466359,720.0,Dove,"Gel de banho hydrate, 720ml",,4.79,6.65,720,L,€/L,,,https://driveimg1.intermarche.com/pt/Content/images/boitmal/produit/zoom/73576AE98695DDB42CEBA03FBEBB469E.jpg,,,2025-11-12T23:59:59Z,PROSPECTUS,17,1,,,,,
13048,2893561000000,250.0,Marisco,Ameijoa Branca Vietnamita Congelada,Vendido a partir de 250 gr  (aprox.),0.5,1.99,0,,€/Kg,,Avantages !,https://driveimg1.intermarche.com/pt/Content/images/boitmal/produit/zoom/EB1BC296FF41180E6F3E1626AD4F78AA.jpg,,,2025-11-12T23:59:59Z,PROSPECTUS,17,1,,,,,
29899,2696008000000,,Padaria,Bola Rústica,85 g,0.27,0.27,0,,€/Unidade,,,https://driveimg1.intermarche.com/pt/Content/images/boitmal/produit/zoom/06C705452DA793A390CC49C0690F6BDD.jpg,,,2025-11-12T23:59:59Z,PROSPECTUS,17,1,,,,,
19415,5601028019798,,Renova,"Rolo de cozinha design xxl, 3 rolos",,1.99,1.99,3,,€/Unidade,,,https://driveimg1.intermarche.com/pt/Content/images/boitmal/produit/zoom/9A25E60B9B6B556C2D19CB0AC3EE543B.jpg,,,2025-11-12T23:59:59Z,PROSPECTUS,17,1,,,,,
12972,2892040000000,200.0,Fruta,Banana,1 un = 200 gr (aprox.),0.22,1.09,0,,€/Kg,,,https://driveimg1.intermarche.com/pt/Content/images/boitmal/produit/zoom/1515327A77B72426B2932390DFBE18E5.jpg,,,2025-11-12T23:59:59Z,PROSPECTUS,17,1,,,,,
40527,5604260295593,1000.0,PorSi,Vinho Branco T.brick 1l,,0.85,0.85,1000,L,€/L,,,https://driveimg1.intermarche.com/pt/Content/images/boitmal/produit/zoom/ACD9A471AF765A0567932900D677DFD2.jpg,,,2025-11-12T23:59:59Z,PROSPECTUS,17,1,,,,,
15489,7613031884247,4000.0,Friskies,"Ração para gato adulto com vaca, frango, embalagem de 4kg",,10.79,2.7,0,kg,€/Kg,,,https://driveimg1.intermarche.com/pt/Content/images/boitmal/produit/zoom/AA74DE430E0D577781082E763F8D5C13.jpg,,,2025-11-12T23:59:59Z,PROSPECTUS,17,1,,,,,
46160,3041091718099,380.0,Bledina,"Frutapura maçã, 4 x 95 g",,2.04,5.37,0,kg,€/Kg,,,https://driveimg1.intermarche.com/pt/Content/images/boitmal/produit/zoom/5C43002A609BBE6FE41D63C7A58FC0F4.jpg,,,2025-11-12T23:59:59Z,PROSPECTUS,17,1,,,,,
52593,8720181385049,,Skip,Detergente Máquina Roupa Líquido Sensitive,100 Doses,14.99,14.99,0,,€/Unidade,,,https://driveimg1.intermarche.com/pt/Content/images/boitmal/produit/zoom/AFC8244D618B3035788FED7EABC12BA4.jpg,,,2025-11-12T23:59:59Z,PROSPECTUS,17,1,,,,,
25882,5449000133328,1000.0,Coca-Cola,Refrigerante C/ Gás Zero,Garrafa de 1 l,1.22,1.22,1000,L,€/L,,,https://driveimg1.intermarche.com/pt/Content/images/boitmal/produit/zoom/EB5646C1819F93681606ED25E6CF32EB.jpg,,,2025-11-12T23:59:59Z,PROSPECTUS,17,1,,,,,
5096,5601050026429,300.0,Danonino Danone,"Queijinho danonino petitdino de morango/banana, embalagem de 6 x 50g",,1.79,5.97,0,kg,€/Kg,,,https://driveimg1.intermarche.com/pt/Content/images/boitmal/produit/zoom/FA8D1A9125B498992C62B9745CC5DD3D.jpg,,,2025-11-12T23:59:59Z,PROSPECTUS,17,1,,,,,
6267,8016825926687,75.0,Aquafresh,Pasta dentífrica menta fresca,Embalagem de 75 ml,1.84,24.53,75,L,€/L,,,https://driveimg1.intermarche.com/pt/Content/images/boitmal/produit/zoom/5AF61545461116CEF40994D7E37A4C54.jpg,,,2025-11-12T23:59:59Z,PROSPECTUS,17,1,,,,,
50406,8445290490155,600.0,Cerelac,"Papa Infantil para Preparar com Leite +6M, 600g",,3.74,6.23,0,kg,€/Kg,,,https://driveimg1.intermarche.com/pt/Content/images/boitmal/produit/zoom/C95864141AF0280BDB80A795593394EA.jpg,,,2025-11-12T23:59:59Z,PROSPECTUS,17,1,,,,,
55354,8410063095202,1200.0,Pescanova,"Barrinhas Pescada Panada sem Gluten, 1.2Kg",,7.89,6.58,0,kg,€/Kg,,Tipo de stockagem,https://driveimg1.intermarche.com/pt/Content/images/boitmal/produit/zoom/D2F57A76EACAFAE8D2E905FFD81B787B.jpg,,,2025-11-12T23:59:59Z,PROSPECTUS,17,1,,,,,
53067,5601050037821,620.0,Danone,"Bifidus líquido activia ananás 000%, 4 x 155g",,1.99,3.21,0,kg,€/Kg,,,https://driveimg1.intermarche.com/pt/Content/images/boitmal/produit/zoom/3D4965FAC6DA56015B0EA60D0CC350AD.jpg,https://driveimg1.intermarche.com/pt/Content/images/boitmal/produit/zoom/227608E522C57EFFD851E1F0A8F434F8.jpg,https://driveimg1.intermarche.com/pt/Content/images/boitmal/produit/zoom/227608E522C57EFFD851E1F0A8F434F8.jpg,2025-11-12T23:59:59Z,PROSPECTUS,17,1,,,,,
2778,8410168399939,4000.0,Friskies,"Ração para gato adulto com coelho, embalagem de 4 kg",,10.79,2.7,0,kg,€/Kg,,,https://driveimg1.intermarche.com/pt/Content/images/boitmal/produit/zoom/48E426D2CA0EFD97E75332E6A0553A7B.jpg,,,2025-11-12T23:59:59Z,PROSPECTUS,17,1,,,,,
18376,5601027009769,480.0,Panrico,Pão de forma sem côdea 9 cereais,Embalagem de 480g,1.89,3.94,0,kg,€/Kg,,,https://driveimg1.intermarche.com/pt/Content/images/boitmal/produit/zoom/202DA3E3189533F2DED569B04263CF8C.jpg,,,2025-11-12T23:59:59Z,PROSPECTUS,17,1,,,,,
40528,5604260295609,1000.0,PorSi,Vinho Tinto T.brick 1l,,0.89,0.89,1000,L,€/L,,,https://driveimg1.intermarche.com/pt/Content/images/boitmal/produit/zoom/95F482F5A0433D6F7738D4C4A92DFD4E.jpg,,,2025-11-12T23:59:59Z,PROSPECTUS,17,1,,,,,
15161,5604260274246,1000.0,PorSi,Cenouras Programa Origens,Embalagem de 1 kg,0.89,0.89,0,kg,€/Kg,,,https://driveimg1.intermarche.com/pt/Content/images/boitmal/produit/zoom/558C3AC1450C10C8B2395D06441C5423.jpg,,,2025-11-19T23:59:59Z,PROSPECTUS,17,1,,,,,
2097,5604260227181,1000.0,PorSi,"Açúcar granulado, 1kg",,0.95,0.95,0,kg,€/Kg,,,https://driveimg1.intermarche.com/pt/Content/images/boitmal/produit/zoom/0D32002BFE1B22AC2CBBC467080CD257.jpg,,,2025-11-19T23:59:59Z,PROSPECTUS,17,1,,,,,
34239,5604260285495,1500.0,PorSi,Pera rocha categoria II Programa Origens,Embalagem de 1.5 kg,2.49,1.66,0,kg,€/Kg,,,https://driveimg1.intermarche.com/pt/Content/images/boitmal/produit/zoom/F6E3096BF97BB2633EACD15A32FEACF7.jpg,https://driveimg1.intermarche.com/pt/Content/images/boitmal/produit/zoom/11ABC193A8AF1413E11E1849F00D2775.jpg,,2025-11-19T23:59:59Z,PROSPECTUS,17,1,,,,,
13813,2892489000000,250.0,Legumes,Batata Doce,1 un = 250 gr  (aprox.),0.25,0.99,0,,€/Kg,,,https://driveimg1.intermarche.com/pt/Content/images/boitmal/produit/zoom/B0785A3D8A1A6773EB1FB43B119AC4D9.jpg,,,2025-11-12T23:59:59Z,PROSPECTUS,17,1,,,,,
13934,2891062000000,250.0,Porco,Rojões,1 un = 250 gr  (aprox.),1.12,4.49,0,,€/Kg,,,https://driveimg1.intermarche.com/pt/Content/images/boitmal/produit/zoom/925F2FDC1F925A7FD71EE6165315B22E.jpg,,,2025-11-12T23:59:59Z,PROSPECTUS,17,1,,,,,
34877,5604260285464,1500.0,PorSi,Maçã royal gala categoria II Programa Origens,Embalagem de 1.5 kg,1.69,1.13,0,kg,€/Kg,,,https://driveimg1.intermarche.com/pt/Content/images/boitmal/produit/zoom/F091E3663EBAE6E7A8981702DFBCC609.jpg,,,2025-11-19T23:59:59Z,PROSPECTUS,17,1,,,,,
13894,2891044000000,1000.0,Porco,Entremeada sem Entrecosto,Vendido ao peso a partir de 1 kg,4.49,4.49,0,,€/Kg,,,https://driveimg1.intermarche.com/pt/Content/images/boitmal/produit/zoom/033DDCE7C7F9A9CD99F0A4BEB2F74462.jpg,,,2025-11-12T23:59:59Z,PROSPECTUS,17,1,,,,,
36253,5604260290246,200.0,PorSi,Nata Uht Light para Culinária 200ml,,0.79,3.95,200,L,€/L,,,https://driveimg1.intermarche.com/pt/Content/images/boitmal/produit/zoom/74793DCDE44A2C870A0969856DFE2B90.jpg,,,2025-11-19T23:59:59Z,PROSPECTUS,17,1,,,,,
12884,2892009000000,200.0,Fruta,Limão,1 un = 200 gr (aprox.),0.4,1.99,0,,€/Kg,,,https://driveimg1.intermarche.com/pt/Content/images/boitmal/produit/zoom/5223F19D9F11D77A77B2577CB1D4D05C.jpg,,,2025-11-12T23:59:59Z,PROSPECTUS,17,1,,,,,
9631,5604260265466,250.0,PorSi,Manteiga Dos Açores com Sal 250g,,2.09,8.36,0,kg,€/Kg,,,https://driveimg1.intermarche.com/pt/Content/images/boitmal/produit/zoom/908BF5FCA04D5A1AA86D3F2B5E9CD434.jpg,,,2025-11-19T23:59:59Z,PROSPECTUS,17,1,,,,,
46714,5604260318742,,PorSi,Papel Higiénico Branco 3 Folhas 12 Rolos,,3.39,3.39,0,,€/Unidade,,,https://driveimg1.intermarche.com/pt/Content/images/boitmal/produit/zoom/302F6B4FE48393BA7E5D666ED55E249B.jpg,,,2025-11-19T23:59:59Z,PROSPECTUS,17,1,,,,,
52774,5604260329748,630.0,PorSi,Polpa Tomate Tetra 3x210g,,1.49,2.37,0,kg,€/Kg,,,https://driveimg1.intermarche.com/pt/Content/images/boitmal/produit/zoom/9D676468F00FF559F0BECC7FC3D16CCA.jpg,,,2025-11-19T23:59:59Z,PROSPECTUS,17,1,,,,,
9727,5604260273058,200.0,PorSi,Queijo Mozzarela Ralado 200g,,1.59,7.95,0,kg,€/Kg,,,https://driveimg1.intermarche.com/pt/Content/images/boitmal/produit/zoom/87A294803531F1557BAF63F77686243B.jpg,,,2025-11-19T23:59:59Z,PROSPECTUS,17,1,,,,,
2309,5604260271801,2000.0,PorSi,Cola Zero 2l,,0.79,0.4,2000,L,€/L,,,https://driveimg1.intermarche.com/pt/Content/images/boitmal/produit/zoom/B3B2D30749328B98E0A5409203C1AF4C.jpg,,,2025-11-19T23:59:59Z,PROSPECTUS,17,1,,,,,
37515,5604260294367,1000.0,PorSi,Arroz Agulha Europa 1000g,,1.19,1.19,0,kg,€/Kg,,,https://driveimg1.intermarche.com/pt/Content/images/boitmal/produit/zoom/3AE7BF941A236F6D331254BF58EBAFEF.jpg,,,2025-11-19T23:59:59Z,PROSPECTUS,17,1,,,,,
41718,5604260303823,90.0,PorSi,Puré de Fruta Maçã Manga Pessego,,0.67,7.44,0,kg,€/Kg,,,https://driveimg1.intermarche.com/pt/Content/images/boitmal/produit/zoom/9B27C39372BB074FB232EB9A2E0BB35A.jpg,,,2025-11-12T23:59:59Z,PROSPECTUS,17,1,,,,,
9691,5604260270613,500.0,PorSi,Queijo Flamengo Fatiado 500g,,3.99,7.98,0,kg,€/Kg,,,https://driveimg1.intermarche.com/pt/Content/images/boitmal/produit/zoom/C8998B7CDC65CD8030539E0414C45C30.jpg,,,2025-11-19T23:59:59Z,PROSPECTUS,17,1,,,,,
12110,5604260266630,400.0,PorSi,Croissant Simples,,1.82,4.55,0,kg,€/Kg,,,https://driveimg1.intermarche.com/pt/Content/images/boitmal/produit/zoom/78ED6B7D0ECF488C060F07EB85C79AA9.jpg,,,2025-11-12T23:59:59Z,PROSPECTUS,17,1,,,,,
13814,2892558000000,250.0,Legumes,Feijão Verde,1 un = 250 gr  (aprox.),0.62,2.49,0,,€/Kg,,,https://driveimg1.intermarche.com/pt/Content/images/boitmal/produit/zoom/5688B97D5E073F1C8E51E2F8542D9EC1.jpg,,,2025-11-12T23:59:59Z,PROSPECTUS,17,1,,,,,
13954,2891192000000,500.0,Porco,Tiras da Costela/Piano,1 un = 500 gr (aprox.),3.5,6.99,0,,€/Kg,,,https://driveimg1.intermarche.com/pt/Content/images/boitmal/produit/zoom/7D0B09E93398DFB0B31D06D5AFBD6B99.jpg,,,2025-11-12T23:59:59Z,PROSPECTUS,17,1,,,,,
1844,5604260035847,185.0,PorSi,Batatas Fritas Onduladas Sabor a Presunto 185g,,1.25,6.76,0,kg,€/Kg,,,https://driveimg1.intermarche.com/pt/Content/images/boitmal/produit/zoom/29D2C600CBA2711F31E4BCBC05A9C865.jpg,,,2025-11-19T23:59:59Z,PROSPECTUS,17,1,,,,,
35490,5604260285273,1000.0,Porsi Vivabem,Leite Uht Magro sem Lactose 1l,,1.0,1.0,1000,L,€/L,,,https://driveimg1.intermarche.com/pt/Content/images/boitmal/produit/zoom/C0D8FEA6733802713556DC723A8C1BA7.jpg,,,2025-11-19T23:59:59Z,PROSPECTUS,17,1,,,,,
15010,2892545000000,1000.0,Programa Origens,Couve Flor,1 un = 1 kg (aprox.),1.99,1.99,0,,€/Kg,,,https://driveimg1.intermarche.com/pt/Content/images/boitmal/produit/zoom/93AF9BD404AC9C131A6A0C88150C31D1.jpg,,,2025-11-12T23:59:59Z,PROSPECTUS,17,1,,,,,
2265,5604260269853,175.0,PorSi,Batatas Fritas Lisas Receita Camponesa 175g,,1.18,6.74,0,kg,€/Kg,,,https://driveimg1.intermarche.com/pt/Content/images/boitmal/produit/zoom/447E18276F99BABAF787DD69D7608562.jpg,,,2025-11-19T23:59:59Z,PROSPECTUS,17,1,,,,,
23277,5604260281268,150.0,Porsi Programa Origens,Salada Aromática 150 G,,1.19,7.93,0,kg,€/Kg,,,https://driveimg1.intermarche.com/pt/Content/images/boitmal/produit/zoom/C822174AC715DAAEACE1CDBB865D9449.jpg,,,2025-11-12T23:59:59Z,PROSPECTUS,17,1,,,,,
37421,5604260290222,200.0,PorSi,Nata Uht para Bater 200ml,,0.83,4.15,200,L,€/L,,,https://driveimg1.intermarche.com/pt/Content/images/boitmal/produit/zoom/CA639A4F29FBE6D71D02CD3BC30863EF.jpg,,,2025-11-19T23:59:59Z,PROSPECTUS,17,1,,,,,
40514,5604260302321,2000.0,PorSi,Ice Tea Pêssego 2l,,1.19,0.6,2000,L,€/L,,,https://driveimg1.intermarche.com/pt/Content/images/boitmal/produit/zoom/119C3CB73CD40DA468E2E6CBB1420B8C.jpg,,,2025-11-19T23:59:59Z,PROSPECTUS,17,1,,,,,
41716,5604260303809,90.0,PorSi,Puré Fruta Multifrutos Maçã / Pêssego / Banana / Pera 90g,,0.67,7.44,0,kg,€/Kg,,,https://driveimg1.intermarche.com/pt/Content/images/boitmal/produit/zoom/1CAFF4A82E080C7A12967171C7D2027F.jpg,,,2025-11-12T23:59:59Z,PROSPECTUS,17,1,,,,,
41719,5604260303793,90.0,PorSi,Puré de Fruta Maçã Banana 90g,,0.67,7.44,0,kg,€/Kg,,,https://driveimg1.intermarche.com/pt/Content/images/boitmal/produit/zoom/2E481D69677BD2CA4465286377A9A6E3.jpg,,,2025-11-12T23:59:59Z,PROSPECTUS,17,1,,,,,
48138,5604260323302,2000.0,PorSi,Amaciador Roupa Concentrado Spa 80d,,1.65,0.83,2000,L,€/L,,,https://driveimg1.intermarche.com/pt/Content/images/boitmal/produit/zoom/B55A72265AD19CED3CBED903155DF619.jpg,,,2025-11-19T23:59:59Z,PROSPECTUS,17,1,,,,,
49224,5604260322640,90.0,PorSi,Puré de Fruta e Aveia 90g,,0.67,7.44,0,kg,€/Kg,,,https://driveimg1.intermarche.com/pt/Content/images/boitmal/produit/zoom/2883AE3C85FAF5BBF9A14AEAF97F71F7.jpg,,,2025-11-12T23:59:59Z,PROSPECTUS,17,1,,,,,
49554,5604260323661,,PorSi,Toalhitas Bebe Rec Agilidade 4x72,Embalagem de 4 x 72 unidades,3.19,3.19,0,,€/Unidade,,,https://driveimg1.intermarche.com/pt/Content/images/boitmal/produit/zoom/A55A5882013405A1E736BD7B20EAB60C.jpg,,,2025-11-19T23:59:59Z,PROSPECTUS,17,1,,,,,
52361,5604260330485,200.0,PorSi,Pão de Hamburguer 200 G,,0.85,4.25,0,kg,€/Kg,,,https://driveimg1.intermarche.com/pt/Content/images/boitmal/produit/zoom/2FC19DED276F09C4A0348E24A43EFD31.jpg,,,2025-11-19T23:59:59Z,PROSPECTUS,17,1,,,,,
56253,5604260337460,150.0,PorSi,Batatas Fritas Onduladas com Sabor a Mel e Mostarda 150g,,1.49,9.93,0,kg,€/Kg,,,https://driveimg1.intermarche.com/pt/Content/images/boitmal/produit/zoom/C6C0BCC7F09323B008FD6E4D3A34617D.jpg,,,2025-11-19T23:59:59Z,PROSPECTUS,17,1,,,,,
929,5601001187803,625.0,Nestlé,"Cereais chocapic, 625 g",,3.74,5.98,0,kg,€/Kg,,,https://driveimg1.intermarche.com/pt/Content/images/boitmal/produit/zoom/8DB31C1F3066D48D593AE11B75516670.jpg,,,2025-11-12T23:59:59Z,PROSPECTUS,17,1,,,,,
12939,2892073000000,100.0,Legumes,Gengibre,1 un = 100 gr (aprox.),0.38,3.79,0,,€/Kg,,,https://driveimg1.intermarche.com/pt/Content/images/boitmal/produit/zoom/5DD27F4B431D4A23DEA88B654F1DDE48.jpg,,,2025-11-12T23:59:59Z,PROSPECTUS,17,1,,,,,
13852,2891020000000,100.0,Novilho,Fígado,1 un = 100 gr (aprox.),0.6,5.99,0,,€/Kg,,,https://driveimg1.intermarche.com/pt/Content/images/boitmal/produit/zoom/7F21D014BF856223502CE366D77F0F5C.jpg,,,2025-11-12T23:59:59Z,PROSPECTUS,17,1,,,,,
13915,2891249000000,2000.0,Peru,Perna com Osso,Vendido ao peso,8.98,4.49,0,,€/Kg,,,https://driveimg1.intermarche.com/pt/Content/images/boitmal/produit/zoom/EA6C55F440DB29FDE55EB019973B1FE5.jpg,,,2025-11-12T23:59:59Z,PROSPECTUS,17,1,,,,,
1819,5604260031634,150.0,PorSi,Bolacha Starchip Originais 150g,,1.19,7.93,0,kg,€/Kg,,,https://driveimg1.intermarche.com/pt/Content/images/boitmal/produit/zoom/CABC3D20B1CC9C514379C2FAC0BED85E.jpg,,,2025-11-19T23:59:59Z,PROSPECTUS,17,1,,,,,
35489,5604260285266,1000.0,Porsi Vivabem,Leite Uht Meio-gordo sem Lactose 1l,,1.0,1.0,1000,L,€/L,,,https://driveimg1.intermarche.com/pt/Content/images/boitmal/produit/zoom/C75C157CAE99A5A835DA383E6173404B.jpg,,,2025-11-19T23:59:59Z,PROSPECTUS,17,1,,,,,
35749,5603722509667,800.0,Mimosa,"Leite bem essencial chocolate , embalagem de 4 x 200 ml",,1.69,2.11,800,L,€/L,,,https://driveimg1.intermarche.com/pt/Content/images/boitmal/produit/zoom/66BA85F80F98E7331B63BC3D4684C6AC.jpg,,,2025-11-12T23:59:59Z,PROSPECTUS,17,1,,,,,
37981,5604260295760,,PorSi,Porsi - Saco Lixo Ff Perfumado 650x700 50l,,1.7,1.7,0,,€/Unidade,,,https://driveimg1.intermarche.com/pt/Content/images/boitmal/produit/zoom/87BB39A7028A7AC67136CE76F8517017.jpg,,,2025-11-19T23:59:59Z,PROSPECTUS,17,1,,,,,
40604,5604260302314,2000.0,PorSi,Ice Tea Manga 2l,,1.19,0.6,2000,L,€/L,,,https://driveimg1.intermarche.com/pt/Content/images/boitmal/produit/zoom/4AC84EA3800E422D34653301FC881DDD.jpg,,,2025-11-19T23:59:59Z,PROSPECTUS,17,1,,,,,
40605,5604260302338,2000.0,PorSi,Ice Tea Limão 2l,,1.19,0.6,2000,L,€/L,,,https://driveimg1.intermarche.com/pt/Content/images/boitmal/produit/zoom/34868D91A34DD60975E3414B525E31CF.jpg,,,2025-11-19T23:59:59Z,PROSPECTUS,17,1,,,,,
40654,5604260295708,,PorSi,Porsi 10 Sacos de Lixo com Fecho 50l,,1.04,1.04,0,,€/Unidade,,,https://driveimg1.intermarche.com/pt/Content/images/boitmal/produit/zoom/26D085B0AD6F18827C0DB222DE504A7D.jpg,,,2025-11-19T23:59:59Z,PROSPECTUS,17,1,,,,,
46715,5604260318759,,PorSi,Papel Higiénico Branco 4 Folhas 12 Rolos,,4.45,4.45,0,,€/Unidade,,,https://driveimg1.intermarche.com/pt/Content/images/boitmal/produit/zoom/71B84E02290AD35D82ACC6CF2D01690A.jpg,,,2025-11-19T23:59:59Z,PROSPECTUS,17,1,,,,,
47005,5604260315154,140.0,PorSi,Iogurte Bicompartimentado com Drageias Coloridas 140g,,0.58,4.14,0,kg,€/Kg,,,https://driveimg1.intermarche.com/pt/Content/images/boitmal/produit/zoom/E508BCBD83036F362863D6F44BCBDFC1.jpg,,,2025-11-19T23:59:59Z,PROSPECTUS,17,1,,,,,
47678,5604260319572,96.0,PorSi,Cápsulas Café Velutatto Cdgx16,,3.95,41.15,0,kg,€/Kg,,,https://driveimg1.intermarche.com/pt/Content/images/boitmal/produit/zoom/BE18676367C8B5BB22F7EEF5D41DB56F.jpg,,,2025-11-12T23:59:59Z,PROSPECTUS,17,1,,,,,
48041,5604260323234,280.0,PorSi,Pães de Leite,,1.09,3.89,0,kg,€/Kg,,,https://driveimg1.intermarche.com/pt/Content/images/boitmal/produit/zoom/7DB0C5DD2CD83D23CD79D8EFFE845817.jpg,,,2025-11-19T23:59:59Z,PROSPECTUS,17,1,,,,,
56236,5604260331048,350.0,PorSi,Pães de Leite 10 Unidades 350 G,,1.99,5.69,0,kg,€/Kg,,,https://driveimg1.intermarche.com/pt/Content/images/boitmal/produit/zoom/86CB49E147FB43FF4436F9B57DEBD6C2.jpg,,,2025-11-19T23:59:59Z,PROSPECTUS,17,1,,,,,
5926,5604260256907,2000.0,PorSi,Lava Tudo Perfumado Lavanda,,0.99,0.5,2000,L,€/L,,,https://driveimg1.intermarche.com/pt/Content/images/boitmal/produit/zoom/01DD4B6F1EC514CE87AE4FA32F6F195B.jpg,,,2025-11-19T23:59:59Z,PROSPECTUS,17,1,,,,,
9403,5604260042302,150.0,PorSi,Batatas Fritas Lisas Light 150g,,1.19,7.93,0,kg,€/Kg,,,https://driveimg1.intermarche.com/pt/Content/images/boitmal/produit/zoom/73A0C67508D9BE1C1394925C4F7C5FE3.jpg,,,2025-11-19T23:59:59Z,PROSPECTUS,17,1,,,,,
12889,2892175000000,150.0,Fruta,Kiwi categoria II,1 un = 150 gr (aprox.),0.58,3.89,0,,€/Kg,,,https://driveimg1.intermarche.com/pt/Content/images/boitmal/produit/zoom/39D74C337E358C98856B0EB2FC79D7A8.jpg,,,2025-11-12T23:59:59Z,PROSPECTUS,17,1,,,,,
12943,2892087000000,1500.0,Fruta,Mamão,"1 un = 1,5 kg (aprox.)",5.84,3.89,0,,€/Kg,,,https://driveimg1.intermarche.com/pt/Content/images/boitmal/produit/zoom/E92859558CF3617793775ADAD1A11B14.jpg,,,2025-11-12T23:59:59Z,PROSPECTUS,17,1,,,,,
1434,5601260037109,1000.0,Cigala,"Arroz agulha, embalagem de 1 kg",,1.69,1.69,0,kg,€/Kg,,,https://driveimg1.intermarche.com/pt/Content/images/boitmal/produit/zoom/B3D52BC13D571B9BC6634FD987C80F3C.jpg,,,2025-11-12T23:59:59Z,PROSPECTUS,17,1,,,,,
16427,5604260277407,2000.0,PorSi,Lixívia Delicada 2l,,1.19,0.6,2000,L,€/L,,,https://driveimg1.intermarche.com/pt/Content/images/boitmal/produit/zoom/04D235A82CA5C93C045F731FF2ACAE42.jpg,,,2025-11-19T23:59:59Z,PROSPECTUS,17,1,,,,,
18489,5600744051020,198.0,Saborosa,"Bolacha de manteiga belga com chocolate, embalagem de 200g",,1.64,8.28,0,kg,€/Kg,,,https://driveimg1.intermarche.com/pt/Content/images/boitmal/produit/zoom/96C31A82D017146C1ADBA7AC747D4690.jpg,,,2025-11-12T23:59:59Z,PROSPECTUS,17,1,,,,,
19170,5604260193301,390.0,PorSi,Leite Condensado Magro 390g,,1.42,3.64,0,kg,€/Kg,,,https://driveimg1.intermarche.com/pt/Content/images/boitmal/produit/zoom/5402E6160092AE04E469A7AB544D6F93.jpg,,,2025-11-19T23:59:59Z,PROSPECTUS,17,1,,,,,
2004,5604260095483,250.0,PorSi Select,Vinagre Balsâmico de Modena 250ml,,1.25,5.0,250,L,€/L,,,https://driveimg1.intermarche.com/pt/Content/images/boitmal/produit/zoom/8CCAF5050BAB206C331B17751AD5E5E3.jpg,,,2025-11-19T23:59:59Z,PROSPECTUS,17,1,,,,,
2074,5604260193554,1000.0,PorSi,Néctar Pera 1l,,0.99,0.99,1000,L,€/L,,,https://driveimg1.intermarche.com/pt/Content/images/boitmal/produit/zoom/EC5D7235941CEBB11AB8301EBCF4E95C.jpg,,,2025-11-19T23:59:59Z,PROSPECTUS,17,1,,,,,
36745,2892275000000,300.0,Fruta,Pera conference categoria: II,Vendido ao peso a partir de 300 g,0.6,1.99,0,,€/Kg,,,https://driveimg1.intermarche.com/pt/Content/images/boitmal/produit/zoom/8BF458478FD63452D2100C106D192E00.jpg,,,2025-11-12T23:59:59Z,PROSPECTUS,17,1,,,,,
41720,5604260303786,90.0,PorSi,Puré de Fruta Maçã Banana e Morango 90g,,0.67,7.44,0,kg,€/Kg,,,https://driveimg1.intermarche.com/pt/Content/images/boitmal/produit/zoom/EB59B6CAE9A8CD6FFFC194AC89C34DBC.jpg,,,2025-11-12T23:59:59Z,PROSPECTUS,17,1,,,,,
48860,5604260319794,150.0,Porsi Vivabem,Queijo Mozzarella Light Ralado 150g,,1.59,10.6,0,kg,€/Kg,,,https://driveimg1.intermarche.com/pt/Content/images/boitmal/produit/zoom/35271112CCD07C945317D670793A0A37.jpg,,,2025-11-19T23:59:59Z,PROSPECTUS,17,1,,,,,
56170,5604260336876,270.0,PorSi,Brioche Pepitas Chocolate 270 G,,1.89,7.0,0,kg,€/Kg,,,https://driveimg1.intermarche.com/pt/Content/images/boitmal/produit/zoom/7056EAEA0C151A8A4D8636B137F33377.jpg,,,2025-11-19T23:59:59Z,PROSPECTUS,17,1,,,,,
5928,5604260256921,2000.0,PorSi,Lava Tudo Perfumado Montanha,,0.99,0.5,2000,L,€/L,,,https://driveimg1.intermarche.com/pt/Content/images/boitmal/produit/zoom/1025C53588751D93B22FC3DF4D839D3B.jpg,,,2025-11-19T23:59:59Z,PROSPECTUS,17,1,,,,,
8391,5601049159992,1000.0,Mimosa,"Leite especial cálcio + vitamina d magro, de 1l",,1.0,1.0,1000,L,€/L,,,https://driveimg1.intermarche.com/pt/Content/images/boitmal/produit/zoom/22E6964D6A2F2B922BCB40BB341AE902.jpg,,,2025-11-12T23:59:59Z,PROSPECTUS,17,1,,,,,
9293,5603722493942,250.0,Primor,Manteiga pasteurizada com sal cuvet,Embalagem de 250g,2.19,8.76,0,kg,€/Kg,,,https://driveimg1.intermarche.com/pt/Content/images/boitmal/produit/zoom/F3F4D9FDF2A69DC31DE35D801759C2EE.jpg,,,2025-11-12T23:59:59Z,PROSPECTUS,17,1,,,,,
1010,5601038300091,240.0,Knorr,"Caldo de galinha 24 cubos, embalagem de 240g",,2.49,10.38,0,kg,€/Kg,,,https://driveimg1.intermarche.com/pt/Content/images/boitmal/produit/zoom/4E25834255892D5C9C1047A286FE9847.jpg,,,2025-11-12T23:59:59Z,PROSPECTUS,17,1,,,,,
11959,5603722504945,200.0,Mimosa,"Nata para culinária ligeira, embalagem de 200 ml",,0.91,4.55,200,L,€/L,,,https://driveimg1.intermarche.com/pt/Content/images/boitmal/produit/zoom/34074ECCE8C9D0028618D923D64DF04D.jpg,,,2025-11-12T23:59:59Z,PROSPECTUS,17,1,,,,,
13897,2891053000000,1000.0,Porco,Lombo sem Osso,Vendido ao peso a partir de 1 kg,4.99,4.99,0,,€/Kg,,,https://driveimg1.intermarche.com/pt/Content/images/boitmal/produit/zoom/415564DA70574ED3C1D7475F1F28BDB6.jpg,,,2025-11-12T23:59:59Z,PROSPECTUS,17,1,,,,,
14684,0000080177173,350.0,Nutella,"Creme para barrar de avelãs e cacau, embalagem de 350g",,3.29,9.4,0,kg,€/Kg,,,https://driveimg1.intermarche.com/pt/Content/images/boitmal/produit/zoom/3F068C295F3B09B89A4B75830D497BA1.jpg,,,2025-11-12T23:59:59Z,PROSPECTUS,17,1,,,,,
14847,2892476000000,100.0,Programa Origens,Alho Seco,Vendido a partir de 100 gr,0.57,5.69,0,,€/Kg,,,https://driveimg1.intermarche.com/pt/Content/images/boitmal/produit/zoom/CFA3B1E723D71FB9BFAE5D5B250C3BB3.jpg,,,2025-11-12T23:59:59Z,PROSPECTUS,17,1,,,,,
14908,2893723000000,600.0,Peixaria,Dourada Pequena,"Vendido ao peso, de 200 a 600 g",4.19,6.99,0,,€/Kg,,,https://driveimg1.intermarche.com/pt/Content/images/boitmal/produit/zoom/AFF5C8795A7F86F3C0C55DCFF44363C3.jpg,,,2025-11-12T23:59:59Z,PROSPECTUS,17,1,,,,,
15353,5604260270767,800.0,PorSi,Tentáculos Pota 800g,,5.99,7.49,0,kg,€/Kg,,Tipo de stockagem,https://driveimg1.intermarche.com/pt/Content/images/boitmal/produit/zoom/49398B6B79D4038703598D2AD5AB070C.jpg,,,2025-11-12T23:59:59Z,PROSPECTUS,17,1,,,,,
15398,5604260278039,1500.0,PorSi,Amaciador de Roupa Concentrado Aromaterapia 60d,Embalagem com 60 doses,2.49,1.66,1500,L,€/L,,,https://driveimg1.intermarche.com/pt/Content/images/boitmal/produit/zoom/A34CA50BD5140F3567823C4B325B98EF.jpg,,,2025-11-19T23:59:59Z,PROSPECTUS,17,1,,,,,
18864,5604260280506,500.0,PorSi,Iogurte Tipo Grego Stracciatella 4x125g,,1.79,3.58,0,kg,€/Kg,,,https://driveimg1.intermarche.com/pt/Content/images/boitmal/produit/zoom/334F1D6FB360E4136373288319BA5409.jpg,,,2025-11-19T23:59:59Z,PROSPECTUS,17,1,,,,,
1966,5604260061563,210.0,PorSi,Wafer Chocolate 210g,,1.17,5.57,0,kg,€/Kg,,,https://driveimg1.intermarche.com/pt/Content/images/boitmal/produit/zoom/E154175D8E403083CFB63244310CB908.jpg,,,2025-11-19T23:59:59Z,PROSPECTUS,17,1,,,,,
2072,5604260193516,1000.0,PorSi,Néctar Pêssego 1l,,0.89,0.89,1000,L,€/L,,,https://driveimg1.intermarche.com/pt/Content/images/boitmal/produit/zoom/97F49C4D0E66A2DF521CA59C061AD2F6.jpg,,,2025-11-19T23:59:59Z,PROSPECTUS,17,2,,,,,
23605,5601024335182,1000.0,Fula,Óleo especial fritura,Garrafa de 1 l,1.89,1.89,1000,L,€/L,,,https://driveimg1.intermarche.com/pt/Content/images/boitmal/produit/zoom/69E445CB49A81927EAD36F899A4FF4A1.jpg,,,2025-11-12T23:59:59Z,PROSPECTUS,17,2,,,,,
27713,5604260281237,250.0,PorSi,Sopa de caldo verde Programa Origens,Embalagem de 250g,0.99,3.96,0,kg,€/Kg,,,https://driveimg1.intermarche.com/pt/Content/images/boitmal/produit/zoom/2F605C6093C10332FD3D8A8E032FB106.jpg,,,2025-11-12T23:59:59Z,PROSPECTUS,17,2,,,,,
37872,5604260296552,300.0,PorSi,Aerossol Limpa Moveis Cera Abelhas 300 ml,,1.79,5.97,300,L,€/L,,,https://driveimg1.intermarche.com/pt/Content/images/boitmal/produit/zoom/B83A41BC8BFCE2E6E0D88C1C89312704.jpg,,,2025-11-19T23:59:59Z,PROSPECTUS,17,2,,,,,
40491,5604260295753,,PorSi,Porsi - Saco Lixo Ff Perfumado 500x600 30l,,1.07,1.07,0,,€/Unidade,,,https://driveimg1.intermarche.com/pt/Content/images/boitmal/produit/zoom/DFBB530640691593E7F39F828433DED1.jpg,,,2025-11-19T23:59:59Z,PROSPECTUS,17,2,,,,,
40498,5604260296101,,PorSi,15 Saco Lixo 100 Lts Atilho,,1.75,1.75,0,,€/Unidade,,,https://driveimg1.intermarche.com/pt/Content/images/boitmal/produit/zoom/52236672C0ACB8BB799D3EBEA8C2ECEB.jpg,,,2025-11-19T23:59:59Z,PROSPECTUS,17,2,,,,,
41437,5604260305773,170.0,PorSi Select,Chouriço de Porco Preto 170g,,2.69,15.82,0,kg,€/Kg,,,https://driveimg1.intermarche.com/pt/Content/images/boitmal/produit/zoom/9AF028948550CC79F4506D20250D6D94.jpg,,,2025-11-19T23:59:59Z,PROSPECTUS,17,2,,,,,
44059,5601363012683,160.0,LayS,"Batata frita lisas originais, embalagem de 160g",,1.39,8.69,0,kg,€/Kg,,,https://driveimg1.intermarche.com/pt/Content/images/boitmal/produit/zoom/D6B617CBD0A985504B50100E928DB47C.jpg,,,2025-11-12T23:59:59Z,PROSPECTUS,17,2,,,,,
47020,5604260318339,150.0,Porsi Vivabem,Iogurte Skyr Natural 0%mg 150g,,0.65,4.33,0,kg,€/Kg,,,https://driveimg1.intermarche.com/pt/Content/images/boitmal/produit/zoom/17F6824FDA6744507AEC9AE142A0153D.jpg,,,2025-11-19T23:59:59Z,PROSPECTUS,17,2,,,,,
48368,5604260321735,,PorSi,Porsi - Sacos Lixo At Eco 500x650 - 30 Lt 20 Un,,0.8,0.8,0,,€/Unidade,,,https://driveimg1.intermarche.com/pt/Content/images/boitmal/produit/zoom/265A59AC39DAD564BB7550DBB887E284.jpg,,,2025-11-19T23:59:59Z,PROSPECTUS,17,2,,,,,
48782,8410199023070,150.0,LayS,"Batatas camponesas, embalagem de 150g",,1.39,9.27,0,kg,€/Kg,,,https://driveimg1.intermarche.com/pt/Content/images/boitmal/produit/zoom/D570E7E39595628616CA3F3914A72126.jpg,,,2025-11-12T23:59:59Z,PROSPECTUS,17,2,,,,,
48903,5604260321704,,PorSi,Porsi - Sacos Lixo Ff Limão 650x700 50 Lt 15 Un,,1.69,1.69,0,,€/Unidade,,,https://driveimg1.intermarche.com/pt/Content/images/boitmal/produit/zoom/85894941DCF98EC874A5BA11186D55D1.jpg,https://driveimg1.intermarche.com/pt/Content/images/boitmal/produit/zoom/D99044E4CAAA902AF25BAB8B9C03DFE3.jpg,https://driveimg1.intermarche.com/pt/Content/images/boitmal/produit/zoom/D99044E4CAAA902AF25BAB8B9C03DFE3.jpg,2025-11-19T23:59:59Z,PROSPECTUS,17,2,https://driveimg1.intermarche.com/pt/Content/images/boitmal/produit/zoom/D99044E4CAAA902AF25BAB8B9C03DFE3.jpg,https://driveimg1.intermarche.com/pt/Content/images/boitmal/produit/zoom/D99044E4CAAA902AF25BAB8B9C03DFE3.jpg,https://driveimg1.intermarche.com/pt/Content/images/boitmal/produit/zoom/D99044E4CAAA902AF25BAB8B9C03DFE3.jpg,,
4947,5449000054227,1000.0,Coca-Cola,"Refrigerante com Gás Cola, 1L",,1.35,1.35,1000,L,€/L,,,https://driveimg1.intermarche.com/pt/Content/images/boitmal/produit/zoom/3281D4D34500D6DBD7784B7DAA420E55.jpg,,,2025-11-12T23:59:59Z,PROSPECTUS,17,2,,,,,
52362,5604260330508,375.0,PorSi,Pão Cachorro 375 G,,1.09,2.91,0,kg,€/Kg,,,https://driveimg1.intermarche.com/pt/Content/images/boitmal/produit/zoom/F32D92C56FEFFE0160A12B178932409C.jpg,,,2025-11-19T23:59:59Z,PROSPECTUS,17,2,,,,,
52377,8720181385131,,Skip,Detergente Máquina Roupa Líquido Sabão Natural,100 Doses,11.99,11.99,0,,€/Unidade,,,https://driveimg1.intermarche.com/pt/Content/images/boitmal/produit/zoom/B7482844827C04E8BE654EF9B7B49DD3.jpg,,,2025-11-12T23:59:59Z,PROSPECTUS,17,2,,,,,
54646,8720181542121,,Skip,"Detergente Máquina Roupa Líquido Active Clean, 100D",,14.99,14.99,0,,€/Unidade,,,https://driveimg1.intermarche.com/pt/Content/images/boitmal/produit/zoom/D3E9B1DE5F09D8B3FD221502F3C133F1.jpg,,,2025-11-12T23:59:59Z,PROSPECTUS,17,2,,,,,
56320,5604260330935,122.0,PorSi,Iogurte Bicompartimentado com Bolas Crocantes de Chocolate 122g,,0.58,4.75,0,kg,€/Kg,,,https://driveimg1.intermarche.com/pt/Content/images/boitmal/produit/zoom/33EBF5CA202F2B5511FF1775032C92B8.jpg,,,2025-11-19T23:59:59Z,PROSPECTUS,17,2,,,,,
56411,5604260333677,750.0,Labell,Gel de Banho Cremoso 750 ml,,1.59,2.12,750,L,€/L,,,https://driveimg1.intermarche.com/pt/Content/images/boitmal/produit/zoom/63812397800413571F258C3D09EF338D.jpg,,,2025-11-12T23:59:59Z,PROSPECTUS,17,2,,,,,
5966,5604260272792,5000.0,PorSi,Lixívia Perfumada 5l,,1.99,0.4,5000,L,€/L,,,https://driveimg1.intermarche.com/pt/Content/images/boitmal/produit/zoom/2B3492AFD036B535D5871D4B50DFD280.jpg,,,2025-11-12T23:59:59Z,PROSPECTUS,17,2,,,,,
640,3250390207528,130.0,Bouton dor,Cajus torrados salgados,Embalagem de 130g,1.66,12.77,0,kg,€/Kg,,,https://driveimg1.intermarche.com/pt/Content/images/boitmal/produit/zoom/9B80EEE07D104D06B1404C07F28EB251.jpg,,,2025-11-19T23:59:59Z,PROSPECTUS,17,2,,,,,
927,5601001180903,380.0,Nestlé,Cereais chocapic,Embalagem de 375 g,2.19,5.76,0,kg,€/Kg,,,https://driveimg1.intermarche.com/pt/Content/images/boitmal/produit/zoom/EA69C754779AF0C6F4DD36E6F3A8C272.jpg,,,2025-11-12T23:59:59Z,PROSPECTUS,17,2,,,,,
9565,5604260251469,1500.0,PorSi,"Água de Nascente Gaseificada 1,5l",,0.49,0.33,1500,L,€/L,,,https://driveimg1.intermarche.com/pt/Content/images/boitmal/produit/zoom/CAFE9D085185E704032031C5A2753566.jpg,,,2025-11-19T23:59:59Z,PROSPECTUS,17,2,,,,,
1014,5601043111149,1000.0,Espiga,"Farinha sem fermento tipo 65, embalagem de 1 kg",,1.29,1.29,0,kg,€/Kg,,,https://driveimg1.intermarche.com/pt/Content/images/boitmal/produit/zoom/0956112EF7C4C6A7364E7D84CAC59686.jpg,,,2025-11-12T23:59:59Z,PROSPECTUS,17,2,,,,,
1187,5601119007963,120.0,Nobre,"6 salsichas de porco, lata de 120g",,1.04,8.67,0,kg,€/Kg,,,https://driveimg1.intermarche.com/pt/Content/images/boitmal/produit/zoom/024D21F90F760BFDC12CBD7EB02BECC6.jpg,,,2025-11-12T23:59:59Z,PROSPECTUS,17,2,,,,,
13577,2893572000000,200.0,Peixaria,Pota Inteira Congelada,1 un= 200 gr (aprox.),1.0,4.99,0,,€/Kg,,Avantages !,https://driveimg1.intermarche.com/pt/Content/images/boitmal/produit/zoom/B2D6321EA80C5271A6C9DE3162C36D95.jpg,,,2025-11-12T23:59:59Z,PROSPECTUS,17,2,,,,,
14601,5604260272426,500.0,PorSi,Pedaços de Tamboril 500g,,4.99,9.98,0,kg,€/Kg,,Tipo de stockagem,https://driveimg1.intermarche.com/pt/Content/images/boitmal/produit/zoom/A45664FCA821853095858628402C5D88.jpg,,,2025-11-19T23:59:59Z,PROSPECTUS,17,2,,,,,
1463,5601286232779,250.0,Milaneza,"Massa pevide, embalagem de 250g",,0.61,2.44,0,kg,€/Kg,,,https://driveimg1.intermarche.com/pt/Content/images/boitmal/produit/zoom/7FABF67C8683DAD5B618F045601E14A4.jpg,,,2025-11-12T23:59:59Z,PROSPECTUS,17,2,,,,,
15060,2892453000000,1000.0,Programa Origens,Abóbora Butternut,1 un = 1 kg (aprox.),0.99,0.99,0,,€/Kg,,,https://driveimg1.intermarche.com/pt/Content/images/boitmal/produit/zoom/B52C2C8A1B11C26BA2F358A3355C1A17.jpg,,,2025-11-12T23:59:59Z,PROSPECTUS,17,2,,,,,
15687,5000116109234,700.0,Iglo,"Ervilhas, embalagem de 700g",,3.39,4.84,0,kg,€/Kg,,Tipo de stockagem,https://driveimg1.intermarche.com/pt/Content/images/boitmal/produit/zoom/AC9F197DD289CE6E6A9903FC824FDD75.jpg,,,2025-11-12T23:59:59Z,PROSPECTUS,17,2,,,,,
16722,8410376040999,280.0,Gullón,"Bolacha vitalday crocante chocolate, embalagem de 280g",,1.54,5.5,0,kg,€/Kg,,,https://driveimg1.intermarche.com/pt/Content/images/boitmal/produit/zoom/1CF03DED3AC82D4773F0EF2D1F53BC8E.jpg,,,2025-11-12T23:59:59Z,PROSPECTUS,17,2,,,,,
18595,8410500016012,400.0,Danonino Danone,"Iogurte líquido danonino morango, embalagem de 4 x 100g",,2.09,5.23,0,kg,€/Kg,,,https://driveimg1.intermarche.com/pt/Content/images/boitmal/produit/zoom/00E1EF11C0C6DBF4F5207E20D5392DA2.jpg,,,2025-11-12T23:59:59Z,PROSPECTUS,17,2,,,,,
1862,5604260042340,185.0,PorSi,Batatas Fritas Onduladas com Sabor a Churrasco 185g,,1.34,7.24,0,kg,€/Kg,,,https://driveimg1.intermarche.com/pt/Content/images/boitmal/produit/zoom/3A22AAF9574AA89A9DE8627F4B492DC1.jpg,,,2025-11-19T23:59:59Z,PROSPECTUS,17,2,,,,,
19454,5604260275885,,PorSi,Porsi - Recarga Esfregona Algodão /192g,,0.89,0.89,0,,€/Unidade,,,https://driveimg1.intermarche.com/pt/Content/images/boitmal/produit/zoom/D144575F9E421AACF96249BBCE7EBDEB.jpg,,,2025-11-19T23:59:59Z,PROSPECTUS,17,2,,,,,
2069,5604260193318,397.0,PorSi,Leite Condensado 397g,,1.45,3.65,0,kg,€/Kg,,,https://driveimg1.intermarche.com/pt/Content/images/boitmal/produit/zoom/41C6FC1DD28B44868F44E62073C3DA31.jpg,,,2025-11-19T23:59:59Z,PROSPECTUS,17,2,,,,,
2078,5604260193615,1000.0,PorSi,Néctar Manga 1l,,1.09,1.09,1000,L,€/L,,,https://driveimg1.intermarche.com/pt/Content/images/boitmal/produit/zoom/D23D9A7AC4F06A69F99337FC65D741A2.jpg,,,2025-11-19T23:59:59Z,PROSPECTUS,17,2,,,,,
2237,5604260267200,1000.0,PorSi,Néctar Frutos Vermelhos 1l,,1.19,1.19,1000,L,€/L,,,https://driveimg1.intermarche.com/pt/Content/images/boitmal/produit/zoom/603718AD338D3557433C94F8C4C28BE1.jpg,,,2025-11-19T23:59:59Z,PROSPECTUS,17,2,,,,,
2272,5604260269990,397.0,PorSi,Leite Condensado Cozido 397g,,1.79,4.51,0,kg,€/Kg,,,https://driveimg1.intermarche.com/pt/Content/images/boitmal/produit/zoom/2D223FADDBD1ACBBF62ED2AF94FA335F.jpg,,,2025-11-19T23:59:59Z,PROSPECTUS,17,2,,,,,
23582,5604260281275,175.0,Porsi Programa Origens,Salada Premium 175 G,,1.19,6.8,0,kg,€/Kg,,,https://driveimg1.intermarche.com/pt/Content/images/boitmal/produit/zoom/A8F765E7D8A6C281765A51B35764D182.jpg,,,2025-11-12T23:59:59Z,PROSPECTUS,17,2,,,,,
28640,5054563030948,75.0,Aquafresh,Dentífrico Tripla Proteção,Embalagem de 75 ml,1.84,24.53,75,L,€/L,,,https://driveimg1.intermarche.com/pt/Content/images/boitmal/produit/zoom/3F822B9D22CAC67DC8DBD8698E3FBBBD.jpg,,,2025-11-12T23:59:59Z,PROSPECTUS,17,2,,,,,
29738,8410436324533,1300.0,Sonasol,"Lava Tudo Flores Montanha, 1.3 l",,2.24,1.72,1300,L,€/L,,,https://driveimg1.intermarche.com/pt/Content/images/boitmal/produit/zoom/13FBFB2C777E7C44B0340328520A2D41.jpg,,,2025-11-12T23:59:59Z,PROSPECTUS,17,2,,,,,
32063,8712423038844,33.0,Knorr,"Strogonoff 1, 2, 3...sabor!, embalagem de 33 g",,1.19,36.06,0,kg,€/Kg,,,https://driveimg1.intermarche.com/pt/Content/images/boitmal/produit/zoom/4A8045759567B372AE215D4B257F03A8.jpg,,,2025-11-12T23:59:59Z,PROSPECTUS,17,2,,,,,
35441,5604260291168,420.0,PorSi,Cogumelos Laminados 780g,,2.19,5.21,0,kg,€/Kg,,,https://driveimg1.intermarche.com/pt/Content/images/boitmal/produit/zoom/F874C2D913FFAAA6855A523B2803F053.jpg,,,2025-11-12T23:59:59Z,PROSPECTUS,17,2,,,,,
37574,8717163836835,2000.0,Lipton,"Ice tea de pêssego sem açúcar, garrafa de 2l",,3.19,1.6,2000,L,€/L,,,https://driveimg1.intermarche.com/pt/Content/images/boitmal/produit/zoom/B0D164F35BECC5A6CA9E515D71ED323C.jpg,,,2025-11-12T23:59:59Z,PROSPECTUS,17,2,,,,,
37754,5604260285143,,PorSi,Porsi - Recarga Esfregona Microfibra Branca - Fio Azul/153g,,1.48,1.48,0,,€/Unidade,,,https://driveimg1.intermarche.com/pt/Content/images/boitmal/produit/zoom/6DA5E95239CFF977026C08967687E7CA.jpg,,,2025-11-19T23:59:59Z,PROSPECTUS,17,2,,,,,
405,8712566410910,275.0,Calvé,"Ketchup, embalagem de 275g",,1.48,5.38,0,kg,€/Kg,,,https://driveimg1.intermarche.com/pt/Content/images/boitmal/produit/zoom/9E63EED4B27A252289B8979C188F5B40.jpg,https://driveimg1.intermarche.com/pt/Content/images/boitmal/produit/zoom/0D7B165FF00CA45BD8F6AC077E3CA1EC.jpg,https://driveimg1.intermarche.com/pt/Content/images/boitmal/produit/zoom/0D7B165FF00CA45BD8F6AC077E3CA1EC.jpg,2025-11-12T23:59:59Z,PROSPECTUS,17,2,https://driveimg1.intermarche.com/pt/Content/images/boitmal/produit/zoom/0D7B165FF00CA45BD8F6AC077E3CA1EC.jpg,,,,
40522,5604260290321,250.0,PorSi,Miolo de Amêijoa 250g,Embalagem de 250 g,2.79,11.16,0,kg,€/Kg,,Tipo de stockagem,https://driveimg1.intermarche.com/pt/Content/images/boitmal/produit/zoom/E408E5FCE5B1AF39AD546201108122CF.jpg,,,2025-11-19T23:59:59Z,PROSPECTUS,17,2,,,,,
40769,5604260301942,300.0,PorSi,Alimento Humido Cão Vaca 300g,Embalagem de 300 g,0.75,2.5,0,kg,€/Kg,,,https://driveimg1.intermarche.com/pt/Content/images/boitmal/produit/zoom/D9C4A619B4359B319F6376BE6477D965.jpg,,,2025-11-12T23:59:59Z,PROSPECTUS,17,2,,,,,
41717,5604260303816,90.0,PorSi,Puré de Fruta Maçã Pera,,0.67,7.44,0,kg,€/Kg,,,https://driveimg1.intermarche.com/pt/Content/images/boitmal/produit/zoom/5127251097DF39368C903E9B3834E6D6.jpg,,,2025-11-12T23:59:59Z,PROSPECTUS,17,2,,,,,
43867,5604260310944,340.0,PorSi,Manteiga amendoim cremosa,Embalagem de 340g,1.74,5.12,0,kg,€/Kg,,,https://driveimg1.intermarche.com/pt/Content/images/boitmal/produit/zoom/7821B5CD2D691B1BB3601906D6E6FF3D.jpg,https://driveimg1.intermarche.com/pt/Content/images/boitmal/produit/zoom/F81026DF6BE14CF2221DFD337125A507.jpg,https://driveimg1.intermarche.com/pt/Content/images/boitmal/produit/zoom/F81026DF6BE14CF2221DFD337125A507.jpg,2025-11-12T23:59:59Z,PROSPECTUS,17,2,https://driveimg1.intermarche.com/pt/Content/images/boitmal/produit/zoom/F81026DF6BE14CF2221DFD337125A507.jpg,https://driveimg1.intermarche.com/pt/Content/images/boitmal/produit/zoom/F81026DF6BE14CF2221DFD337125A507.jpg,https://driveimg1.intermarche.com/pt/Content/images/boitmal/produit/zoom/F81026DF6BE14CF2221DFD337125A507.jpg,https://driveimg1.intermarche.com/pt/Content/images/boitmal/produit/zoom/F81026DF6BE14CF2221DFD337125A507.jpg,
45380,5601050036954,620.0,Danone,"Iogurte magro corpos danone líquido frutos tropicais, 4 x 155 g",,1.89,3.05,0,kg,€/Kg,,,https://driveimg1.intermarche.com/pt/Content/images/boitmal/produit/zoom/231284A4A018EB1BDB97D1E53DC7ECFE.jpg,,,2025-11-12T23:59:59Z,PROSPECTUS,17,2,,,,,
45697,5604260313426,,PorSi,Toalhitas Anti-transferência de Cores X20,,1.59,1.59,0,,€/Unidade,,,https://driveimg1.intermarche.com/pt/Content/images/boitmal/produit/zoom/7C3CC46A810762A8607DC19A2E089978.jpg,,,2025-11-19T23:59:59Z,PROSPECTUS,17,2,,,,,
46670,5601050037227,620.0,Danone,"Iogurte Líquido Activia Aveia & Linhaça, 4x155g",,1.99,3.21,0,kg,€/Kg,,,https://driveimg1.intermarche.com/pt/Content/images/boitmal/produit/zoom/4D8BE19F5E55132CE3BDC6C6840F7986.jpg,,,2025-11-12T23:59:59Z,PROSPECTUS,17,2,,,,,
46824,5603722518270,720.0,Mimosa,"Iogurte magro aroma multi sabores de morango/coco, 6x120g",,1.99,2.76,0,kg,€/Kg,,,https://driveimg1.intermarche.com/pt/Content/images/boitmal/produit/zoom/C1F13564A32ADE4727C9B834FE2B8090.jpg,,,2025-11-12T23:59:59Z,PROSPECTUS,17,2,,,,,
46881,5604260310111,500.0,PorSi,Tortilha Batata c/ Cebola 500g,,2.99,5.98,0,kg,€/Kg,,,https://driveimg1.intermarche.com/pt/Content/images/boitmal/produit/zoom/61587ED63CEE364FA621252AD302F6D4.jpg,,,2025-11-19T23:59:59Z,PROSPECTUS,17,2,,,,,
48775,2769516000000,200.0,PorSi,"Preguinhos de Porco Finíssimos, embalagem de 200g (aprox.)",,1.6,7.98,0,,€/Kg,,,https://driveimg1.intermarche.com/pt/Content/images/boitmal/produit/zoom/3DD3775BE4F1F4161B469D1F01BAB9D5.jpg,,,2025-11-19T23:59:59Z,PROSPECTUS,17,2,,,,,
48902,5604260321711,,PorSi,Porsi - Sacos Lixo Alças 540x680 (540+140) 25lt 30un,,1.03,1.03,0,,€/Unidade,,,https://driveimg1.intermarche.com/pt/Content/images/boitmal/produit/zoom/66D97D73EDD1D5743BB9A1F349A046C8.jpg,https://driveimg1.intermarche.com/pt/Content/images/boitmal/produit/zoom/A13AC84351A23B8471C8D2EE6071B99D.jpg,https://driveimg1.intermarche.com/pt/Content/images/boitmal/produit/zoom/A13AC84351A23B8471C8D2EE6071B99D.jpg,2025-11-19T23:59:59Z,PROSPECTUS,17,2,https://driveimg1.intermarche.com/pt/Content/images/boitmal/produit/zoom/A13AC84351A23B8471C8D2EE6071B99D.jpg,https://driveimg1.intermarche.com/pt/Content/images/boitmal/produit/zoom/A13AC84351A23B8471C8D2EE6071B99D.jpg,,,
49223,5604260322633,90.0,PorSi,Puré de Fruta Maçã Banana Laranja e Bolacha 90g,,0.67,7.44,0,kg,€/Kg,,,https://driveimg1.intermarche.com/pt/Content/images/boitmal/produit/zoom/A5CE6059C08255E6572FB8ABFA4DEA85.jpg,,,2025-11-12T23:59:59Z,PROSPECTUS,17,2,,,,,
49225,5604260322657,90.0,PorSi,Puré de Fruta Maçã Cenoura e Manga 90g,,0.67,7.44,0,kg,€/Kg,,,https://driveimg1.intermarche.com/pt/Content/images/boitmal/produit/zoom/F2927F311C77003403604CF61E0E5035.jpg,,,2025-11-12T23:59:59Z,PROSPECTUS,17,2,,,,,
51837,8711327587205,2000.0,Lipton,Ice tea lipton pessego 2l,,3.19,1.6,2000,L,€/L,,,https://driveimg1.intermarche.com/pt/Content/images/boitmal/produit/zoom/337078DD8DFA2309401BA5C925E0DABA.jpg,,,2025-11-12T23:59:59Z,PROSPECTUS,17,2,,,,,
51913,3073781193190,250.0,A Vaca Que Ri,"Queijo fundido light, 250g",,2.95,11.8,0,kg,€/Kg,,,https://driveimg1.intermarche.com/pt/Content/images/boitmal/produit/zoom/1D30A8CFE9EE0E2B2592E8B377EEF45A.jpg,,,2025-11-12T23:59:59Z,PROSPECTUS,17,2,,,,,
52298,3023290072011,160.0,Lindahls,"Iogurte sólido proteico limão cookies, embalagem de 160 g",,0.99,6.19,0,kg,€/Kg,,,https://driveimg1.intermarche.com/pt/Content/images/boitmal/produit/zoom/8056AA56818872116BB891895188AEE8.jpg,,,2025-11-12T23:59:59Z,PROSPECTUS,17,2,,,,,
5246,5601151540886,600.0,Compal,"Néctar pêra, pack 3 x 200 ml",,1.49,2.48,600,L,€/L,,,https://driveimg1.intermarche.com/pt/Content/images/boitmal/produit/zoom/D6B34834645718035C7DBFF284A80A1D.jpg,,,2025-11-12T23:59:59Z,PROSPECTUS,17,2,,,,,
52769,5604260331390,415.0,PorSi,Pizza Carbonara em Forno de Pedra,Embalagem de 415g,2.89,6.96,0,kg,€/Kg,,,https://driveimg1.intermarche.com/pt/Content/images/boitmal/produit/zoom/952345FFED1B0BB32007E8A66B5D844A.jpg,,,2025-11-19T23:59:59Z,PROSPECTUS,17,2,,,,,
52770,5604260331420,410.0,PorSi,Pizza Fiambre e Queijo 410g,,2.69,6.56,0,kg,€/Kg,,,https://driveimg1.intermarche.com/pt/Content/images/boitmal/produit/zoom/01AB4A01B15086CC8316840577A8E3B8.jpg,,,2025-11-19T23:59:59Z,PROSPECTUS,17,2,,,,,
53470,5601028031288,,Renova,"Papel Higiénico Húmido, 60 unidades",,1.56,1.56,60,,€/Unidade,,,https://driveimg1.intermarche.com/pt/Content/images/boitmal/produit/zoom/9829A7AAA374301D47766A923A3E4F3B.jpg,,,2025-11-12T23:59:59Z,PROSPECTUS,17,2,,,,,
54346,8435495843733,,Gama,"Detergente Roupa Máquina Líquido Cuidado Diário, 80D",,5.99,5.99,0,,€/Unidade,,,https://driveimg1.intermarche.com/pt/Content/images/boitmal/produit/zoom/E5D9177D92E6E9DF5147C07C4D5C380F.jpg,,,2025-11-12T23:59:59Z,PROSPECTUS,17,2,,,,,
55018,5601027117303,430.0,Bimbo,"Pão de forma com Côdea, 430g",,1.74,4.05,0,kg,€/Kg,,,https://driveimg1.intermarche.com/pt/Content/images/boitmal/produit/zoom/8757FB8F05D49E0A715282DD0C0165A7.jpg,https://driveimg1.intermarche.com/pt/Content/images/boitmal/produit/zoom/4C17DB6C614697DA1B5FB0CE80A911CD.jpg,https://driveimg1.intermarche.com/pt/Content/images/boitmal/produit/zoom/4C17DB6C614697DA1B5FB0CE80A911CD.jpg,2025-11-12T23:59:59Z,PROSPECTUS,17,2,,,,,
56703,5604260332946,300.0,PorSi,Rolinhos Legumes Primavera 300g,,1.99,6.63,0,kg,€/Kg,,Tipo de stockagem,https://driveimg1.intermarche.com/pt/Content/images/boitmal/produit/zoom/D4522F3BC9F46B7E90751B94CFEBDEBE.jpg,,,2025-11-19T23:59:59Z,PROSPECTUS,17,2,,,,,
5927,5604260256914,2000.0,PorSi,Lava Tudo Perfumado Herbal,,0.99,0.5,2000,L,€/L,,,https://driveimg1.intermarche.com/pt/Content/images/boitmal/produit/zoom/D0BC6E0F8FB6EE1D6C3B7DBC82D3AD1E.jpg,,,2025-11-19T23:59:59Z,PROSPECTUS,17,2,,,,,
5952,5604260266975,750.0,PorSi,Creme Limpeza Limao 750ml,,1.19,1.59,750,L,€/L,,,https://driveimg1.intermarche.com/pt/Content/images/boitmal/produit/zoom/027565F59F15238B5A7D4E131B9F8DAD.jpg,,,2025-11-19T23:59:59Z,PROSPECTUS,17,2,,,,,
8641,5601151983171,600.0,Compal,"Néctar vital de frutos vermelhos, pack 3 x 200 ml",,1.35,2.25,600,L,€/L,,,https://driveimg1.intermarche.com/pt/Content/images/boitmal/produit/zoom/8564D706D7239DFC63148360AB08E38F.jpg,,,2025-11-12T23:59:59Z,PROSPECTUS,17,2,,,,,
8946,5601385503336,50.0,Aquafresh,Dentifríco Júnior,Embalagem de 50 ml,2.24,44.8,50,L,€/L,,,https://driveimg1.intermarche.com/pt/Content/images/boitmal/produit/zoom/D41C8C0DFB64F70B6A37CFA22926C2FA.jpg,,,2025-11-12T23:59:59Z,PROSPECTUS,17,2,,,,,
9279,5603533652002,1000.0,Frize,"Água com gás limão, pack 4 x 0.25 l",,2.09,2.09,1000,L,€/L,,,https://driveimg1.intermarche.com/pt/Content/images/boitmal/produit/zoom/11B7A1FE3C8011649267813E9487639D.jpg,,,2025-11-12T23:59:59Z,PROSPECTUS,17,2,,,,,
10910,3250390010586,250.0,Páturages,Queijo Camembert 250g,Embalagem de 250 g,1.99,7.96,0,kg,€/Kg,,,https://driveimg1.intermarche.com/pt/Content/images/boitmal/produit/zoom/7C9F5B55F7320E544E58C79F8FBB96B2.jpg,,,2025-11-19T23:59:59Z,PROSPECTUS,17,2,,,,,
1135,5601082022758,250.0,Delta,Café torrado lote chávena máquina,Embalagem de 250g,3.99,15.96,0,kg,€/Kg,,,https://driveimg1.intermarche.com/pt/Content/images/boitmal/produit/zoom/13E9F03FF8FB53EE57516E14277CD628.jpg,,,2025-11-12T23:59:59Z,PROSPECTUS,17,2,,,,,
11523,5601051410029,250.0,Primor,"Manteiga com sal, 250g",,2.14,8.56,0,kg,€/Kg,,,https://driveimg1.intermarche.com/pt/Content/images/boitmal/produit/zoom/6515E45A6FB2F6024F4DECB68FB265B3.jpg,,,2025-11-12T23:59:59Z,PROSPECTUS,17,2,,,,,
11585,5601151540817,600.0,Compal,"Néctar tutti fruti, pack 3 x 200 ml",,1.35,2.25,600,L,€/L,,,https://driveimg1.intermarche.com/pt/Content/images/boitmal/produit/zoom/E9C042C28F6E0C8FC94CAE675AF583BD.jpg,,,2025-11-12T23:59:59Z,PROSPECTUS,17,2,,,,,
11942,5603533492202,1000.0,Frize,"Água com gás groselha, pack 4 x 0.25 l",,2.09,2.09,1000,L,€/L,,,https://driveimg1.intermarche.com/pt/Content/images/boitmal/produit/zoom/9F272D120CD1620A52E8FDFD1398797A.jpg,,,2025-11-12T23:59:59Z,PROSPECTUS,17,2,,,,,
12046,5604260104116,500.0,PorSi,Molho Bechamel 500ml,,1.69,3.38,500,L,€/L,,,https://driveimg1.intermarche.com/pt/Content/images/boitmal/produit/zoom/B291394A8F64F4ED834F032F124A988C.jpg,,,2025-11-19T23:59:59Z,PROSPECTUS,17,2,,,,,
12066,5604260194063,1000.0,Porsi Vivabem,Bebida de Soja 1l,,0.79,0.79,1000,L,€/L,,,https://driveimg1.intermarche.com/pt/Content/images/boitmal/produit/zoom/16537218BB43EA3E7F5AFCEAEC229452.jpg,,,2025-11-19T23:59:59Z,PROSPECTUS,17,2,,,,,
1228,5601146230518,1500.0,Joi,"Refrigerante sem gás, laranja, garrafa de 1,5 l",,1.29,0.86,1500,L,€/L,,,https://driveimg1.intermarche.com/pt/Content/images/boitmal/produit/zoom/9CFD5D319CF23E8EEE61B6DFE693387D.jpg,,,2025-11-12T23:59:59Z,PROSPECTUS,17,2,,,,,
12519,8712100417054,416.0,HellmannS,"Maionese, frasco, embalagem de 420g",,2.99,7.19,0,kg,€/Kg,,,https://driveimg1.intermarche.com/pt/Content/images/boitmal/produit/zoom/6AB870EF622544FC82599432CC32DE9B.jpg,https://driveimg1.intermarche.com/pt/Content/images/boitmal/produit/zoom/6731B805B2B4B445CCCFD0D614219E37.jpg,https://driveimg1.intermarche.com/pt/Content/images/boitmal/produit/zoom/6731B805B2B4B445CCCFD0D614219E37.jpg,2025-11-12T23:59:59Z,PROSPECTUS,17,2,https://driveimg1.intermarche.com/pt/Content/images/boitmal/produit/zoom/6731B805B2B4B445CCCFD0D614219E37.jpg,,,,
12990,2892510000000,250.0,Legumes,Beterraba sem Rama,1 un=250 gr (aprox.),0.37,1.49,0,,€/Kg,,,https://driveimg1.intermarche.com/pt/Content/images/boitmal/produit/zoom/FE38D0A0EDE44D01AA1FA1361EAB5312.jpg,,,2025-11-12T23:59:59Z,PROSPECTUS,17,2,,,,,
13201,2893186000000,800.0,Peixaria,Pargo Mulato, 1un = 800 gr (aprox.),5.59,6.99,0,,€/Kg,,,https://driveimg1.intermarche.com/pt/Content/images/boitmal/produit/zoom/11C32BE0B2CE482787FEFB1794945225.jpg,,,2025-11-12T23:59:59Z,PROSPECTUS,17,2,,,,,
13561,2893555000000,400.0,Peixaria,Red Fish Congelado,,1.6,3.99,0,,€/Kg,,Avantages !,https://driveimg1.intermarche.com/pt/Content/images/boitmal/produit/zoom/6B51C5A0022242B4A2691EFB27EE24DC.jpg,,,2025-11-12T23:59:59Z,PROSPECTUS,17,2,,,,,
13791,2892160000000,250.0,Frutos Secos,Castanhas 80/100,1 un = 250 gr  (aprox.),1.07,4.29,0,,€/Kg,,,https://driveimg1.intermarche.com/pt/Content/images/boitmal/produit/zoom/BD01DECAC43CD2E2EBF0E80A7790C5F1.jpg,,,2025-11-12T23:59:59Z,PROSPECTUS,17,2,,,,,
13990,2696200000000,,Pastelaria,Folhado de salsichas,1 unidade = 110 g,0.89,0.89,0,,€/Unidade,,,https://driveimg1.intermarche.com/pt/Content/images/boitmal/produit/zoom/4DCF72DC736051BE772FEB48C9B7E455.jpg,,,2025-11-12T23:59:59Z,PROSPECTUS,17,2,,,,,
14196,5604260272105,250.0,PorSi,Salsichas Hot Dog Frasco 540g,,3.49,13.96,0,kg,€/Kg,,,https://driveimg1.intermarche.com/pt/Content/images/boitmal/produit/zoom/DEA11230BF1CF561F20B184084F0CF0F.jpg,,,2025-11-19T23:59:59Z,PROSPECTUS,17,2,,,,,
14202,5604260273942,500.0,PorSi,Pão Brioche Fatiado 500g,,2.69,5.38,0,kg,€/Kg,,,https://driveimg1.intermarche.com/pt/Content/images/boitmal/produit/zoom/DC79C0DA633B2DF5CA7AC0982CBE9A64.jpg,,,2025-11-19T23:59:59Z,PROSPECTUS,17,2,,,,,
14227,5601043119015,500.0,Espiga,"Farinha de milho, embalagem de 500g",,0.94,1.88,0,kg,€/Kg,,,https://driveimg1.intermarche.com/pt/Content/images/boitmal/produit/zoom/3A94212450C6EA54B275D891253D59E7.jpg,,,2025-11-12T23:59:59Z,PROSPECTUS,17,2,,,,,
14372,8712100599392,550.0,Calvé,"Ketchup top down, embalagem de 550g",,2.59,4.71,0,kg,€/Kg,,,https://driveimg1.intermarche.com/pt/Content/images/boitmal/produit/zoom/6D3218F33B22BC3205033BC41E176600.jpg,https://driveimg1.intermarche.com/pt/Content/images/boitmal/produit/zoom/FE7F103C359D2D1FD7BF3FDC8DD381BA.jpg,https://driveimg1.intermarche.com/pt/Content/images/boitmal/produit/zoom/FE7F103C359D2D1FD7BF3FDC8DD381BA.jpg,2025-11-12T23:59:59Z,PROSPECTUS,17,2,https://driveimg1.intermarche.com/pt/Content/images/boitmal/produit/zoom/FE7F103C359D2D1FD7BF3FDC8DD381BA.jpg,,,,
15315,3250391455591,170.0,Bouton d' Or,Snack batata sabor natas/cebola,Embalagem de 170 g,1.99,11.71,0,kg,€/Kg,,,https://driveimg1.intermarche.com/pt/Content/images/boitmal/produit/zoom/53ECE25B42BD58A938957AF7D2F88D5F.jpg,,,2025-11-19T23:59:59Z,PROSPECTUS,17,2,,,,,
15318,3250391945344,195.0,Itinéraire des Saveurs,Massa chinesa carne vaca 3x65g,Embalagem de 3X65G,1.49,7.64,0,kg,€/Kg,,,https://driveimg1.intermarche.com/pt/Content/images/boitmal/produit/zoom/56FE8932E61C57C0A0467425F1519888.jpg,,,2025-11-19T23:59:59Z,PROSPECTUS,17,2,,,,,
15879,5601164902282,3000.0,Super Bock,"Cerveja com álcool mini, pack 15 x 0.20 l",,6.99,2.33,3000,L,€/L,,,https://driveimg1.intermarche.com/pt/Content/images/boitmal/produit/zoom/F51CB7668EA2A2D5B4B811ABB528133B.jpg,,,2025-11-12T23:59:59Z,PROSPECTUS,17,2,,,,,
16072,2696083000000,62.0,Panpor,Carcaça de Cereais,,0.29,4.68,0,kg,€/Kg,,,https://driveimg1.intermarche.com/pt/Content/images/boitmal/produit/zoom/64BBBB65E56708FCB9DD0C80C78538ED.jpg,,,2025-11-12T23:59:59Z,PROSPECTUS,17,2,,,,,
16608,8712561521437,700.0,Cif,"Creme abrasivo limão, de 700 ml",,2.69,3.84,700,L,€/L,,,https://driveimg1.intermarche.com/pt/Content/images/boitmal/produit/zoom/734448B6276EB5C2CFFCEBF5E628AF6D.jpg,,,2025-11-12T23:59:59Z,PROSPECTUS,17,2,,,,,
16714,5601319049251,400.0,Ferbar,"Marmelada, embalagem de 400g",,1.64,4.1,0,kg,€/Kg,,,https://driveimg1.intermarche.com/pt/Content/images/boitmal/produit/zoom/107A78167D3C3F5F7E86E454AB18B7F4.jpg,,,2025-11-12T23:59:59Z,PROSPECTUS,17,2,,,,,
18426,3600541887817,400.0,Garnier,Champô Ultra Suave Delicias de Aveia,Embalagem de 400 ml,3.79,9.48,400,L,€/L,,,https://driveimg1.intermarche.com/pt/Content/images/boitmal/produit/zoom/FB3520AB0507187656A408B0D650CF4F.jpg,,,2025-11-12T23:59:59Z,PROSPECTUS,17,2,,,,,
18596,8410500016029,400.0,Danone,"Iogurte líquido danonino morango/banana, embalagem de 4 x 100 g",,2.09,5.23,0,kg,€/Kg,,,https://driveimg1.intermarche.com/pt/Content/images/boitmal/produit/zoom/79AABB1D751FE6F57112090F819DD6BE.jpg,,,2025-11-12T23:59:59Z,PROSPECTUS,17,2,,,,,
1988,5604260063383,350.0,PorSi,Mini Tostas de Trigo 350g,,1.99,5.69,0,kg,€/Kg,,,https://driveimg1.intermarche.com/pt/Content/images/boitmal/produit/zoom/0215D12BDD107E1A2372B3F823BE30C6.jpg,,,2025-11-19T23:59:59Z,PROSPECTUS,17,2,,,,,
20263,5000116110889,180.0,Iglo,"Crocantes de frango original, embalagem de 180g",,3.74,20.78,0,kg,€/Kg,,Tipo de stockagem,https://driveimg1.intermarche.com/pt/Content/images/boitmal/produit/zoom/9B2BC0EEC5724C42D02D0AAA44CCBB50.jpg,,,2025-11-12T23:59:59Z,PROSPECTUS,17,3,,,,,
20264,5000116110872,180.0,Iglo,"Crocantes frango parmesão e ervas, embalagem de 180g",,3.74,20.78,0,kg,€/Kg,,Tipo de stockagem,https://driveimg1.intermarche.com/pt/Content/images/boitmal/produit/zoom/FA238D0C01D11590AA8A8E09CE288246.jpg,,,2025-11-12T23:59:59Z,PROSPECTUS,17,3,,,,,
2044,5604260162819,800.0,PorSi,Polvo Limpo 800g,,9.49,11.86,0,kg,€/Kg,,Tipo de stockagem,https://driveimg1.intermarche.com/pt/Content/images/boitmal/produit/zoom/02CF4CCD859FE5868772BC9E65725B72.jpg,,,2025-11-19T23:59:59Z,PROSPECTUS,17,3,,,,,
2059,5604260303861,500.0,PorSi,Polpa de Tomate com Cebola e Alho 500g,,1.29,2.58,0,kg,€/Kg,,,https://driveimg1.intermarche.com/pt/Content/images/boitmal/produit/zoom/41444F01158BD1D91B444EE63E3C35F0.jpg,,,2025-11-12T23:59:59Z,PROSPECTUS,17,3,,,,,
2076,5604260193585,1000.0,PorSi,Néctar Tutti-fruti 1l,,1.09,1.09,1000,L,€/L,,,https://driveimg1.intermarche.com/pt/Content/images/boitmal/produit/zoom/F71C24EE65BBACD19D0B795025D59BB2.jpg,,,2025-11-19T23:59:59Z,PROSPECTUS,17,3,,,,,
2080,5604260193660,1000.0,PorSi,Néctar Goiaba 1l,,1.09,1.09,1000,L,€/L,,,https://driveimg1.intermarche.com/pt/Content/images/boitmal/produit/zoom/6AF1474A336A85ADDD13B87A3CBE0878.jpg,,,2025-11-19T23:59:59Z,PROSPECTUS,17,3,,,,,
21051,8435257034300,640.0,Nestlé,"Iogurte líquido yoggi, sem lactose, morango, embalagem de 4 x 160g",,2.19,3.42,0,kg,€/Kg,,,https://driveimg1.intermarche.com/pt/Content/images/boitmal/produit/zoom/D5CB31CBF064EE8A66067DB03B82499E.jpg,,,2025-11-12T23:59:59Z,PROSPECTUS,17,3,,,,,
2186,5604260264056,225.0,PorSi,Tostas de Trigo 225 G,,0.99,4.4,0,kg,€/Kg,,,https://driveimg1.intermarche.com/pt/Content/images/boitmal/produit/zoom/0583C4A68E7A0669F3CBC92343F4F352.jpg,,,2025-11-19T23:59:59Z,PROSPECTUS,17,3,,,,,
22395,8712100745614,412.0,HellmannS,"Mionese top down, embalagem de 410g",,2.99,7.26,0,kg,€/Kg,,,https://driveimg1.intermarche.com/pt/Content/images/boitmal/produit/zoom/69FC39D7436E837B71E260D76DC0DC69.jpg,https://driveimg1.intermarche.com/pt/Content/images/boitmal/produit/zoom/8441A970BF19CB238C08CCCD9712CAB2.jpg,https://driveimg1.intermarche.com/pt/Content/images/boitmal/produit/zoom/8441A970BF19CB238C08CCCD9712CAB2.jpg,2025-11-12T23:59:59Z,PROSPECTUS,17,3,https://driveimg1.intermarche.com/pt/Content/images/boitmal/produit/zoom/8441A970BF19CB238C08CCCD9712CAB2.jpg,,,,
23758,5604260282616,150.0,PorSi,Batatas Fritas Lisas Gourmet 150g,,1.23,8.2,0,kg,€/Kg,,,https://driveimg1.intermarche.com/pt/Content/images/boitmal/produit/zoom/086887FDC28498C155F9760C1B0A2422.jpg,,,2025-11-19T23:59:59Z,PROSPECTUS,17,3,,,,,
24410,8710908859502,750.0,Cif,"Spray power&shine multiusos com lixívia, de 750 ml",,2.69,3.59,750,L,€/L,,,https://driveimg1.intermarche.com/pt/Content/images/boitmal/produit/zoom/BC1FC8E39B43E72D32F4657C6D001534.jpg,,,2025-11-12T23:59:59Z,PROSPECTUS,17,3,,,,,
24413,8410436297783,1300.0,Sonasol,"Lava tudo PH neutro, embalagem de 1,3l",,2.24,1.72,1300,L,€/L,,,https://driveimg1.intermarche.com/pt/Content/images/boitmal/produit/zoom/40B27BFEEAC61B53B8E103581B41FECE.jpg,,,2025-11-12T23:59:59Z,PROSPECTUS,17,3,,,,,
24414,8410436297691,1300.0,Sonasol,"Lava tudo camomila e flor de laranjeira, 1,3l",,2.24,1.72,1300,L,€/L,,,https://driveimg1.intermarche.com/pt/Content/images/boitmal/produit/zoom/C67C521AD0B096D9F596A17B56363CA4.jpg,,,2025-11-12T23:59:59Z,PROSPECTUS,17,3,,,,,
24810,8714100289983,440.0,Magnum,"Gelado pint amêndoas, embalagem de 440 ml",,3.99,9.07,440,L,€/L,,Tipo de stockagem,https://driveimg1.intermarche.com/pt/Content/images/boitmal/produit/zoom/3A13A62312A4E6B689883F50A6265AFD.jpg,https://driveimg1.intermarche.com/pt/Content/images/boitmal/produit/zoom/CAF47DA081A9FA3D88EC863A18BD3DDE.jpg,https://driveimg1.intermarche.com/pt/Content/images/boitmal/produit/zoom/CAF47DA081A9FA3D88EC863A18BD3DDE.jpg,2025-11-12T23:59:59Z,PROSPECTUS,17,3,,,,,
2520,7613033822827,250.0,Nestum,"Cereais mel com cereais integrais, embalagem de 250g",,2.24,8.96,0,kg,€/Kg,,,https://driveimg1.intermarche.com/pt/Content/images/boitmal/produit/zoom/50987E91B590C03F84755178E67E5C7E.jpg,,,2025-11-12T23:59:59Z,PROSPECTUS,17,3,,,,,
25861,5603722509759,800.0,Mimosa,"Leite com chocolate, embalagem de 4 x 200 ml",,1.6,2.0,800,L,€/L,,,https://driveimg1.intermarche.com/pt/Content/images/boitmal/produit/zoom/4FE9754297F54084EBC31D72FBB55E4F.jpg,,,2025-11-12T23:59:59Z,PROSPECTUS,17,3,,,,,
27374,5604260282494,420.0,PorSi,Chouriço com Feijão 420g,,2.29,5.45,0,kg,€/Kg,,,https://driveimg1.intermarche.com/pt/Content/images/boitmal/produit/zoom/3AC459F03DDB54EB14C623907CB3D91B.jpg,,,2025-11-12T23:59:59Z,PROSPECTUS,17,3,,,,,
29717,5604260246328,1000.0,Porsi Vivabem,Bebida de Soja Sabor Baunilha 1l,,0.94,0.94,1000,L,€/L,,,https://driveimg1.intermarche.com/pt/Content/images/boitmal/produit/zoom/E894C778C537C2728FC25CE8A311F2EA.jpg,,,2025-11-19T23:59:59Z,PROSPECTUS,17,3,,,,,
30980,4008400203829,150.0,Kinder,"12 barritas, embalagem de 150g",,2.49,16.6,0,kg,€/Kg,,,https://driveimg1.intermarche.com/pt/Content/images/boitmal/produit/zoom/0965EEED30742FD685D2314F43CC3790.jpg,,,2025-11-12T23:59:59Z,PROSPECTUS,17,3,,,,,
33993,5604260283439,500.0,PorSi,Iogurte Pedaços Morango 4x125g,,1.19,2.38,0,kg,€/Kg,,,https://driveimg1.intermarche.com/pt/Content/images/boitmal/produit/zoom/C604331C06B6C60179020E9AEB8EC859.jpg,,,2025-11-19T23:59:59Z,PROSPECTUS,17,3,,,,,
3539,2894220000000,100.0,Elpozo,Presunto Bodega,"Vendido ao peso, fatiado a partir de 100 g",2.4,23.99,0,,€/Kg,,,https://driveimg1.intermarche.com/pt/Content/images/boitmal/produit/zoom/B08B3C208782FD0824215A2662A05581.jpg,,,2025-11-12T23:59:59Z,PROSPECTUS,17,3,,,,,
35483,8410436343435,500.0,Sonasol,Spray desengordurante,Embalagem de 500 ml,1.99,3.98,500,L,€/L,,,https://driveimg1.intermarche.com/pt/Content/images/boitmal/produit/zoom/47473DD6CCCCC8BCBCC650E05B76EF50.jpg,,,2025-11-12T23:59:59Z,PROSPECTUS,17,3,,,,,
35542,7613036867405,,Nescafé,"Café em cápsulas dolce gusto ristreto intenso, embalagem de 210g",,10.99,10.99,30,,€/Unidade,,,https://driveimg1.intermarche.com/pt/Content/images/boitmal/produit/zoom/FC99456EA03268527FE0EC549A21D081.jpg,,,2025-11-12T23:59:59Z,PROSPECTUS,17,3,,,,,
36170,5604260295654,1000.0,PorSi,Batata pré-frita palito,Embalagem de 1 kg,1.85,1.85,0,kg,€/Kg,,Tipo de stockagem,https://driveimg1.intermarche.com/pt/Content/images/boitmal/produit/zoom/3CCF0DFFCA76AEE7F401DF2681D9A02B.jpg,,,2025-11-12T23:59:59Z,PROSPECTUS,17,3,,,,,
36729,5604260296804,480.0,PorSi,Pêssego Metades em Calda 840g,,1.99,4.15,0,kg,€/Kg,,,https://driveimg1.intermarche.com/pt/Content/images/boitmal/produit/zoom/6B402AC3951DE97E3A72B10B1D0F88FE.jpg,,,2025-11-19T23:59:59Z,PROSPECTUS,17,3,,,,,
36974,5601164204232,1980.0,Super Bock,"Cerveja 0.0%, pack de 6 x 0.33 l",,4.49,2.27,1980,L,€/L,,,https://driveimg1.intermarche.com/pt/Content/images/boitmal/produit/zoom/51EE83301941A006E8A100C347CAA322.jpg,,,2025-11-12T23:59:59Z,PROSPECTUS,17,3,,,,,
37768,5604260296514,400.0,Monique Ranou,Lasanha Bolonhesa 400g,,2.49,6.23,0,kg,€/Kg,,,https://driveimg1.intermarche.com/pt/Content/images/boitmal/produit/zoom/EAED8EAC3E3C589BFC55B562CBB15A69.jpg,,,2025-11-12T23:59:59Z,PROSPECTUS,17,3,,,,,
37812,5604260301065,,PorSi,Fraldas Premium T3 4-10 kg - 60 Unidades,,7.99,7.99,0,,€/Unidade,,,https://driveimg1.intermarche.com/pt/Content/images/boitmal/produit/zoom/4EAC10020B9224D6442ABE842B034538.jpg,,,2025-11-19T23:59:59Z,PROSPECTUS,17,3,,,,,
37814,5604260301089,,PorSi,Fraldas Premium T5 13-18 kg - 42 Unidades,,7.99,7.99,0,,€/Unidade,,,https://driveimg1.intermarche.com/pt/Content/images/boitmal/produit/zoom/C13EDAEA790705BF6C3FF3D6193E73D1.jpg,,,2025-11-19T23:59:59Z,PROSPECTUS,17,3,,,,,
392,8712566173860,68.0,Knorr,"Canja com aletria, embalagem de 70g",,1.69,24.85,0,kg,€/Kg,,,https://driveimg1.intermarche.com/pt/Content/images/boitmal/produit/zoom/0FDE190C3180267DE92D355FE905E718.jpg,,,2025-11-12T23:59:59Z,PROSPECTUS,17,3,,,,,
40493,5604260296125,,PorSi,30 Saco Lixo Wc 5 Lts,,0.86,0.86,0,,€/Unidade,,,https://driveimg1.intermarche.com/pt/Content/images/boitmal/produit/zoom/71190204B6BA7B59B49CD014C9D15AF9.jpg,,,2025-11-19T23:59:59Z,PROSPECTUS,17,3,,,,,
40494,5604260296132,,PorSi,10 Saco Lixo Jardim 130lts,,3.05,3.05,0,,€/Unidade,,,https://driveimg1.intermarche.com/pt/Content/images/boitmal/produit/zoom/B6FAA02494C4B630F7C51B00EF7AD9DD.jpg,,,2025-11-19T23:59:59Z,PROSPECTUS,17,3,,,,,
40545,5604260302055,1000.0,PorSi,Néctar Maracujá/maçã/manga 1l,,1.09,1.09,1000,L,€/L,,,https://driveimg1.intermarche.com/pt/Content/images/boitmal/produit/zoom/52605F595177DD9CC3CCB277C3B240E3.jpg,,,2025-11-19T23:59:59Z,PROSPECTUS,17,3,,,,,
40558,5604260301164,220.0,PorSi,Suisse Croc Morango 2x110g,,1.49,6.77,0,kg,€/Kg,,,https://driveimg1.intermarche.com/pt/Content/images/boitmal/produit/zoom/AA181D6FCE0CA0A44C9A0F2F8A8253EE.jpg,,,2025-11-19T23:59:59Z,PROSPECTUS,17,3,,,,,
40592,5603722519420,480.0,Mimosa,"Iogurte fruta batida banana, laranja e bolacha, 4 x 120 g",,1.69,3.52,0,kg,€/Kg,,,https://driveimg1.intermarche.com/pt/Content/images/boitmal/produit/zoom/3DD4F4ED13036BE4F0A8D47DB404A192.jpg,,,2025-11-12T23:59:59Z,PROSPECTUS,17,3,,,,,
40664,5604260297009,100.0,PorSi,Mini Tostas Superfinas 100g,,1.29,12.9,0,kg,€/Kg,,,https://driveimg1.intermarche.com/pt/Content/images/boitmal/produit/zoom/2B412EFB725A4E329E1F4B17B9E77804.jpg,,,2025-11-19T23:59:59Z,PROSPECTUS,17,3,,,,,
40762,2708171000000,500.0,PorSi,Peito peito de peru Programa Origens,Vendido ao peso,4.5,8.99,0,,€/Kg,,,https://driveimg1.intermarche.com/pt/Content/images/boitmal/produit/zoom/F2AD7457F8CE5F13213ABC677BCBD106.jpg,,,2025-11-19T23:59:59Z,PROSPECTUS,17,3,,,,,
40848,5604260296118,,PorSi,15 Saco Lixo Resistente 50 Lts,,1.97,1.97,0,,€/Unidade,,,https://driveimg1.intermarche.com/pt/Content/images/boitmal/produit/zoom/53339BC26922912810A74230DB210BFC.jpg,,,2025-11-19T23:59:59Z,PROSPECTUS,17,3,,,,,
40969,5601151972557,1000.0,Frize,"Água com gás sabor a maracujá, pack 4x 0,25l",,2.09,2.09,1000,L,€/L,,,https://driveimg1.intermarche.com/pt/Content/images/boitmal/produit/zoom/AF6318AC77392E694BAA2AC34B4CAA04.jpg,,,2025-11-12T23:59:59Z,PROSPECTUS,17,3,,,,,
40974,8711327407121,2000.0,Lipton,Ice tea de limão zero açúcar garrafa 2 l,,3.19,1.6,2000,L,€/L,,,https://driveimg1.intermarche.com/pt/Content/images/boitmal/produit/zoom/01B1D0B046262E5013625D98284F67D4.jpg,,,2025-11-12T23:59:59Z,PROSPECTUS,17,3,,,,,
41001,5604260304790,540.0,PorSi,Crepe de Ovo 6x90g,,3.99,7.39,0,kg,€/Kg,,Tipo de stockagem,https://driveimg1.intermarche.com/pt/Content/images/boitmal/produit/zoom/862ECC5A8276C5C0FF6CC69DBD25A5CE.jpg,,,2025-11-19T23:59:59Z,PROSPECTUS,17,3,,,,,
41029,5604260304806,540.0,PorSi,Crepe Maçã e Canela 6x90g,,3.99,7.39,0,kg,€/Kg,,Tipo de stockagem,https://driveimg1.intermarche.com/pt/Content/images/boitmal/produit/zoom/A59665528121924F573A07898AFFB57F.jpg,,,2025-11-19T23:59:59Z,PROSPECTUS,17,3,,,,,
41138,5604260303199,170.0,PorSi,Batatas Fritas Onduladas com Sabor a Ketchup 170g,,1.29,7.59,0,kg,€/Kg,,,https://driveimg1.intermarche.com/pt/Content/images/boitmal/produit/zoom/BF85983DE9C11CE6295F4F4113FD56C5.jpg,,,2025-11-19T23:59:59Z,PROSPECTUS,17,3,,,,,
41139,5604260303878,150.0,PorSi,Batatas Fritas Onduladas Sabor a Ovo Frito com Presunto 150g,,1.39,9.27,0,kg,€/Kg,,,https://driveimg1.intermarche.com/pt/Content/images/boitmal/produit/zoom/B8DBC6D402B223D1F1B9908A5EC78518.jpg,,,2025-11-19T23:59:59Z,PROSPECTUS,17,3,,,,,
41196,5604260306787,150.0,Porsi Vivabem,Queijo Flamengo sem Lactose Fatiado 150g,,1.48,9.87,0,kg,€/Kg,,,https://driveimg1.intermarche.com/pt/Content/images/boitmal/produit/zoom/5EDE0CA50E72019389F5E1CBEB0033AA.jpg,,,2025-11-19T23:59:59Z,PROSPECTUS,17,3,,,,,
41776,5604260307562,320.0,PorSi,Petit Gâteau de Chocolate Negro 4x80g,,3.55,11.09,0,kg,€/Kg,,Tipo de stockagem,https://driveimg1.intermarche.com/pt/Content/images/boitmal/produit/zoom/6DA36F4EEAB687AF40C41897BB20004D.jpg,,,2025-11-19T23:59:59Z,PROSPECTUS,17,3,,,,,
42644,5604260303571,1500.0,PorSi,Areia para Gato Silica Gel 1.5kg,,3.49,2.33,0,kg,€/Kg,,,https://driveimg1.intermarche.com/pt/Content/images/boitmal/produit/zoom/ADE2416B5C97F8F9901691182F640EC1.jpg,,,2025-11-19T23:59:59Z,PROSPECTUS,17,3,,,,,
42837,5604260301645,800.0,PorSi,Mariscada 800g,,5.39,6.74,0,kg,€/Kg,,Tipo de stockagem,https://driveimg1.intermarche.com/pt/Content/images/boitmal/produit/zoom/89E86F34301A6FAB07ACAA44ED0B3DC4.jpg,https://driveimg1.intermarche.com/pt/Content/images/boitmal/produit/zoom/3AF80338884737A4D61D15EE7B350FE6.jpg,https://driveimg1.intermarche.com/pt/Content/images/boitmal/produit/zoom/3AF80338884737A4D61D15EE7B350FE6.jpg,2025-11-19T23:59:59Z,PROSPECTUS,17,3,https://driveimg1.intermarche.com/pt/Content/images/boitmal/produit/zoom/3AF80338884737A4D61D15EE7B350FE6.jpg,https://driveimg1.intermarche.com/pt/Content/images/boitmal/produit/zoom/3AF80338884737A4D61D15EE7B350FE6.jpg,https://driveimg1.intermarche.com/pt/Content/images/boitmal/produit/zoom/3AF80338884737A4D61D15EE7B350FE6.jpg,,
43011,5604260307210,300.0,PorSi,Alimento Humido Cão Peru 300g,Embalagem de 300 g,0.75,2.5,0,kg,€/Kg,,,https://driveimg1.intermarche.com/pt/Content/images/boitmal/produit/zoom/AE75F326B51996BD6ABA74276377C9ED.jpg,https://driveimg1.intermarche.com/pt/Content/images/boitmal/produit/zoom/A5C82BE522F15BBA14EEE2D9C8DA8265.jpg,https://driveimg1.intermarche.com/pt/Content/images/boitmal/produit/zoom/A5C82BE522F15BBA14EEE2D9C8DA8265.jpg,2025-11-12T23:59:59Z,PROSPECTUS,17,3,https://driveimg1.intermarche.com/pt/Content/images/boitmal/produit/zoom/A5C82BE522F15BBA14EEE2D9C8DA8265.jpg,https://driveimg1.intermarche.com/pt/Content/images/boitmal/produit/zoom/A5C82BE522F15BBA14EEE2D9C8DA8265.jpg,https://driveimg1.intermarche.com/pt/Content/images/boitmal/produit/zoom/A5C82BE522F15BBA14EEE2D9C8DA8265.jpg,https://driveimg1.intermarche.com/pt/Content/images/boitmal/produit/zoom/A5C82BE522F15BBA14EEE2D9C8DA8265.jpg,
43335,5604260309023,150.0,PorSi Select,Presunto 12 Meses de Cura Fatiado 150g,,2.99,19.93,0,kg,€/Kg,,,https://driveimg1.intermarche.com/pt/Content/images/boitmal/produit/zoom/13A8C5BB3E295978FBA7F7AF1315C7F7.jpg,,,2025-11-19T23:59:59Z,PROSPECTUS,17,3,,,,,
43878,2773120000000,400.0,PorSi,"Strogonoff de Frango, embalagem de 400g (aprox.)",,3.4,8.49,0,,€/Kg,,,https://driveimg1.intermarche.com/pt/Content/images/boitmal/produit/zoom/B0564C72162089A88CD1254AA02E059D.jpg,,,2025-11-12T23:59:59Z,PROSPECTUS,17,3,,,,,
44240,8410500010539,1200.0,Danone,"Iogurte líquido de morango kids, pack 12 x 100 g",,4.99,4.16,0,kg,€/Kg,,,https://driveimg1.intermarche.com/pt/Content/images/boitmal/produit/zoom/675F0D6784FF916C81A6BE90AA600C99.jpg,,,2025-11-12T23:59:59Z,PROSPECTUS,17,3,,,,,
45700,5604260314249,680.0,PorSi,Detergente Máquina Loica Td1 Limao 40p,,4.59,6.75,0,kg,€/Kg,,,https://driveimg1.intermarche.com/pt/Content/images/boitmal/produit/zoom/E2AF666FA080D39884D54C761B4D071C.jpg,,,2025-11-19T23:59:59Z,PROSPECTUS,17,3,,,,,
46352,5604260315178,600.0,PorSi,Iogurte Líquido Infantil Morango 6x100g,,1.09,1.82,0,kg,€/Kg,,,https://driveimg1.intermarche.com/pt/Content/images/boitmal/produit/zoom/C930411C42FFDB4DA77093EFBEF21604.jpg,,,2025-11-19T23:59:59Z,PROSPECTUS,17,3,,,,,
47021,5604260318322,150.0,Porsi Vivabem,Iogurte Skyr Morango 0%mg 150g,,0.69,4.6,0,kg,€/Kg,,,https://driveimg1.intermarche.com/pt/Content/images/boitmal/produit/zoom/5F4704B37D6E5E95C793AAE9EABCA60D.jpg,,,2025-11-19T23:59:59Z,PROSPECTUS,17,3,,,,,
47657,5600356070006,700.0,Super Pop,"Detergente loiça tripla ação maçã, 700 ml",,2.99,4.27,700,L,€/L,,,https://driveimg1.intermarche.com/pt/Content/images/boitmal/produit/zoom/225ACC9F82588EB810572EC1677D5B22.jpg,,,2025-11-12T23:59:59Z,PROSPECTUS,17,3,,,,,
47807,5604260316724,250.0,Porsi Select - Programa Origens,Secretos de Porco Preto do Alentejo 250 G,,3.99,15.96,0,kg,€/Kg,,,https://driveimg1.intermarche.com/pt/Content/images/boitmal/produit/zoom/A1188505A5921D717B8B546770374A47.jpg,,,2025-11-19T23:59:59Z,PROSPECTUS,17,3,,,,,
48070,5604260320813,,PorSi,Pensos Higiénicos Ultrafinos Normal com Abas - 28 Unidades,,1.79,1.79,0,,€/Unidade,,,https://driveimg1.intermarche.com/pt/Content/images/boitmal/produit/zoom/0DFFDFEEB2AC2E065EADDE282CDFEEC2.jpg,,,2025-11-19T23:59:59Z,PROSPECTUS,17,3,,,,,
48073,5604260320844,,PorSi,Pensos Higiénicos Ultrafinos Super com Abas - 12 Unidades,,1.03,1.03,0,,€/Unidade,,,https://driveimg1.intermarche.com/pt/Content/images/boitmal/produit/zoom/F8F160F853B4301369D2348F44D1EACA.jpg,,,2025-11-19T23:59:59Z,PROSPECTUS,17,3,,,,,
48137,5604260323319,2000.0,PorSi,Amaciador Roupa Concentrado Talco 80d,,1.65,0.83,2000,L,€/L,,,https://driveimg1.intermarche.com/pt/Content/images/boitmal/produit/zoom/19A86120D5B46985AF96636938E62EA9.jpg,,,2025-11-19T23:59:59Z,PROSPECTUS,17,3,,,,,
48210,5604260323111,4300.0,PorSi,Detergente Máquina Sabão Natural 86d,,6.19,1.44,4300,L,€/L,,,https://driveimg1.intermarche.com/pt/Content/images/boitmal/produit/zoom/76EACB4A59BF656D1FBA0DCA4A1D2D29.jpg,,,2025-11-19T23:59:59Z,PROSPECTUS,17,3,,,,,
48773,2743226000000,200.0,PorSi,"Entremeadas de Porco Fatiadas Finíssimas, embalagem de 200g (aprox.)",,1.6,7.98,0,,€/Kg,,,https://driveimg1.intermarche.com/pt/Content/images/boitmal/produit/zoom/1144763FCA0503CD11AE70EE0C1533AE.jpg,,,2025-11-19T23:59:59Z,PROSPECTUS,17,3,,,,,
48904,5604260321766,,PorSi,Porsi - Sacos Lixo Ff Limão 550x600 30 Lt 20 Un,,1.07,1.07,0,,€/Unidade,,,https://driveimg1.intermarche.com/pt/Content/images/boitmal/produit/zoom/303B1F388FE60632D971E44E3C03A77A.jpg,https://driveimg1.intermarche.com/pt/Content/images/boitmal/produit/zoom/AD42FD8771DE307AF3C162A41EB06D96.jpg,https://driveimg1.intermarche.com/pt/Content/images/boitmal/produit/zoom/AD42FD8771DE307AF3C162A41EB06D96.jpg,2025-11-19T23:59:59Z,PROSPECTUS,17,3,https://driveimg1.intermarche.com/pt/Content/images/boitmal/produit/zoom/AD42FD8771DE307AF3C162A41EB06D96.jpg,https://driveimg1.intermarche.com/pt/Content/images/boitmal/produit/zoom/AD42FD8771DE307AF3C162A41EB06D96.jpg,https://driveimg1.intermarche.com/pt/Content/images/boitmal/produit/zoom/AD42FD8771DE307AF3C162A41EB06D96.jpg,,
49221,5604260322602,90.0,PorSi,Puré de Fruta Maçã Banana Laranja 90g,,0.67,7.44,0,kg,€/Kg,,,https://driveimg1.intermarche.com/pt/Content/images/boitmal/produit/zoom/3EA2B765FDE0704D86E3A5E9BB105514.jpg,,,2025-11-12T23:59:59Z,PROSPECTUS,17,3,,,,,
49222,5604260322619,90.0,PorSi,Puré de Fruta Pêssego Maçã Banana 90g,,0.67,7.44,0,kg,€/Kg,,,https://driveimg1.intermarche.com/pt/Content/images/boitmal/produit/zoom/78C05D62DAF9544E31797E05A695FD1B.jpg,,,2025-11-12T23:59:59Z,PROSPECTUS,17,3,,,,,
49504,5604260322626,90.0,PorSi,Puré de Fruta Pera 90g,,0.67,7.44,0,kg,€/Kg,,,https://driveimg1.intermarche.com/pt/Content/images/boitmal/produit/zoom/EF34005718301CA3FAF65368F399B814.jpg,,,2025-11-12T23:59:59Z,PROSPECTUS,17,3,,,,,
5093,5601050033755,620.0,Danone,"Iogurte activia líquido 0% morango/kiwi, embalagem de 4 x 155 g",,1.99,3.21,0,kg,€/Kg,,,https://driveimg1.intermarche.com/pt/Content/images/boitmal/produit/zoom/29B41AE598716D0550D815AA0FE86025.jpg,,,2025-11-12T23:59:59Z,PROSPECTUS,17,3,,,,,
51678,5604260323395,,PorSi,Tapetes Educativos Animais 60x60 Cm 20 Uni,,5.99,5.99,0,,€/Unidade,,,https://driveimg1.intermarche.com/pt/Content/images/boitmal/produit/zoom/6ACEFB07359CB5B1F19AD9E1B95A21D9.jpg,,,2025-11-19T23:59:59Z,PROSPECTUS,17,3,,,,,
51896,8719200253377,400.0,Planta,"Creme vegetal para barrar original, 400g",,2.54,6.35,0,kg,€/Kg,,,https://driveimg1.intermarche.com/pt/Content/images/boitmal/produit/zoom/0265DFAAA6CC23B5D28B5523E860ECEF.jpg,,,2025-11-12T23:59:59Z,PROSPECTUS,17,3,,,,,
52363,5604260330492,300.0,PorSi,Pão Maxi Hamburguer 300 G,,1.35,4.5,0,kg,€/Kg,,,https://driveimg1.intermarche.com/pt/Content/images/boitmal/produit/zoom/DD0C4CABD134282643BF1726C7AAD5D6.jpg,,,2025-11-19T23:59:59Z,PROSPECTUS,17,3,,,,,
52765,5604260331154,350.0,Porsi Vivabem,Bebida Láctea Proteica Chocolate 350g/ 330ml,,1.25,3.57,0,kg,€/Kg,,,https://driveimg1.intermarche.com/pt/Content/images/boitmal/produit/zoom/1C471BF63768607271959BB4C58D5BB7.jpg,,,2025-11-19T23:59:59Z,PROSPECTUS,17,3,,,,,
52788,5900020043832,80.0,Nestlé,"Barras de Cereais Protein Fitness 0% Cacau, 80g",,1.79,22.38,0,kg,€/Kg,,,https://driveimg1.intermarche.com/pt/Content/images/boitmal/produit/zoom/7E4A3C5552FC27CE6A83D366162140DD.jpg,,,2025-11-12T23:59:59Z,PROSPECTUS,17,3,,,,,
52881,8719200267190,450.0,Becel,"Creme vegetal para barrar original, 450g",,3.56,7.91,0,kg,€/Kg,,,https://driveimg1.intermarche.com/pt/Content/images/boitmal/produit/zoom/7D8CFDDFB89CBA606F61A06158439D60.jpg,https://driveimg1.intermarche.com/pt/Content/images/boitmal/produit/zoom/D67292663C5C1617E51BCDF904BF56A4.jpg,https://driveimg1.intermarche.com/pt/Content/images/boitmal/produit/zoom/D67292663C5C1617E51BCDF904BF56A4.jpg,2025-11-12T23:59:59Z,PROSPECTUS,17,3,,,,,
53050,8445290554468,28.0,Nestlé,"Snack Para Bebé Puffs Milho, 28g",,1.04,37.14,0,kg,€/Kg,,,https://driveimg1.intermarche.com/pt/Content/images/boitmal/produit/zoom/B311B1AFD7EA9708AD65723EF9E33A76.jpg,,,2025-11-12T23:59:59Z,PROSPECTUS,17,3,,,,,
53258,8445290554499,28.0,Nestlé,"Snack Para Bebé Morango e Banana, 28g",,1.04,37.14,0,kg,€/Kg,,,https://driveimg1.intermarche.com/pt/Content/images/boitmal/produit/zoom/6892F063E24374E65ABAEF0E93A198F3.jpg,,,2025-11-12T23:59:59Z,PROSPECTUS,17,3,,,,,
54361,8410104915186,,Finish,"Detergente Loiça Máquina Quantum Limão, 28 Pastilhas",,5.99,5.99,0,,€/Unidade,,,https://driveimg1.intermarche.com/pt/Content/images/boitmal/produit/zoom/AF6445EE2B2537230E8784866A377CB3.jpg,,,2025-11-12T23:59:59Z,PROSPECTUS,17,3,,,,,
54450,8720181449185,400.0,Tresemmé,"Condicionador rich moisture, 400ml",,3.79,9.48,400,L,€/L,,,https://driveimg1.intermarche.com/pt/Content/images/boitmal/produit/zoom/FEF0C5A9329BAAA82759E31E8542AFE0.jpg,,,2025-11-12T23:59:59Z,PROSPECTUS,17,3,,,,,
54538,8006540763582,,Fairy,"Detergente Máquina Loiça Pastilhas Original Tudo em 1 Limão, 71D",,12.99,12.99,0,,€/Unidade,,,https://driveimg1.intermarche.com/pt/Content/images/boitmal/produit/zoom/937EB01E1BF93392425BD6CC2ABF2650.jpg,,,2025-11-12T23:59:59Z,PROSPECTUS,17,3,,,,,
54561,5604260332861,200.0,Labell,Desodorizante Romã 200ml,,1.39,6.95,200,L,€/L,,,https://driveimg1.intermarche.com/pt/Content/images/boitmal/produit/zoom/ACC69522B1BFD3F209DBE62326B0EFA2.jpg,,,2025-11-19T23:59:59Z,PROSPECTUS,17,3,,,,,
54573,5604260331925,300.0,Labell,Condicionador Reparaçao e Nutriçao,,1.89,6.3,300,L,€/L,,,https://driveimg1.intermarche.com/pt/Content/images/boitmal/produit/zoom/1847B0E6E951AF50821A4FAC1D9DBFC1.jpg,,,2025-11-12T23:59:59Z,PROSPECTUS,17,3,,,,,
54578,5604260332847,200.0,Labell Men,Deo Antitranspirante Invisible 200ml,,1.39,6.95,200,L,€/L,,,https://driveimg1.intermarche.com/pt/Content/images/boitmal/produit/zoom/9F97A1D9614F72330708B76934B0733F.jpg,,,2025-11-19T23:59:59Z,PROSPECTUS,17,3,,,,,
54632,5603722523045,1000.0,Gresso,"Leite UHT Meio Gordo, 1L",,0.87,0.87,1000,L,€/L,,,https://driveimg1.intermarche.com/pt/Content/images/boitmal/produit/zoom/ECF816693AC2579C9FB595FD8ABD96D7.jpg,,,2025-11-12T23:59:59Z,PROSPECTUS,17,3,,,,,
54633,5603722523052,1000.0,Gresso,"Leite Uht Magro, 1L",,0.87,0.87,1000,L,€/L,,,https://driveimg1.intermarche.com/pt/Content/images/boitmal/produit/zoom/62FAA0AA671FC5B53B3DDBACCC92B900.jpg,,,2025-11-12T23:59:59Z,PROSPECTUS,17,3,,,,,
54669,5000116128754,200.0,Iglo,"Cordon bleu, 200g",,3.99,19.95,0,kg,€/Kg,,Tipo de stockagem,https://driveimg1.intermarche.com/pt/Content/images/boitmal/produit/zoom/9A94E635EDF0DAF7EF8F166E06599C57.jpg,,,2025-11-12T23:59:59Z,PROSPECTUS,17,3,,,,,
54749,5601146130313,1500.0,Bandida,"Sidra de maçã, 6 x 0.25l",,4.49,2.99,1500,L,€/L,,,https://driveimg1.intermarche.com/pt/Content/images/boitmal/produit/zoom/9A4F462B2CE894E70ECB5BC4805605E8.jpg,,,2025-11-12T23:59:59Z,PROSPECTUS,17,3,,,,,
54751,5601146030477,1000.0,Bandida,"Sidra de macã, 1l",,2.49,2.49,1000,L,€/L,,,https://driveimg1.intermarche.com/pt/Content/images/boitmal/produit/zoom/C3ED01E9D239AF9D81ACF3E9F61F1E62.jpg,,,2025-11-12T23:59:59Z,PROSPECTUS,17,3,,,,,
54798,5603722521560,604.0,Mimosa,"Iogurte liquido frutos tropicais, 4 x 151 ml",,1.39,2.3,604,L,€/L,,,https://driveimg1.intermarche.com/pt/Content/images/boitmal/produit/zoom/49B490BBEC557A29CF9B663AE694D2B4.jpg,,,2025-11-12T23:59:59Z,PROSPECTUS,17,3,,,,,
55246,8410063095219,1000.0,Pescanova,"Filetes de Pescada Panados sem Glúten, 1kg",,7.89,7.89,0,kg,€/Kg,,Tipo de stockagem,https://driveimg1.intermarche.com/pt/Content/images/boitmal/produit/zoom/A5655C95B01DFE4827D4B19FBAEEAA93.jpg,,,2025-11-12T23:59:59Z,PROSPECTUS,17,3,,,,,
55328,8720182836106,750.0,Cif,"Creme de Limpeza Spray, 750ml",,2.69,3.59,750,L,€/L,,,https://driveimg1.intermarche.com/pt/Content/images/boitmal/produit/zoom/D3E89D1C02764A2E04E66268152BA945.jpg,,,2025-11-12T23:59:59Z,PROSPECTUS,17,3,,,,,
55526,8436048965520,120.0,Artiach,"Bolachas Filipinos Chocolate Branco, 120g",,1.49,12.42,0,kg,€/Kg,,,https://driveimg1.intermarche.com/pt/Content/images/boitmal/produit/zoom/35327E82E374714AC1B41A1D1D6B708F.jpg,,,2025-11-12T23:59:59Z,PROSPECTUS,17,3,,,,,
56204,5604260333189,140.0,PorSi,Milho Doce em Grão 3x140g,,1.99,14.21,0,kg,€/Kg,,,https://driveimg1.intermarche.com/pt/Content/images/boitmal/produit/zoom/51333DC761FA9683B5D9D043E0686864.jpg,,,2025-11-19T23:59:59Z,PROSPECTUS,17,3,,,,,
56299,5604260327973,2000.0,PorSi,Azeite Virgem Extra 2l,,11.7,5.85,2000,L,€/L,,,https://driveimg1.intermarche.com/pt/Content/images/boitmal/produit/zoom/960B488E1819EDECFB6A243E3EB463FB.jpg,,,2025-11-19T23:59:59Z,PROSPECTUS,17,3,,,,,
56357,5604260334827,1500.0,PorSi,"Água c/Gás Limão 6x0,25l",,2.69,1.79,1500,L,€/L,,,https://driveimg1.intermarche.com/pt/Content/images/boitmal/produit/zoom/24C3C9D8FC6D0C241C6D3C64D0B9FADA.jpg,,,2025-11-19T23:59:59Z,PROSPECTUS,17,3,,,,,
56408,5604260333646,750.0,Labell,Gel de Banho Argão e Monoi 750 ml,,1.59,2.12,750,L,€/L,,,https://driveimg1.intermarche.com/pt/Content/images/boitmal/produit/zoom/E1665558DCCB96C4C8680811C02ED4E0.jpg,,,2025-11-12T23:59:59Z,PROSPECTUS,17,3,,,,,
56517,5604260333080,4.0,Porsi Programa Origens,4 Codornizes Frescas,,4.99,1247.5,0,kg,€/Kg,,,https://driveimg1.intermarche.com/pt/Content/images/boitmal/produit/zoom/42FEB69ADAD0F15683E34BB43B23C013.jpg,,,2025-11-19T23:59:59Z,PROSPECTUS,17,3,,,,,
56542,5604260334674,125.0,Labell,Pasta de Dentes Proteçao Contra As Caries 125 ml,,1.19,9.52,125,L,€/L,,,https://driveimg1.intermarche.com/pt/Content/images/boitmal/produit/zoom/EFFC4A554B5F837EFBD12A16AFA7BD8C.jpg,,,2025-11-19T23:59:59Z,PROSPECTUS,17,3,,,,,
695,3250390831464,170.0,Bouton d' Or,Snack batata original,Embalagem de 170 g,1.99,11.71,0,kg,€/Kg,,,https://driveimg1.intermarche.com/pt/Content/images/boitmal/produit/zoom/30BB43DAB33E5A16CBD15573527DDC49.jpg,,,2025-11-19T23:59:59Z,PROSPECTUS,17,3,,,,,
7043,2894074000000,150.0,Campofrio,Peito de peru forno lenha,1 un = 150 gr (aprox.),2.55,16.99,0,,€/Kg,,,https://driveimg1.intermarche.com/pt/Content/images/boitmal/produit/zoom/EF3CEFEECAD2391EED6F65839052F87D.jpg,,,2025-11-12T23:59:59Z,PROSPECTUS,17,3,,,,,
8434,5601050033731,620.0,Danone,"Iogurte activia líquido 0% lima/limão, embalagem de 4 x 155g",,1.99,3.21,0,kg,€/Kg,,,https://driveimg1.intermarche.com/pt/Content/images/boitmal/produit/zoom/B41EA750EA9360556362913E488E9E4D.jpg,,,2025-11-12T23:59:59Z,PROSPECTUS,17,3,,,,,
8435,5601050033953,620.0,Danone,"Iogurte activia líquido 0% de pêssego/maracujá, embalagem de 4 x 155g",,1.99,3.21,0,kg,€/Kg,,,https://driveimg1.intermarche.com/pt/Content/images/boitmal/produit/zoom/8F87711D2EAC77ED611C3C3EAE26545D.jpg,,,2025-11-12T23:59:59Z,PROSPECTUS,17,3,,,,,
8537,5601119957206,120.0,Campofrio,"Peito frango forno lenha fatias clássicas, embalagem de 120g",,2.39,19.92,0,kg,€/Kg,,,https://driveimg1.intermarche.com/pt/Content/images/boitmal/produit/zoom/A5EDB423B7786C27645C35469FF56E84.jpg,,,2025-11-12T23:59:59Z,PROSPECTUS,17,4,,,,,
9294,5603722494215,1000.0,Mimosa,"Bebida láctea especial crescimento 1 a 3 anos, de 1l",,1.79,1.79,1000,L,€/L,,,https://driveimg1.intermarche.com/pt/Content/images/boitmal/produit/zoom/E8EAAB44B3166FE020B43F64B725D8EB.jpg,https://driveimg1.intermarche.com/pt/Content/images/boitmal/produit/zoom/B8D0BEE13E0FA7481A224732CB88CE29.jpg,https://driveimg1.intermarche.com/pt/Content/images/boitmal/produit/zoom/CF47B7EE63F34663DCC396F54F91507B.jpg,2025-11-12T23:59:59Z,PROSPECTUS,17,4,,,,,
9692,5604260270644,1000.0,Monique Ranou,Lasanha Bolonhesa 1k,,4.49,4.49,0,kg,€/Kg,,,https://driveimg1.intermarche.com/pt/Content/images/boitmal/produit/zoom/595A20D8C881F56034BBF0051C161610.jpg,,,2025-11-19T23:59:59Z,PROSPECTUS,17,4,,,,,
978,5601024134136,750.0,Oliveira da Serra,Azeite,Embalagem de 750 ml,3.99,5.32,750,L,€/L,,,https://driveimg1.intermarche.com/pt/Content/images/boitmal/produit/zoom/9CC9A85673AA0BF0B09481F106398AA6.jpg,,,2025-11-12T23:59:59Z,PROSPECTUS,17,4,,,,,
987,5601029001303,120.0,Pitéu,"Iguarias pota com alho, embalagem de 120g",,1.9,15.83,0,kg,€/Kg,,,https://driveimg1.intermarche.com/pt/Content/images/boitmal/produit/zoom/2F692BFC7D95B81EC69DDF741CECACCD.jpg,,,2025-11-12T23:59:59Z,PROSPECTUS,17,4,,,,,
10153,8410199002402,150.0,LayS,"Batata frita forno originais, embalagem de 150g",,1.49,9.93,0,kg,€/Kg,,,https://driveimg1.intermarche.com/pt/Content/images/boitmal/produit/zoom/86C3E77514816B61352453CDEA14189F.jpg,,,2025-11-12T23:59:59Z,PROSPECTUS,17,4,,,,,
10157,8410199007056,130.0,LayS,"Batata frita forno camponesas, embalagem de 130g",,1.49,11.46,0,kg,€/Kg,,,https://driveimg1.intermarche.com/pt/Content/images/boitmal/produit/zoom/5C8380EFFD1C6F13E27398E498BE2AE2.jpg,,,2025-11-12T23:59:59Z,PROSPECTUS,17,4,,,,,
10351,8411134103338,,Control,6 Preservativos Adapta Nature,,3.84,3.84,0,,€/Unidade,,,https://driveimg1.intermarche.com/pt/Content/images/boitmal/produit/zoom/48CE3E2F5F38469DD564602B7B9F53DF.jpg,https://driveimg1.intermarche.com/pt/Content/images/boitmal/produit/zoom/E904E0E3DEA92FC0A6E00A850118F1A2.jpg,,2025-11-12T23:59:59Z,PROSPECTUS,17,4,,,,,
10639,8712566395514,61.0,Knorr,"Sopa gourmet, cogumelos, embalagem de 60g",,2.24,36.72,0,kg,€/Kg,,,https://driveimg1.intermarche.com/pt/Content/images/boitmal/produit/zoom/37AB5E4154A122936DBF40F8E46CCD3D.jpg,,,2025-11-12T23:59:59Z,PROSPECTUS,17,4,,,,,
11496,5601049213991,200.0,Mimosa,"Nata uht, embalagem de 200 ml",,0.91,4.55,200,L,€/L,,,https://driveimg1.intermarche.com/pt/Content/images/boitmal/produit/zoom/8FC5ABCE23EB48F851FFE29C53BFA5D9.jpg,,,2025-11-12T23:59:59Z,PROSPECTUS,17,4,,,,,
11524,5601051420028,250.0,Primor,Manteiga sem sal,Embalagem de 250g,2.14,8.56,0,kg,€/Kg,,,https://driveimg1.intermarche.com/pt/Content/images/boitmal/produit/zoom/0C41B270FBA7B622E759FBA7E3B6B1CD.jpg,,,2025-11-12T23:59:59Z,PROSPECTUS,17,4,,,,,
11612,5601164824478,1980.0,Super Bock,"Cerveja sem álcool, preta, pack 6 x 0.33 l",,4.49,2.27,1980,L,€/L,,,https://driveimg1.intermarche.com/pt/Content/images/boitmal/produit/zoom/5C26E13A4E57323C65850675F100133E.jpg,,,2025-11-12T23:59:59Z,PROSPECTUS,17,4,,,,,
11749,5601385504852,,Polident,"Pasta de limpeza com oxigénio activo, 48 unidades",Uma embalagem,4.49,4.49,0,,€/Unidade,,,https://driveimg1.intermarche.com/pt/Content/images/boitmal/produit/zoom/AF13A44C2E9C454AC1F7532003898135.jpg,,,2025-11-12T23:59:59Z,PROSPECTUS,17,4,,,,,
12070,5604260246335,1000.0,Porsi Vivabem,Bebida de Soja Sabor Chocolate 1l,,0.94,0.94,1000,L,€/L,,,https://driveimg1.intermarche.com/pt/Content/images/boitmal/produit/zoom/6E5A8C1B2A856DA9E7A8855C518C120A.jpg,,,2025-11-19T23:59:59Z,PROSPECTUS,17,4,,,,,
12129,5604260269884,375.0,PorSi,Cereais Crusts 375g,,2.29,6.11,0,kg,€/Kg,,,https://driveimg1.intermarche.com/pt/Content/images/boitmal/produit/zoom/8C5082CC856C7C325F710EF622542992.jpg,,,2025-11-12T23:59:59Z,PROSPECTUS,17,4,,,,,
12379,8410285015354,250.0,Président,"Chantilly , embalagem de 250 g",,2.69,10.76,0,kg,€/Kg,,,https://driveimg1.intermarche.com/pt/Content/images/boitmal/produit/zoom/E0C73A85F9CF705E2D07E158861B3F39.jpg,,,2025-11-12T23:59:59Z,PROSPECTUS,17,4,,,,,
12732,3428274120014,1000.0,President,"Leite de cabra uht meio gordo, embalagem 1l",,2.33,2.33,1000,L,€/L,,,https://driveimg1.intermarche.com/pt/Content/images/boitmal/produit/zoom/064B1B9C8DA5F13A4C86F3DBB78B09E5.jpg,,,2025-11-12T23:59:59Z,PROSPECTUS,17,4,,,,,
13094,2893070000000,150.0,Peixaria,Carapau Médio Fresco,1 un = 150 gr (aprox.),0.51,3.39,0,,€/Kg,,,https://driveimg1.intermarche.com/pt/Content/images/boitmal/produit/zoom/9E2B2401113767EAD496436587CA5A46.jpg,,,2025-11-12T23:59:59Z,PROSPECTUS,17,4,,,,,
13585,2893580000000,250.0,Marisco,Gambão Congelado 20/30,Vendido a partir de 250 (aprox.),2.25,8.99,0,,€/Kg,,Avantages !,https://driveimg1.intermarche.com/pt/Content/images/boitmal/produit/zoom/8045A02528560B0A77B8815B2FADD1B4.jpg,,,2025-11-12T23:59:59Z,PROSPECTUS,17,4,,,,,
13602,2893597000000,500.0,Peixaria,Pescada Média Argentina Congelada,+ de 500 g,2.45,4.89,0,,€/Kg,,Avantages !,https://driveimg1.intermarche.com/pt/Content/images/boitmal/produit/zoom/0D3A6A42D4C22CDA932A00A286926BF6.jpg,,,2025-11-12T23:59:59Z,PROSPECTUS,17,4,,,,,
13981,2696138000000,60.0,Pastelaria,Pastel de Nata,60 g,0.39,6.5,0,kg,€/Kg,,,https://driveimg1.intermarche.com/pt/Content/images/boitmal/produit/zoom/EA9B10BF07D95E268418206A452F7022.jpg,,,2025-11-12T23:59:59Z,PROSPECTUS,17,4,,,,,
14346,3387390406849,150.0,Nestlé,"Barras cereais chocapic, embalagem de 150g",,1.99,13.27,0,kg,€/Kg,,,https://driveimg1.intermarche.com/pt/Content/images/boitmal/produit/zoom/A9E143A7AE167B7B2DF153E69E157760.jpg,,,2025-11-12T23:59:59Z,PROSPECTUS,17,4,,,,,
14490,5604260273584,1000.0,PorSi,Corn Flakes 1 kg,,2.99,2.99,0,kg,€/Kg,,,https://driveimg1.intermarche.com/pt/Content/images/boitmal/produit/zoom/3EF873C3D07412E04ADAF72EA17EF40E.jpg,,,2025-11-19T23:59:59Z,PROSPECTUS,17,4,,,,,
1462,5601286231772,250.0,Milaneza,"Massa, estrelinhas, embalagem de 250g",,0.61,2.44,0,kg,€/Kg,,,https://driveimg1.intermarche.com/pt/Content/images/boitmal/produit/zoom/3936C365D7B95744ED545201CA491D61.jpg,,,2025-11-12T23:59:59Z,PROSPECTUS,17,4,,,,,
1464,5601286233776,250.0,Milaneza,"Massa de bagos, embalagem de 250g",,0.61,2.44,0,kg,€/Kg,,,https://driveimg1.intermarche.com/pt/Content/images/boitmal/produit/zoom/539D153DE9C377CF57F947CAA1EB45EB.jpg,,,2025-11-12T23:59:59Z,PROSPECTUS,17,4,,,,,
14854,2891117000000,2350.0,PorSi,Pato inteiro com miúdos,1 un = 2.250 kg (aprox.),9.38,3.99,0,,€/Kg,,,https://driveimg1.intermarche.com/pt/Content/images/boitmal/produit/zoom/E5F2031D60089F4C13D404725928D593.jpg,,,2025-11-12T23:59:59Z,PROSPECTUS,17,4,,,,,
14947,2891215000000,150.0,Frango,Espetadas,1 un= 150 gr (aprox.),1.15,7.69,0,,€/Kg,,,https://driveimg1.intermarche.com/pt/Content/images/boitmal/produit/zoom/FE13AA549ADEC08AA2FF877D2299FBFE.jpg,,,2025-11-12T23:59:59Z,PROSPECTUS,17,4,,,,,
14971,3083681022803,400.0,Bonduelle,"Brocolos natur pré-preparados, congelados",Embalagem de 400g,1.69,4.23,0,kg,€/Kg,,Tipo de stockagem,https://driveimg1.intermarche.com/pt/Content/images/boitmal/produit/zoom/BAD37548AE8D4A0D4C5D58D6BD0B7B47.jpg,,,2025-11-12T23:59:59Z,PROSPECTUS,17,4,,,,,
15103,2892313000000,250.0,Fruta,Romã,1 un = 250 gr  (aprox.),0.6,2.39,0,,€/Kg,,,https://driveimg1.intermarche.com/pt/Content/images/boitmal/produit/zoom/E85BA7F4F9F4640997312261C692956D.jpg,,,2025-11-12T23:59:59Z,PROSPECTUS,17,4,,,,,
15173,2927300000000,200.0,PorSi,Posta de Corvina-Prata Congelada,Vendido ao peso a partir de 200 g (aprox.),2.6,12.99,0,,€/Kg,,Avantages !,https://driveimg1.intermarche.com/pt/Content/images/boitmal/produit/zoom/5D6D18535C369545A8977ACA191A4366.jpg,,,2025-11-12T23:59:59Z,PROSPECTUS,17,4,,,,,
15317,3250391945313,195.0,Itinéraire des Saveurs,Massa chinesa frango 3x65g,,1.49,7.64,0,kg,€/Kg,,,https://driveimg1.intermarche.com/pt/Content/images/boitmal/produit/zoom/01ABE4FD819840762CC9414B0A903882.jpg,https://driveimg1.intermarche.com/pt/Content/images/boitmal/produit/zoom/22E7043B9651E3BD8F72B63C693400F3.jpg,,2025-11-19T23:59:59Z,PROSPECTUS,17,4,,,,,
15368,5604260274239,300.0,PorSi,Flocos de Cereais Chocolate 300g,,2.15,7.17,0,kg,€/Kg,,,https://driveimg1.intermarche.com/pt/Content/images/boitmal/produit/zoom/D28E8D242599DEB690A9DB4DEB5E9B40.jpg,,,2025-11-12T23:59:59Z,PROSPECTUS,17,4,,,,,
15503,8410500018931,400.0,Danonino Danone,"Iogurte líquido danonino tutti frutti, embalagem de 4 x 100 g",,2.09,5.23,0,kg,€/Kg,,,https://driveimg1.intermarche.com/pt/Content/images/boitmal/produit/zoom/49D4DFA8C6DABEB79926D4F0312C64D8.jpg,,,2025-11-12T23:59:59Z,PROSPECTUS,17,4,,,,,
16534,8410104156664,250.0,Air Wick,"Ambientador recarga oasis turquesa, 250 ml",,3.49,13.96,250,L,€/L,,,https://driveimg1.intermarche.com/pt/Content/images/boitmal/produit/zoom/3824961F5FB8FB9D3828F1B824042FFE.jpg,,,2025-11-12T23:59:59Z,PROSPECTUS,17,4,,,,,
16609,8712561846530,700.0,Cif,"Creme abrasivo pink flowers, de 700 ml",,2.69,3.84,700,L,€/L,,,https://driveimg1.intermarche.com/pt/Content/images/boitmal/produit/zoom/C71BC29DB02419E55AB519313E13B11B.jpg,,,2025-11-12T23:59:59Z,PROSPECTUS,17,4,,,,,
16677,5604260276813,500.0,PorSi,Iogurte Tipo Grego Framboesa/ Amora 4x125g,,1.65,3.3,0,kg,€/Kg,,,https://driveimg1.intermarche.com/pt/Content/images/boitmal/produit/zoom/FA3982F1A80508AC104E539932C54F48.jpg,,,2025-11-19T23:59:59Z,PROSPECTUS,17,4,,,,,
16719,8410376042504,240.0,Gullón,"Bolacha vitalday aveia e chocolate, embalagem de 240g",,1.59,6.63,0,kg,€/Kg,,,https://driveimg1.intermarche.com/pt/Content/images/boitmal/produit/zoom/FBCD683FA557DEEB2756309FDB000BE5.jpg,,,2025-11-12T23:59:59Z,PROSPECTUS,17,4,,,,,
1684,5602711107495,500.0,Rar,"Açúcar mascavado claro, embalagem de 500g",,1.69,3.38,0,kg,€/Kg,,,https://driveimg1.intermarche.com/pt/Content/images/boitmal/produit/zoom/399202B3EC363C102FC9F508496AC3C9.jpg,,,2025-11-12T23:59:59Z,PROSPECTUS,17,4,,,,,
17115,5000116110155,640.0,Capitão Iglo,8 hamburguers s/ glúten vaca,Embalagem de 640g,7.99,12.48,0,kg,€/Kg,,Tipo de stockagem,https://driveimg1.intermarche.com/pt/Content/images/boitmal/produit/zoom/6FAFE9FC4DDEB6CE7DCD2D721BE41E81.jpg,,,2025-11-12T23:59:59Z,PROSPECTUS,17,4,,,,,
1712,5604170000027,500.0,Jorge v.f.,Mel em frasco de vidro,Embalagem de 500g,2.69,5.38,0,kg,€/Kg,,,https://driveimg1.intermarche.com/pt/Content/images/boitmal/produit/zoom/693292E1451C1DACF9088820AF4FE2DC.jpg,,,2025-11-12T23:59:59Z,PROSPECTUS,17,4,,,,,
17402,8412600027233,700.0,Bimbo,Pão forma familiar normal,embalagem de 700 g,1.99,2.84,0,kg,€/Kg,,,https://driveimg1.intermarche.com/pt/Content/images/boitmal/produit/zoom/BD26753EF23D0DF0FDC14FCDC181B902.jpg,,,2025-11-12T23:59:59Z,PROSPECTUS,17,4,,,,,
17900,8001480023277,700.0,Neoblanc,"Lixívia Spray Mousse Flor, 700ml",,2.99,4.27,700,L,€/L,,,https://driveimg1.intermarche.com/pt/Content/images/boitmal/produit/zoom/4C9540C630C990410131B89E1C2C75B8.jpg,,,2025-11-12T23:59:59Z,PROSPECTUS,17,4,,,,,
18571,5604260320806,,PorSi,Pensos Higiénicos Ultrafinos Normal com Abas - 16 Unidades,,1.15,1.15,0,,€/Unidade,,,https://driveimg1.intermarche.com/pt/Content/images/boitmal/produit/zoom/A93F4B2F3D4FAAAAC4665221616BA58C.jpg,,,2025-11-19T23:59:59Z,PROSPECTUS,17,4,,,,,
19162,5604260276806,500.0,PorSi,Iogurte Tipo Grego Natural Açucarado 4x125g,,1.65,3.3,0,kg,€/Kg,,,https://driveimg1.intermarche.com/pt/Content/images/boitmal/produit/zoom/49BC1F6A4C2D86DE972031A4D090566C.jpg,,,2025-11-19T23:59:59Z,PROSPECTUS,17,4,,,,,
19163,5604260278121,500.0,PorSi,Iogurte Tipo Grego Morango 4x125g,,1.65,3.3,0,kg,€/Kg,,,https://driveimg1.intermarche.com/pt/Content/images/boitmal/produit/zoom/C740D54E6D0772F5BD1CC74142029BCA.jpg,,,2025-11-19T23:59:59Z,PROSPECTUS,17,4,,,,,
19558,5601252113583,500.0,Gallo,"Vinagre balsâmico modena, 500 ml",,3.19,6.38,500,L,€/L,,,https://driveimg1.intermarche.com/pt/Content/images/boitmal/produit/zoom/CC1BF04200D104F2656D4D4967E443A9.jpg,,,2025-11-12T23:59:59Z,PROSPECTUS,17,4,,,,,
1960,5604260301706,260.0,PorSi,Feijao Encarnado Cozido 420g,,0.84,3.23,0,kg,€/Kg,,,https://driveimg1.intermarche.com/pt/Content/images/boitmal/produit/zoom/F80D4DE63873B2D291A90A19B419B307.jpg,,,2025-11-12T23:59:59Z,PROSPECTUS,17,4,,,,,
1964,5604260061549,210.0,PorSi,Wafer Baunilha 210g,,1.17,5.57,0,kg,€/Kg,,,https://driveimg1.intermarche.com/pt/Content/images/boitmal/produit/zoom/AE1901FA5655C3C5C219D23CA15136C7.jpg,,,2025-11-19T23:59:59Z,PROSPECTUS,17,4,,,,,
1965,5604260061556,210.0,PorSi,Wafer Morango 210g,,1.17,5.57,0,kg,€/Kg,,,https://driveimg1.intermarche.com/pt/Content/images/boitmal/produit/zoom/712B0BFD0ABA25E98F7F0AF8A3313F75.jpg,,,2025-11-19T23:59:59Z,PROSPECTUS,17,4,,,,,
20202,5601151976456,1000.0,Frize,"Água com gás limão/pepino/gengibre, pack 4 x 0.25 l",,2.09,2.09,1000,L,€/L,,,https://driveimg1.intermarche.com/pt/Content/images/boitmal/produit/zoom/8CC607BECDA933771553297655559077.jpg,,,2025-11-12T23:59:59Z,PROSPECTUS,17,4,,,,,
20645,8414100333142,250.0,Schweppes,"Água tónica, garrafa de 250 ml",,0.72,2.88,250,L,€/L,,,https://driveimg1.intermarche.com/pt/Content/images/boitmal/produit/zoom/A602F5762E875E3E3536D48B17925107.jpg,,,2025-11-12T23:59:59Z,PROSPECTUS,17,4,,,,,
2073,5604260193547,1000.0,PorSi,Néctar Alperce 1l,,1.29,1.29,1000,L,€/L,,,https://driveimg1.intermarche.com/pt/Content/images/boitmal/produit/zoom/5852F28CE802CCE764D08FE69C2FE9F2.jpg,,,2025-11-19T23:59:59Z,PROSPECTUS,17,4,,,,,
2079,5604260193646,1000.0,PorSi,Néctar Ananás 1l,,1.29,1.29,1000,L,€/L,,,https://driveimg1.intermarche.com/pt/Content/images/boitmal/produit/zoom/10E9329F83000135085CDE8D45A5A26A.jpg,,,2025-11-19T23:59:59Z,PROSPECTUS,17,4,,,,,
2091,5604260194087,1000.0,PorSi,Farinha Láctea 1kg,,5.29,5.29,0,kg,€/Kg,,,https://driveimg1.intermarche.com/pt/Content/images/boitmal/produit/zoom/8ED788A67C335ED68A86F5666D0A6B59.jpg,,,2025-11-19T23:59:59Z,PROSPECTUS,17,4,,,,,
2123,5604260252275,180.0,PorSi,Mini Tostas Integrais 180g,,1.29,7.17,0,kg,€/Kg,,,https://driveimg1.intermarche.com/pt/Content/images/boitmal/produit/zoom/EE0A94B6FEE04D9A799E630FA9817CDB.jpg,,,2025-11-19T23:59:59Z,PROSPECTUS,17,4,,,,,
2136,5604260253791,540.0,PorSi,Crepe Chocolate 6x90g,,3.49,6.46,0,kg,€/Kg,,Tipo de stockagem,https://driveimg1.intermarche.com/pt/Content/images/boitmal/produit/zoom/0D24560002872AFE31359A6496EBE7CB.jpg,,,2025-11-19T23:59:59Z,PROSPECTUS,17,4,,,,,
21745,7613035659728,250.0,Cerelac,Papa infantil não láctea multicereais +6 meses,Embalagem de 250g,2.39,9.56,0,kg,€/Kg,,,https://driveimg1.intermarche.com/pt/Content/images/boitmal/produit/zoom/90667A298E4003D9445C62EE2E028371.jpg,,,2025-11-12T23:59:59Z,PROSPECTUS,17,4,,,,,
21749,7613035766532,250.0,Nestum,"Nestum chocolate, embalagem de 250g",,2.24,8.96,0,kg,€/Kg,,,https://driveimg1.intermarche.com/pt/Content/images/boitmal/produit/zoom/56615AB89B36DE078E553AF04539E1E0.jpg,,,2025-11-12T23:59:59Z,PROSPECTUS,17,4,,,,,
2187,5604260264063,225.0,PorSi,Tostas Integrais de Trigo 225g,,0.99,4.4,0,kg,€/Kg,,,https://driveimg1.intermarche.com/pt/Content/images/boitmal/produit/zoom/38E236E9FFAE4393086FA296588D7D87.jpg,,,2025-11-19T23:59:59Z,PROSPECTUS,17,4,,,,,
2198,5604260264742,125.0,PorSi,Cappuccino 125 G,,1.99,15.92,0,kg,€/Kg,,,https://driveimg1.intermarche.com/pt/Content/images/boitmal/produit/zoom/7A75C1A53AB12261C7716520366AA7E7.jpg,,,2025-11-19T23:59:59Z,PROSPECTUS,17,4,,,,,
22307,5601019012647,390.0,Guloso,"Tomate em pedaços, embalagem de 390g",,1.46,3.74,0,kg,€/Kg,,,https://driveimg1.intermarche.com/pt/Content/images/boitmal/produit/zoom/5ED4DE98BAC903A7106FCD013B7A79FA.jpg,,,2025-11-12T23:59:59Z,PROSPECTUS,17,4,,,,,
22535,4750021001109,700.0,Moskovskay,"Vodka, garrafa de 700 ml",,11.59,16.56,700,L,€/L,,,https://driveimg1.intermarche.com/pt/Content/images/boitmal/produit/zoom/7D2A37D3289DEF7B2EBA1EC6348DE307.jpg,,,2025-11-12T23:59:59Z,PROSPECTUS,17,4,,,,,
2279,5604260270095,55.0,PorSi,Cápsulas Café Descafeinado Cnpx10,,1.89,34.36,0,kg,€/Kg,,,https://driveimg1.intermarche.com/pt/Content/images/boitmal/produit/zoom/D26303CA655FAD23B73DEC3CCA6C621F.jpg,,,2025-11-19T23:59:59Z,PROSPECTUS,17,4,,,,,
2283,5604260270132,420.0,PorSi,Feijão com Dobrada 420g,,2.29,5.45,0,kg,€/Kg,,,https://driveimg1.intermarche.com/pt/Content/images/boitmal/produit/zoom/5A7A5CA29F40C916CF24C89F371261F1.jpg,,,2025-11-12T23:59:59Z,PROSPECTUS,17,4,,,,,
2285,5604260270156,420.0,PorSi,Chispalhada 420g,,2.29,5.45,0,kg,€/Kg,,,https://driveimg1.intermarche.com/pt/Content/images/boitmal/produit/zoom/F03072B8C900736917AF65FFF1C2DF00.jpg,,,2025-11-12T23:59:59Z,PROSPECTUS,17,4,,,,,
23469,8410500020453,280.0,Danone,"Danonino para levar, polpa de morango, embalagem de 4 x 70 g",,2.19,7.82,0,kg,€/Kg,,,https://driveimg1.intermarche.com/pt/Content/images/boitmal/produit/zoom/3E7A122EA567C89446D113FF66BFA0AE.jpg,,,2025-11-12T23:59:59Z,PROSPECTUS,17,4,,,,,
24368,5601050033021,620.0,Danone,"Iogurte líquido corpos danone, embalagem de 4 x 155g",,1.89,3.05,0,kg,€/Kg,,,https://driveimg1.intermarche.com/pt/Content/images/boitmal/produit/zoom/6EEC58F892743EDA98060B1AE2CB4E38.jpg,,,2025-11-12T23:59:59Z,PROSPECTUS,17,4,,,,,
24411,8410436297752,1300.0,Sonasol,"Lava tudo rosas e jasmim, 1,3l",,2.24,1.72,1300,L,€/L,,,https://driveimg1.intermarche.com/pt/Content/images/boitmal/produit/zoom/A8DAC5F038BB6C2FB23FB3C7F35CC590.jpg,,,2025-11-12T23:59:59Z,PROSPECTUS,17,4,,,,,
2459,7613031497096,400.0,Nestlé,"Fruta para bebé maçã pera +4 meses, embalagem de 4 x 100g",,2.39,5.98,0,kg,€/Kg,,,https://driveimg1.intermarche.com/pt/Content/images/boitmal/produit/zoom/A3657AC5DA61941E17EE1AD603103EE0.jpg,,,2025-11-12T23:59:59Z,PROSPECTUS,17,4,,,,,
2466,7613032142599,500.0,Cerelac,Farinha láctea 12 meses,Embalagem de 500g,3.74,7.48,0,kg,€/Kg,,,https://driveimg1.intermarche.com/pt/Content/images/boitmal/produit/zoom/4E708CAF1A60A052407E76B7A92102F7.jpg,,,2025-11-12T23:59:59Z,PROSPECTUS,17,4,,,,,
2482,7613032584757,250.0,Cerelac,Papa infantil láctea 5 frutos +6 meses,Embalagem de 250g,3.19,12.76,0,kg,€/Kg,,,https://driveimg1.intermarche.com/pt/Content/images/boitmal/produit/zoom/3BA8FAB1CBB784A1F35D14E45DA423EA.jpg,,,2025-11-12T23:59:59Z,PROSPECTUS,17,4,,,,,
24843,5604655005158,400.0,Peixaria,Paloco desfiado do pacifico,Embalagem de 400 g,2.69,6.73,0,kg,€/Kg,,,https://driveimg1.intermarche.com/pt/Content/images/boitmal/produit/zoom/A6D43F84A49577D695E61B0D7FE082C0.jpg,,,2025-11-12T23:59:59Z,PROSPECTUS,17,4,,,,,
2518,7613033814693,400.0,Nestlé,"Fruta para bebé 7 frutos +6 meses, embalagem de 4 x 100g",,2.39,5.98,0,kg,€/Kg,,,https://driveimg1.intermarche.com/pt/Content/images/boitmal/produit/zoom/18CF4010C8E037B64FBADB6A5A35AF8F.jpg,,,2025-11-12T23:59:59Z,PROSPECTUS,17,4,,,,,
