identifier,produitEan13,capacite,marque,libelle,conditionnement,prix,unitPrice,volume,typeProduit_uniteByCode,unit_value,pictogrammes_0,pictogrammes_libelleCategorie,images_0,images_1,images_2,images_3,images_4,images_5,images_6,avantages_dateFin,avantages_categorie,nro_paginas,page
13934,2891062000000,250.0,Porco,Rojões,1 un = 250 gr  (aprox.),1.07,4.29,0,,€/Kg,,,https://driveimg1.intermarche.com/pt/Content/images/boitmal/produit/zoom/925F2FDC1F925A7FD71EE6165315B22E.jpg,,,,,,,2025-05-07T23:59:59.999999999+01:00,PROSPECTUS,9,1
15979,5601119242364,650.0,Nobre,"Salsichas de aves extra suculentas, frasco de 650g",,2.09,3.22,0,kg,€/Kg,,,https://driveimg1.intermarche.com/pt/Content/images/boitmal/produit/zoom/F9B3EEFB29AFDD46B059DC76A73501AE.jpg,,,,,,,2025-05-07T23:59:59.999999999+01:00,PROSPECTUS,9,1
1322,5601163011114,5400.0,Luso,"Água sem gás, garrafa de 5,4 l",,1.77,0.33,5400,L,€/L,,,https://driveimg1.intermarche.com/pt/Content/images/boitmal/produit/zoom/AA9320932FF184911C32006B7463EC74.jpg,,,,,,,2025-05-07T23:59:59.999999999+01:00,PROSPECTUS,9,1
8802,5601244202363,400.0,Terra Nostra,"Queijo em fatias, embalagem de 400g",,4.99,12.48,0,kg,€/Kg,,,https://driveimg1.intermarche.com/pt/Content/images/boitmal/produit/zoom/035A5C69BE8C551B825128DC308F8F7B.jpg,,,,,,,2025-05-07T23:59:59.999999999+01:00,PROSPECTUS,9,1
15161,5604260274246,1000.0,PorSi,Cenouras Programa Origens,Embalagem de 1 kg,0.89,0.89,0,kg,€/Kg,,,https://driveimg1.intermarche.com/pt/Content/images/boitmal/produit/zoom/558C3AC1450C10C8B2395D06441C5423.jpg,,,,,,,2025-05-07T23:59:59.999999999+01:00,PROSPECTUS,9,1
5036,5601028012164,,Renova,"Papel higiénico compacto, extra xxl, 6 rolos",Uma embalagem,2.96,2.96,0,,€/Unidade,,,https://driveimg1.intermarche.com/pt/Content/images/boitmal/produit/zoom/9367736D84791631B6A81B574D2BBA50.jpg,https://driveimg1.intermarche.com/pt/Content/images/boitmal/produit/zoom/1F9398A5B85712D9E30015F112CCAF6E.jpg,https://driveimg1.intermarche.com/pt/Content/images/boitmal/produit/zoom/84ED764CBC37072F87BD089140194A37.jpg,,,,,2025-05-07T23:59:59.999999999+01:00,PROSPECTUS,9,1
25262,5000116112166,208.0,Capitão Iglo,"10 nuggets de frango, embalagem de 210g",,2.99,14.38,0,kg,€/Kg,,Tipo de stockagem,https://driveimg1.intermarche.com/pt/Content/images/boitmal/produit/zoom/CF1467DF1CD91C352F5C2C303E0557A7.jpg,,,,,,,2025-05-07T23:59:59.999999999+01:00,PROSPECTUS,9,1
44956,2696878000000,,Padaria,Bola de mistura centeio Baviera,90 g,0.2,0.2,0,,€/Unidade,,,https://driveimg1.intermarche.com/pt/Content/images/boitmal/produit/zoom/09DB4B39AC0AAE5D11E868A906EFB364.jpg,,,,,,,2025-05-07T23:59:59.999999999+01:00,PROSPECTUS,9,1
35578,8435495808626,4250.0,A+,Detergente líquido máquina de lavar roupa fresh sensation,85 doses,11.99,2.82,4250,L,€/L,,,https://driveimg1.intermarche.com/pt/Content/images/boitmal/produit/zoom/90416C87F2F243E7A70CD5033F0CF334.jpg,,,,,,,2025-05-07T23:59:59.999999999+01:00,PROSPECTUS,9,1
12972,2892040000000,1000.0,Fruta,Banana,1 un = 200 gr (aprox.),0.99,0.99,0,,€/Kg,,,https://driveimg1.intermarche.com/pt/Content/images/boitmal/produit/zoom/1515327A77B72426B2932390DFBE18E5.jpg,,,,,,,2025-05-07T23:59:59.999999999+01:00,PROSPECTUS,9,1
6413,8410414000466,700.0,Eristoff,"Vodka, garrafa de 700 ml",,12.99,18.56,700,L,€/L,,,https://driveimg1.intermarche.com/pt/Content/images/boitmal/produit/zoom/3932BA2F2F3F297229BC618DE86647F0.jpg,,,,,,,2025-05-07T23:59:59.999999999+01:00,PROSPECTUS,9,1
15489,7613031884247,4000.0,Friskies,"Ração para gato adulto com vaca, frango, embalagem de 4kg",,10.79,2.7,0,kg,€/Kg,,,https://driveimg1.intermarche.com/pt/Content/images/boitmal/produit/zoom/AA74DE430E0D577781082E763F8D5C13.jpg,,,,,,,2025-05-07T23:59:59.999999999+01:00,PROSPECTUS,9,1
10128,8006540836224,,Dodot,Toalhitas Pure 0% Plástico,Embalagem de 48 unidades,1.74,1.74,0,,€/Unidade,,,https://driveimg1.intermarche.com/pt/Content/images/boitmal/produit/zoom/A6A917F7D6C239B691DF2BB237C59C0C.jpg,,,,,,,2025-05-07T23:59:59.999999999+01:00,PROSPECTUS,9,1
14641,5603722513879,1500.0,Pleno,"Tisana de chá verde/limão light, de 1,5 l",,1.59,1.06,1500,L,€/L,,,https://driveimg1.intermarche.com/pt/Content/images/boitmal/produit/zoom/F6BF791EA11EAC23396FF6DFA2CA04B8.jpg,,,,,,,2025-05-07T23:59:59.999999999+01:00,PROSPECTUS,9,1
50630,5603722521461,1208.0,Mimosa,"Iogurte magro liquido de ananas e manga, 8x151ml",,2.99,2.48,1208,L,€/L,,,https://driveimg1.intermarche.com/pt/Content/images/boitmal/produit/zoom/391469C60827762112BDD90CD5A7ACC1.jpg,,,,,,,2025-05-07T23:59:59.999999999+01:00,PROSPECTUS,9,1
54522,8720181509988,750.0,Vaseline,"Gel de banho hidra essencial, 750ml",,3.14,4.19,750,L,€/L,,,https://driveimg1.intermarche.com/pt/Content/images/boitmal/produit/zoom/AD31D1AC1C03A164A4B17AFAD559A4D0.jpg,,,,,,,2025-05-07T23:59:59.999999999+01:00,PROSPECTUS,9,1
13048,2893561000000,250.0,Marisco,Ameijoa Branca Vietnamita Congelada,Vendido a partir de 250 gr  (aprox.),0.5,1.99,0,,€/Kg,,Avantages !,https://driveimg1.intermarche.com/pt/Content/images/boitmal/produit/zoom/EB1BC296FF41180E6F3E1626AD4F78AA.jpg,,,,,,,2025-05-07T23:59:59.999999999+01:00,PROSPECTUS,9,1
46770,7613287238290,9000.0,Friskies,Ração seca para cão active,Embalagem de 9 kg,17.54,1.95,0,kg,€/Kg,,,https://driveimg1.intermarche.com/pt/Content/images/boitmal/produit/zoom/87E5E98AAB65EA72424F3136636153B9.jpg,,,,,,,2025-05-07T23:59:59.999999999+01:00,PROSPECTUS,9,1
12909,2892005000000,250.0,Fruta,Laranja Económica,1 un = 250 gr  (aprox.),0.22,0.89,0,,€/Kg,,,https://driveimg1.intermarche.com/pt/Content/images/boitmal/produit/zoom/67E13FD34B36BCD37E12339EB836171D.jpg,,,,,,,2025-05-07T23:59:59.999999999+01:00,PROSPECTUS,9,1
50312,5604260312504,700.0,Alma pura,Aguardente,Garrafa de 0.70 l,12.0,17.14,700,L,€/L,,,https://driveimg1.intermarche.com/pt/Content/images/boitmal/produit/zoom/AC6E4ED9BEA79B6EC6A6865834F513BA.jpg,,,,,,,2025-05-07T23:59:59.999999999+01:00,PROSPECTUS,9,1
12888,2892090000000,500.0,Fruta,Manga Avião,1 un=500 gr (aprox.),2.0,3.99,0,,€/Kg,,,https://driveimg1.intermarche.com/pt/Content/images/boitmal/produit/zoom/A3E5B8447376E0E91C2C4BB7B1444B76.jpg,https://driveimg1.intermarche.com/pt/Content/images/boitmal/produit/zoom/842EA0C904154D230A3A6F63A245D264.jpg,,,,,,2025-05-07T23:59:59.999999999+01:00,PROSPECTUS,9,1
13781,2892323000000,250.0,Fruta,Uva Red Globe,1 un = 250 gr  (aprox.),0.8,3.19,0,,€/Kg,,,https://driveimg1.intermarche.com/pt/Content/images/boitmal/produit/zoom/0CB9D5C0FE47F5D642EA2D42574AAC35.jpg,,,,,,,2025-05-07T23:59:59.999999999+01:00,PROSPECTUS,9,1
14882,2891118000000,1600.0,Frango,Frango Inteiro Grande,1 un = 1.6 kg (aprox.),3.66,2.29,0,,€/Kg,,,https://driveimg1.intermarche.com/pt/Content/images/boitmal/produit/zoom/3581EC31F0B1F288A68020FE172EC513.jpg,,,,,,,2025-05-07T23:59:59.999999999+01:00,PROSPECTUS,9,1
8383,5601049132995,1000.0,Mimosa,"Leite uht meio gordo, embalagem de 1litro",,0.89,0.89,1000,L,€/L,,,https://driveimg1.intermarche.com/pt/Content/images/boitmal/produit/zoom/6FB52C843F677BD37D399D45BB10B38B.jpg,https://driveimg1.intermarche.com/pt/Content/images/boitmal/produit/zoom/AE810093A08CEBD60415DCC626CF5804.jpg,https://driveimg1.intermarche.com/pt/Content/images/boitmal/produit/zoom/A0562293538F541B1B99592AA046327B.jpg,,,,,2025-05-07T23:59:59.999999999+01:00,PROSPECTUS,9,1
12889,2892175000000,150.0,Fruta,Kiwi categoria II,1 un = 150 gr (aprox.),0.45,2.99,0,,€/Kg,,,https://driveimg1.intermarche.com/pt/Content/images/boitmal/produit/zoom/39D74C337E358C98856B0EB2FC79D7A8.jpg,,,,,,,2025-05-07T23:59:59.999999999+01:00,PROSPECTUS,9,1
11961,5603722505607,1000.0,Mimosa,"Leite sem lactose meio gordo, de 1l",,1.29,1.29,1000,L,€/L,,,https://driveimg1.intermarche.com/pt/Content/images/boitmal/produit/zoom/A98ED8A0E5E675A3AC1A551BCE75B0AB.jpg,https://driveimg1.intermarche.com/pt/Content/images/boitmal/produit/zoom/4E57BFE09E8D859BDBE1705476BB9F1B.jpg,https://driveimg1.intermarche.com/pt/Content/images/boitmal/produit/zoom/E1F70144AAFCC0EAEBFF05614177D009.jpg,,,,,2025-05-07T23:59:59.999999999+01:00,PROSPECTUS,9,1
36774,5604260300686,640.0,PorSi,"Iogurte liquido stracciatella,  4 x 160 g",,1.29,2.02,0,kg,€/Kg,,,https://driveimg1.intermarche.com/pt/Content/images/boitmal/produit/zoom/6CC82B08FFB7D4379F1B37DDDE2A4AE9.jpg,,,,,,,2025-05-07T23:59:59.999999999+01:00,PROSPECTUS,9,1
11925,5603089002221,200.0,Parmalat,"Nata uht para culinária, embalagem de 200 ml",,0.91,4.55,200,L,€/L,,,https://driveimg1.intermarche.com/pt/Content/images/boitmal/produit/zoom/6D33922CAD380AFD4F287905CBB6BE3F.jpg,,,,,,,2025-05-07T23:59:59.999999999+01:00,PROSPECTUS,9,1
13915,2891249000000,2000.0,Peru,Perna com Osso,Vendido ao peso,8.98,4.49,0,,€/Kg,,,https://driveimg1.intermarche.com/pt/Content/images/boitmal/produit/zoom/EA6C55F440DB29FDE55EB019973B1FE5.jpg,,,,,,,2025-05-07T23:59:59.999999999+01:00,PROSPECTUS,9,1
18296,5604260278428,640.0,PorSi,"Iogurte líquido pinacolada,  4 x 160 g",,1.29,2.02,0,kg,€/Kg,,,https://driveimg1.intermarche.com/pt/Content/images/boitmal/produit/zoom/18CCE0A2A676FEB83BAB491960F20E9E.jpg,,,,,,,2025-05-07T23:59:59.999999999+01:00,PROSPECTUS,9,1
29613,5604260283538,1000.0,PorSi Viva Bem,Bebida de Aveia,1 l,0.99,0.99,1000,L,€/L,,,https://driveimg1.intermarche.com/pt/Content/images/boitmal/produit/zoom/1EE40BC1DA49C5CE3D084214B1D3D3B9.jpg,,,,,,,2025-05-07T23:59:59.999999999+01:00,PROSPECTUS,9,1
42776,5604260304714,200.0,PorSi,Fiambre da pá fatiado,200 g,1.59,7.95,0,kg,€/Kg,,,https://driveimg1.intermarche.com/pt/Content/images/boitmal/produit/zoom/8A131F94BE57C970A8C2BBD2F93B5A56.jpg,https://driveimg1.intermarche.com/pt/Content/images/boitmal/produit/zoom/4BF6C4B7F27D2FA729AB427C5AFC4D32.jpg,https://driveimg1.intermarche.com/pt/Content/images/boitmal/produit/zoom/4BF6C4B7F27D2FA729AB427C5AFC4D32.jpg,https://driveimg1.intermarche.com/pt/Content/images/boitmal/produit/zoom/4BF6C4B7F27D2FA729AB427C5AFC4D32.jpg,https://driveimg1.intermarche.com/pt/Content/images/boitmal/produit/zoom/4BF6C4B7F27D2FA729AB427C5AFC4D32.jpg,https://driveimg1.intermarche.com/pt/Content/images/boitmal/produit/zoom/4BF6C4B7F27D2FA729AB427C5AFC4D32.jpg,https://driveimg1.intermarche.com/pt/Content/images/boitmal/produit/zoom/4BF6C4B7F27D2FA729AB427C5AFC4D32.jpg,2025-05-07T23:59:59.999999999+01:00,PROSPECTUS,9,1
52144,5604260295449,90.0,PorSi,Batatas Fritas Onduladas Wavy,Embalagem de 90g,0.79,8.78,0,kg,€/Kg,,,https://driveimg1.intermarche.com/pt/Content/images/boitmal/produit/zoom/8567836B6F1FBBDE327A1E8B86E6FE80.jpg,,,,,,,2025-05-07T23:59:59.999999999+01:00,PROSPECTUS,9,1
9293,5603722493942,250.0,Primor,Manteiga pasteurizada com sal cuvet,Embalagem de 250g,2.14,8.56,0,kg,€/Kg,,,https://driveimg1.intermarche.com/pt/Content/images/boitmal/produit/zoom/F3F4D9FDF2A69DC31DE35D801759C2EE.jpg,,,,,,,2025-05-07T23:59:59.999999999+01:00,PROSPECTUS,9,1
17174,2891285000000,1000.0,Novilho,Costeletão,Vendido ao peso a partir de 1 kg,10.49,10.49,0,,€/Kg,,,https://driveimg1.intermarche.com/pt/Content/images/boitmal/produit/zoom/3119B572BBCB66D5B0D8D4234718B722.jpg,,,,,,,2025-05-07T23:59:59.999999999+01:00,PROSPECTUS,9,1
23276,5604260281299,175.0,PorSi,Salada Gourmet Programa Origens,Embalagem de 175g,1.29,7.37,0,kg,€/Kg,,,https://driveimg1.intermarche.com/pt/Content/images/boitmal/produit/zoom/4B8FE4793F676EB4D411F04A36543FE6.jpg,,,,,,,2025-05-07T23:59:59.999999999+01:00,PROSPECTUS,9,1
28607,5604260278442,640.0,PorSi,"Iogurte líquido morango/banana,  4 x 160 g",,1.29,2.02,0,kg,€/Kg,,,https://driveimg1.intermarche.com/pt/Content/images/boitmal/produit/zoom/447BBD3B74588222DD6837C3B2BE4D8D.jpg,,,,,,,2025-05-07T23:59:59.999999999+01:00,PROSPECTUS,9,1
30168,2696660000000,80.0,Padaria,Cacetinho de Trigo,80 g,0.2,2.5,0,kg,€/Kg,,,https://driveimg1.intermarche.com/pt/Content/images/boitmal/produit/zoom/061A32F66C5467484869F7F4ECEA0767.jpg,,,,,,,2025-05-07T23:59:59.999999999+01:00,PROSPECTUS,9,1
36170,5604260295654,1000.0,PorSi,Batata pré-frita palito,Embalagem de 1 kg,1.99,1.99,0,kg,€/Kg,,Tipo de stockagem,https://driveimg1.intermarche.com/pt/Content/images/boitmal/produit/zoom/CF4C3E7B4CE8656CEB5876B96DD4C997.jpg,,,,,,,2025-05-07T23:59:59.999999999+01:00,PROSPECTUS,9,1
36667,5604260294374,1000.0,PorSi,Arroz Agulha América do Sul,Embalagem de 1 kg,1.45,1.45,0,kg,€/Kg,,,https://driveimg1.intermarche.com/pt/Content/images/boitmal/produit/zoom/760340CDA1C73D35008E600311C41F68.jpg,,,,,,,2025-05-07T23:59:59.999999999+01:00,PROSPECTUS,9,1
52880,8719200267794,450.0,Becel,"Creme vegetal de barrar com sabor a manteiga, 450g",,3.56,7.91,0,kg,€/Kg,,,https://driveimg1.intermarche.com/pt/Content/images/boitmal/produit/zoom/E2EFE8BE5E96AF9FCA9D840059BF696C.jpg,https://driveimg1.intermarche.com/pt/Content/images/boitmal/produit/zoom/287D301C66C180312FAA8A3BAE7EA710.jpg,https://driveimg1.intermarche.com/pt/Content/images/boitmal/produit/zoom/287D301C66C180312FAA8A3BAE7EA710.jpg,https://driveimg1.intermarche.com/pt/Content/images/boitmal/produit/zoom/287D301C66C180312FAA8A3BAE7EA710.jpg,,,,2025-05-07T23:59:59.999999999+01:00,PROSPECTUS,9,1
931,5601001228100,300.0,Nestum,Nestum flocos de cereais com mel,Embalagem de 300g,2.24,7.47,0,kg,€/Kg,,,https://driveimg1.intermarche.com/pt/Content/images/boitmal/produit/zoom/82B368094FF4C269D04DE75FB30D7775.jpg,,,,,,,2025-05-07T23:59:59.999999999+01:00,PROSPECTUS,9,1
1293,5601151398104,630.0,Compal,"Pack de 3 embalagens de polpa de tomate, embalagem de 630g",,1.49,2.37,0,kg,€/Kg,,,https://driveimg1.intermarche.com/pt/Content/images/boitmal/produit/zoom/BC7D38B0892D2B72B99AEECF05E81523.jpg,,,,,,,2025-05-07T23:59:59.999999999+01:00,PROSPECTUS,9,1
13821,2892597000000,200.0,Legumes,Tomate Cacho,1 un = 200 gr (aprox.),0.34,1.69,0,,€/Kg,,,https://driveimg1.intermarche.com/pt/Content/images/boitmal/produit/zoom/FD67F77AFAB450B6A4FA38E0279E6686.jpg,,,,,,,2025-05-07T23:59:59.999999999+01:00,PROSPECTUS,9,1
14038,2696013000000,80.0,Padaria,Bola mistura,1 unidade= 80 g,0.19,2.38,0,kg,€/Kg,,,https://driveimg1.intermarche.com/pt/Content/images/boitmal/produit/zoom/509539D5119FE663643D444B9A3F9D6A.jpg,,,,,,,2025-05-07T23:59:59.999999999+01:00,PROSPECTUS,9,1
14865,2696212000000,,Pastelaria,Folhado Misto 90 g,,0.69,0.69,0,,€/Unidade,,,https://driveimg1.intermarche.com/pt/Content/images/boitmal/produit/zoom/164C27A781A7C68A965295D85BB7D95F.jpg,,,,,,,2025-05-07T23:59:59.999999999+01:00,PROSPECTUS,9,1
15156,2892099000000,500.0,Fruta,Papaia Avião,1 un = 500 g (aprox.),1.95,3.89,0,,€/Kg,,,https://driveimg1.intermarche.com/pt/Content/images/boitmal/produit/zoom/103067E524772C956478A94460D63E34.jpg,,,,,,,2025-05-07T23:59:59.999999999+01:00,PROSPECTUS,9,1
15279,5604260276356,200.0,PorSi,Queijo flamengo fatiado,Embalagem de 200G,1.89,9.45,0,kg,€/Kg,,,https://driveimg1.intermarche.com/pt/Content/images/boitmal/produit/zoom/85DD1F9692D11A8FD3C2C7B23D4282CC.jpg,,,,,,,2025-05-07T23:59:59.999999999+01:00,PROSPECTUS,9,1
15800,7613035078369,125.0,Nescafé,"Cappuccino intenso, embalagem de 130g",,2.99,23.92,0,kg,€/Kg,,,https://driveimg1.intermarche.com/pt/Content/images/boitmal/produit/zoom/61DADA7427797DA3A992DAC69018853B.jpg,,,,,,,2025-05-07T23:59:59.999999999+01:00,PROSPECTUS,9,1
18298,5604260278459,640.0,PorSi,"Iogurte líquido morango,  4 x 160 g",,1.29,2.02,0,kg,€/Kg,,,https://driveimg1.intermarche.com/pt/Content/images/boitmal/produit/zoom/5AA15072FFE4E6E4A9DFE7A08632C5BC.jpg,,,,,,,2025-05-07T23:59:59.999999999+01:00,PROSPECTUS,9,1
19447,5604260278473,640.0,PorSi,"Iogurte líquido de frutos vermelhos,  4 x 160 g",,1.29,2.02,0,kg,€/Kg,,,https://driveimg1.intermarche.com/pt/Content/images/boitmal/produit/zoom/E5E8E165201F83E6573606F360D4FBE1.jpg,,,,,,,2025-05-07T23:59:59.999999999+01:00,PROSPECTUS,9,1
2309,5604260271801,2000.0,PorSi,Refrigerante de cola zero,Garrafa de 2 l,0.79,0.4,2000,L,€/L,,,https://driveimg1.intermarche.com/pt/Content/images/boitmal/produit/zoom/B3B2D30749328B98E0A5409203C1AF4C.jpg,,,,,,,2025-05-07T23:59:59.999999999+01:00,PROSPECTUS,9,1
23278,5604260281282,250.0,PorSi,Salada toscana Programa Origens,embalagem de 250 g,1.49,5.96,0,kg,€/Kg,,,https://driveimg1.intermarche.com/pt/Content/images/boitmal/produit/zoom/829819BF310BA689C7002E0655E64BF5.jpg,,,,,,,2025-05-07T23:59:59.999999999+01:00,PROSPECTUS,9,1
23582,5604260281275,175.0,PorSi,Salada premium Origens,embalagem de 175 g,1.29,7.37,0,kg,€/Kg,,,https://driveimg1.intermarche.com/pt/Content/images/boitmal/produit/zoom/A8F765E7D8A6C281765A51B35764D182.jpg,,,,,,,2025-05-07T23:59:59.999999999+01:00,PROSPECTUS,9,1
26091,7613036115575,550.0,Nestlé,Cereais estrelitas,Embalagem de 550g,3.49,6.35,0,kg,€/Kg,,,https://driveimg1.intermarche.com/pt/Content/images/boitmal/produit/zoom/90505B63FB20AF187537F3B46DDB9B86.jpg,,,,,,,2025-05-07T23:59:59.999999999+01:00,PROSPECTUS,9,1
31551,8414100333241,250.0,Schweppes,"Schweppes tónica zero, garrafa de 250 ml",,0.72,2.88,250,L,€/L,,,https://driveimg1.intermarche.com/pt/Content/images/boitmal/produit/zoom/4DBFD7A80C20CF9D74FFDE40B52421E2.jpg,,,,,,,2025-05-07T23:59:59.999999999+01:00,PROSPECTUS,9,1
44104,2696661000000,90.0,Padaria,Cacetinho de trigo integral,90 g,0.2,2.22,0,kg,€/Kg,,,https://driveimg1.intermarche.com/pt/Content/images/boitmal/produit/zoom/DC4B31D5116A1A43F4BD72090A42EAD2.jpg,,,,,,,2025-05-07T23:59:59.999999999+01:00,PROSPECTUS,9,1
48040,5604260320615,640.0,PorSi Viva Bem,"Iogurte líquido magro frutos vermelhos,  4x160 ml",,1.29,2.02,640,L,€/L,,,https://driveimg1.intermarche.com/pt/Content/images/boitmal/produit/zoom/54F1803BAD20785BC4084634149B8F8C.jpg,https://driveimg1.intermarche.com/pt/Content/images/boitmal/produit/zoom/8BCFC316C76164C4EB30E1CA8663C5AA.jpg,,,,,,2025-05-07T23:59:59.999999999+01:00,PROSPECTUS,9,1
48297,5604260320721,200.0,PorSi Viva Bem,Queijo flamengo fatias light,Embalagem de 200g,1.89,9.45,0,kg,€/Kg,,,https://driveimg1.intermarche.com/pt/Content/images/boitmal/produit/zoom/70AA2E56EA03F7DEC7BCFB6E81C245ED.jpg,,,,,,,2025-05-07T23:59:59.999999999+01:00,PROSPECTUS,9,1
49463,8445290250322,600.0,Nestum,Flocos Cereais Mel,Embalagem de 600g,3.79,6.32,0,kg,€/Kg,,,https://driveimg1.intermarche.com/pt/Content/images/boitmal/produit/zoom/4A0A62606AC144021ED115E1FAB3D0CE.jpg,,,,,,,2025-05-07T23:59:59.999999999+01:00,PROSPECTUS,9,1
544,3228881083326,30.0,Lipton,"20 saquetas chá noite tranquila, embalagem de 30g",,2.1,70.0,0,kg,€/Kg,,,https://driveimg1.intermarche.com/pt/Content/images/boitmal/produit/zoom/918429936BF1A7F518EA4E4A9580CA69.jpg,,,,,,,2025-05-07T23:59:59.999999999+01:00,PROSPECTUS,9,1
54828,5601164906273,7000.0,Super Bock,"Cerveja, 35 x 20 cl",,13.99,2.0,7000,L,€/L,,,https://driveimg1.intermarche.com/pt/Content/images/boitmal/produit/zoom/3EEAE55F901F69F71712A095227D1F3E.jpg,,,,,,,2025-05-07T23:59:59.999999999+01:00,PROSPECTUS,9,1
9315,5603722509544,1000.0,Mimosa,"Leite 0% lactose magro, de 1l",,1.29,1.29,1000,L,€/L,,,https://driveimg1.intermarche.com/pt/Content/images/boitmal/produit/zoom/0350D0DE44A653A9AB01722B06443E94.jpg,https://driveimg1.intermarche.com/pt/Content/images/boitmal/produit/zoom/DC5219EC1E15E09529E323B7D196FADA.jpg,https://driveimg1.intermarche.com/pt/Content/images/boitmal/produit/zoom/DC48BFFA4281D8016E9FB40168ED4485.jpg,,,,,2025-05-07T23:59:59.999999999+01:00,PROSPECTUS,9,1
11523,5601051410029,250.0,Primor,"Manteiga com sal, 250g",,2.09,8.36,0,kg,€/Kg,,,https://driveimg1.intermarche.com/pt/Content/images/boitmal/produit/zoom/6515E45A6FB2F6024F4DECB68FB265B3.jpg,,,,,,,2025-05-07T23:59:59.999999999+01:00,PROSPECTUS,9,1
1195,5601119230224,650.0,Nobre,"Salsichas extra suculentas, frasco de 650 g",,2.09,3.22,0,kg,€/Kg,,,https://driveimg1.intermarche.com/pt/Content/images/boitmal/produit/zoom/F74C2FC7C8B9C0B3ED0E43FFE3B59991.jpg,,,,,,,2025-05-07T23:59:59.999999999+01:00,PROSPECTUS,9,1
1228,5601146230518,1500.0,Joi,"Refrigerante sem gás, laranja, garrafa de 1,5 l",,1.29,0.86,1500,L,€/L,,,https://driveimg1.intermarche.com/pt/Content/images/boitmal/produit/zoom/9CFD5D319CF23E8EEE61B6DFE693387D.jpg,,,,,,,2025-05-07T23:59:59.999999999+01:00,PROSPECTUS,9,1
1323,5601163020512,9000.0,Luso,"Água sem gás, pack 6 x 1.5 l",,3.59,0.4,9000,L,€/L,,,https://driveimg1.intermarche.com/pt/Content/images/boitmal/produit/zoom/001A786D3A6068914B18C4EF27206C2E.jpg,,,,,,,2025-05-07T23:59:59.999999999+01:00,PROSPECTUS,9,1
13373,2893800000000,750.0,Bacalhau,Bacalhau Corrente da Noruega,1 un= 750 g (aprox.),7.12,9.49,0,,€/Kg,,,https://driveimg1.intermarche.com/pt/Content/images/boitmal/produit/zoom/D74E09EC00B79A52E13EB6B9341BD6BA.jpg,,,,,,,2025-05-07T23:59:59.999999999+01:00,PROSPECTUS,9,1
13625,2893620000000,300.0,Peixaria,Salmão de viveiro à posta,1 un. = 300 g (aprox.),3.9,12.99,0,,€/Kg,,,https://driveimg1.intermarche.com/pt/Content/images/boitmal/produit/zoom/A170DAF9DE78983CFA7E8DD1EFE6A371.jpg,,,,,,,2025-05-07T23:59:59.999999999+01:00,PROSPECTUS,9,1
13839,2891006000000,800.0,Novilho,Bife da Pá,Vendido ao peso a partir de 800 g,9.19,11.49,0,,€/Kg,,,https://driveimg1.intermarche.com/pt/Content/images/boitmal/produit/zoom/5626B1315F40E59D057B37FBCA18064B.jpg,,,,,,,2025-05-07T23:59:59.999999999+01:00,PROSPECTUS,9,1
18295,5604260278411,640.0,PorSi,"Iogurte líquido morango/cereais,  4 x 160 g",,1.29,2.02,0,kg,€/Kg,,,https://driveimg1.intermarche.com/pt/Content/images/boitmal/produit/zoom/77FF2EFA6010C76FAECF5B9D28E76BCE.jpg,,,,,,,2025-05-07T23:59:59.999999999+01:00,PROSPECTUS,9,1
2074,5604260193554,1000.0,PorSi,Néctar pera,Embalagem de 1 l,0.99,0.99,1000,L,€/L,,,https://driveimg1.intermarche.com/pt/Content/images/boitmal/produit/zoom/EC5D7235941CEBB11AB8301EBCF4E95C.jpg,,,,,,,2025-05-07T23:59:59.999999999+01:00,PROSPECTUS,9,1
22335,5000116110940,420.0,Capitão Iglo,"15 douradinhos, embalagem de 420g",,4.99,11.88,0,kg,€/Kg,,Tipo de stockagem,https://driveimg1.intermarche.com/pt/Content/images/boitmal/produit/zoom/3973A8C90F686ECB72E76C3B0A0492D4.jpg,,,,,,,2025-05-07T23:59:59.999999999+01:00,PROSPECTUS,9,1
2237,5604260267200,1000.0,PorSi,"Néctar frutos vermelhos, prisma",Embalagem de 1 l,1.09,1.09,1000,L,€/L,,,https://driveimg1.intermarche.com/pt/Content/images/boitmal/produit/zoom/603718AD338D3557433C94F8C4C28BE1.jpg,,,,,,,2025-05-07T23:59:59.999999999+01:00,PROSPECTUS,9,1
251,2696001000000,400.0,Padaria,Baguete,400 g,0.79,1.98,0,kg,€/Kg,,,https://driveimg1.intermarche.com/pt/Content/images/boitmal/produit/zoom/42C2E126B9E5B84C243F0668DEC3869F.jpg,,,,,,,2025-05-07T23:59:59.999999999+01:00,PROSPECTUS,9,1
26177,5603722514470,1000.0,Matinal,"Leite seleccionado leve, de 1l",,1.08,1.08,1000,L,€/L,,,https://driveimg1.intermarche.com/pt/Content/images/boitmal/produit/zoom/3414EC19C8611CE7E0D99781254117D1.jpg,,,,,,,2025-05-07T23:59:59.999999999+01:00,PROSPECTUS,9,1
26471,5603722510946,800.0,Gresso,"Leite com chocolate, pack 4x200ml",,1.36,1.7,800,L,€/L,,,https://driveimg1.intermarche.com/pt/Content/images/boitmal/produit/zoom/A69F0144F1F806C3F50ABC4BA4C4DDC8.jpg,,,,,,,2025-05-07T23:59:59.999999999+01:00,PROSPECTUS,9,1
28608,5604260282821,160.0,PorSi,"Iogurte Líquido Frutos Tropicais, 4 x 160g",,1.29,8.06,0,kg,€/Kg,,,https://driveimg1.intermarche.com/pt/Content/images/boitmal/produit/zoom/98DAB469B1CF7CBC9019272104A0FF20.jpg,,,,,,,2025-05-07T23:59:59.999999999+01:00,PROSPECTUS,9,1
36926,5604260296729,200.0,PorSi,Queijo flamengo ralado,Embalagem de 200G,1.45,7.25,0,kg,€/Kg,,,https://driveimg1.intermarche.com/pt/Content/images/boitmal/produit/zoom/5080AD1409B4B037F190A3A1EC05EA5E.jpg,,,,,,,2025-05-07T23:59:59.999999999+01:00,PROSPECTUS,9,1
37923,5604260300990,1000.0,PorSi Viva Bem,Bebida de Amêndoa,1 litro,1.09,1.09,1000,L,€/L,,,https://driveimg1.intermarche.com/pt/Content/images/boitmal/produit/zoom/74B05726BD16B03D5A528D4778757940.jpg,,,,,,,2025-05-07T23:59:59.999999999+01:00,PROSPECTUS,9,1
41822,7613039868300,270.0,Nestlé,Cereais estrelitas,Embalagem de 270 g,2.09,7.74,0,kg,€/Kg,,,https://driveimg1.intermarche.com/pt/Content/images/boitmal/produit/zoom/8ED5B2AE951DD00B9C8D9B0148834738.jpg,,,,,,,2025-05-07T23:59:59.999999999+01:00,PROSPECTUS,9,1
43710,5604260309382,180.0,PorSi,Batata frita ondulada wavy,Embalagem de 180g,1.74,9.67,0,kg,€/Kg,,,https://driveimg1.intermarche.com/pt/Content/images/boitmal/produit/zoom/92CF3A22E42D547E87364D7BC0504DBE.jpg,,,,,,,2025-05-07T23:59:59.999999999+01:00,PROSPECTUS,9,1
45388,8013355501278,180.0,Gran Pavesi,"Bolachas crackers folhas clássico, 180g",,1.99,11.06,0,kg,€/Kg,,,https://driveimg1.intermarche.com/pt/Content/images/boitmal/produit/zoom/06E7E32AC20E4DD45996A3FE152403E0.jpg,,,,,,,2025-05-07T23:59:59.999999999+01:00,PROSPECTUS,9,1
46299,5604260315048,500.0,PorSi,Legumes preparados para sopa de espinafres,500 g,1.99,3.98,0,kg,€/Kg,,,https://driveimg1.intermarche.com/pt/Content/images/boitmal/produit/zoom/B4E46060059C3A52994EEE6821B15826.jpg,,,,,,,2025-05-07T23:59:59.999999999+01:00,PROSPECTUS,9,1
47678,5604260319572,96.0,PorSi,Café Splendido,16 cápsulas,3.95,41.15,0,kg,€/Kg,,,https://driveimg1.intermarche.com/pt/Content/images/boitmal/produit/zoom/BE18676367C8B5BB22F7EEF5D41DB56F.jpg,,,,,,,2025-05-07T23:59:59.999999999+01:00,PROSPECTUS,9,1
48862,5604260320592,600.0,PorSi Viva Bem,"Iogurte líquido magro morango,  4x150 ml",,1.29,2.15,600,L,€/L,,,https://driveimg1.intermarche.com/pt/Content/images/boitmal/produit/zoom/6E2158069C8CF147F08FEAD2346409FC.jpg,,,,,,,2025-05-07T23:59:59.999999999+01:00,PROSPECTUS,9,1
5039,5601029001105,120.0,Pitéu,"Filete de cavala em óleo, 120 g",,2.0,16.67,0,kg,€/Kg,,,https://driveimg1.intermarche.com/pt/Content/images/boitmal/produit/zoom/73E77A16ABB6501C787F422E9312D109.jpg,,,,,,,2025-05-07T23:59:59.999999999+01:00,PROSPECTUS,9,1
5247,5601151720752,845.0,Compal,"Feijão frade, lata de 850g",,2.09,2.47,0,kg,€/Kg,,,https://driveimg1.intermarche.com/pt/Content/images/boitmal/produit/zoom/748A199E3B15682C5E3E960F2EBA8A1A.jpg,,,,,,,2025-05-07T23:59:59.999999999+01:00,PROSPECTUS,9,1
54799,5603722521263,604.0,Mimosa,Iogurte magro liquido frutos silvestres 4 x 151 ml,,1.54,2.55,604,L,€/L,,,https://driveimg1.intermarche.com/pt/Content/images/boitmal/produit/zoom/783E43940BBBFF2CB63BFFCCB1232BA5.jpg,,,,,,,2025-05-07T23:59:59.999999999+01:00,PROSPECTUS,9,1
54807,5603722521249,604.0,Mimosa,"Iogurte magro liquido frutos tropicais, 4 x 151 ml",,1.54,2.55,604,L,€/L,,,https://driveimg1.intermarche.com/pt/Content/images/boitmal/produit/zoom/C77456F505DA2CCD8DCF28975C13CB45.jpg,,,,,,,2025-05-07T23:59:59.999999999+01:00,PROSPECTUS,9,1
55264,8445291133273,200.0,Buondi,"Café Moído Torrado Moagem Universal Original Int 9, 200g",,3.89,19.45,0,kg,€/Kg,,,https://driveimg1.intermarche.com/pt/Content/images/boitmal/produit/zoom/12B7362029AD0E17CC16AA453025E6E9.jpg,,,,,,,2025-05-07T23:59:59.999999999+01:00,PROSPECTUS,9,1
8382,5601049131998,1000.0,Mimosa,"Leite uht gordo, embalagem de 1litro",,1.05,1.05,1000,L,€/L,,,https://driveimg1.intermarche.com/pt/Content/images/boitmal/produit/zoom/5D46937192D7E0425B02DA44F0AF6CA9.jpg,https://driveimg1.intermarche.com/pt/Content/images/boitmal/produit/zoom/85426DF0A207BC5690BA7486D86DBCDC.jpg,https://driveimg1.intermarche.com/pt/Content/images/boitmal/produit/zoom/85C3489AE589A6300942C731BCB55282.jpg,,,,,2025-05-07T23:59:59.999999999+01:00,PROSPECTUS,9,1
8384,5601049133992,1000.0,Mimosa,"Leite uht magro, embalagem de 1litro",,0.89,0.89,1000,L,€/L,,,https://driveimg1.intermarche.com/pt/Content/images/boitmal/produit/zoom/128AB814EBA9C0783B386EB2E0A38CC9.jpg,https://driveimg1.intermarche.com/pt/Content/images/boitmal/produit/zoom/8C350978140C257D0AAD7365CD133F0C.jpg,https://driveimg1.intermarche.com/pt/Content/images/boitmal/produit/zoom/B9BED9F397071733FB4D36CBE39ECDBA.jpg,,,,,2025-05-07T23:59:59.999999999+01:00,PROSPECTUS,9,1
9250,5603089002214,200.0,Parmalat,"Nata uht para bater, embalagem de 200 ml",,0.91,4.55,200,L,€/L,,,https://driveimg1.intermarche.com/pt/Content/images/boitmal/produit/zoom/9A69EE65F8E834CFE40CA11D742ED343.jpg,,,,,,,2025-05-07T23:59:59.999999999+01:00,PROSPECTUS,9,1
9292,5603722493812,250.0,Matinal,"Manteiga magra, embalagem de 250g",,2.49,9.96,0,kg,€/Kg,,,https://driveimg1.intermarche.com/pt/Content/images/boitmal/produit/zoom/AA91DFCE88DA98DA1BB05E606B3C1FF9.jpg,,,,,,,2025-05-07T23:59:59.999999999+01:00,PROSPECTUS,9,1
9389,5604260033454,240.0,PorSi,Chouriço de carne extra de porco,Embalagem de 240 g,1.79,7.46,0,kg,€/Kg,,,https://driveimg1.intermarche.com/pt/Content/images/boitmal/produit/zoom/EF9FDE84DCC3E26F64D2E4765C67F3EE.jpg,,,,,,,2025-05-07T23:59:59.999999999+01:00,PROSPECTUS,9,1
940,5601001322402,20.0,Nescafé,"Café solúvel nescafé, embalagem de 20g",,1.49,74.5,0,kg,€/Kg,,,https://driveimg1.intermarche.com/pt/Content/images/boitmal/produit/zoom/BCEBB6129FC84253AC3E2D01F300F9A9.jpg,,,,,,,2025-05-07T23:59:59.999999999+01:00,PROSPECTUS,9,1
989,5601029004014,120.0,Bom Petisco,"Atum posta em óleo, embalagem de 120g",,1.18,9.83,0,kg,€/Kg,,,https://driveimg1.intermarche.com/pt/Content/images/boitmal/produit/zoom/0EDE399096BE62933DCF2A734D746C1A.jpg,,,,,,,2025-05-07T23:59:59.999999999+01:00,PROSPECTUS,9,1
10091,8410100059839,360.0,Nestlé,"Queijinho petit nesquik, embalagem de 6 x 60g",,2.79,7.75,0,kg,€/Kg,,,https://driveimg1.intermarche.com/pt/Content/images/boitmal/produit/zoom/88B248C453A669F7E350B1DDEC2F3C33.jpg,,,,,,,2025-05-07T23:59:59.999999999+01:00,PROSPECTUS,9,1
10094,8435257040776,640.0,Nestlé,"Iogurte líquido yoggi banana, embalagem de 4 x 160 g",,1.99,3.11,0,kg,€/Kg,,,https://driveimg1.intermarche.com/pt/Content/images/boitmal/produit/zoom/6885FCEF2FEF4752D565E64A3BDEE242.jpg,,,,,,,2025-05-07T23:59:59.999999999+01:00,PROSPECTUS,9,1
10095,8435257040899,640.0,Nestlé,"Iogurte líquido yoggi morango, embalagem de 4 x 160g",,1.99,3.11,0,kg,€/Kg,,,https://driveimg1.intermarche.com/pt/Content/images/boitmal/produit/zoom/BCBB1C4518CDF8045B46EB41CD173E54.jpg,,,,,,,2025-05-07T23:59:59.999999999+01:00,PROSPECTUS,9,2
10273,8410436240130,50.0,Sonasol,Bloco sanitário blue activ higiene,Embalagem de 50 g,1.98,39.6,0,kg,€/Kg,,,https://driveimg1.intermarche.com/pt/Content/images/boitmal/produit/zoom/030C25BBFC0551A8A26341A0DB18F1E8.jpg,,,,,,,2025-05-07T23:59:59.999999999+01:00,PROSPECTUS,9,2
10280,8410469002781,,Colhogar,"Papel higiénico compacto ultra suave xxl, 12 rolos",,5.2,5.2,12,,€/Unidade,,,https://driveimg1.intermarche.com/pt/Content/images/boitmal/produit/zoom/25C6AA40EDFE818F3044E21D30E55D7F.jpg,,,,,,,2025-05-07T23:59:59.999999999+01:00,PROSPECTUS,9,2
1114,5601066300780,500.0,Nacional,"Massa de maçarrão riscado, embalagem de 500g",,0.89,1.78,0,kg,€/Kg,,,https://driveimg1.intermarche.com/pt/Content/images/boitmal/produit/zoom/6E823110DFCFAB922E5CE2EEC9376131.jpg,,,,,,,2025-05-07T23:59:59.999999999+01:00,PROSPECTUS,9,2
1116,5601066301152,500.0,Nacional,"Massa de cotovelos, embalagem de 500g",,0.89,1.78,0,kg,€/Kg,,,https://driveimg1.intermarche.com/pt/Content/images/boitmal/produit/zoom/8DDB0C745E67458BAC26BBF8F8ADAE50.jpg,,,,,,,2025-05-07T23:59:59.999999999+01:00,PROSPECTUS,9,2
11444,5600314551028,750.0,Herdade da Comporta,Vinho tinto regional setúbal,Garrafa de 0.75 l,5.99,7.99,750,L,€/L,,,https://driveimg1.intermarche.com/pt/Content/images/boitmal/produit/zoom/456378156A388EBF8B9B887A91AD1190.jpg,,,,,,,2025-05-07T23:59:59.999999999+01:00,PROSPECTUS,9,2
11464,5601018003400,1000.0,Matinal,"Leite seleccionado meio gordo, de 1l",,0.99,0.99,1000,L,€/L,,,https://driveimg1.intermarche.com/pt/Content/images/boitmal/produit/zoom/5F34056BF2D07C9D39E218B31081D1FC.jpg,,,,,,,2025-05-07T23:59:59.999999999+01:00,PROSPECTUS,9,2
11465,5601018003608,1000.0,Matinal,"Leite seleccionado magro, de 1l",,0.99,0.99,1000,L,€/L,,,https://driveimg1.intermarche.com/pt/Content/images/boitmal/produit/zoom/F46A1F399BBA63407EB01F30929F5649.jpg,,,,,,,2025-05-07T23:59:59.999999999+01:00,PROSPECTUS,9,2
11471,5601029004076,120.0,Bom Petisco,Atum posta ao natural,Embalagem de 120 g,1.99,16.58,0,kg,€/Kg,,,https://driveimg1.intermarche.com/pt/Content/images/boitmal/produit/zoom/D148E1488041C84EB0524ADACAE78B3A.jpg,,,,,,,2025-05-07T23:59:59.999999999+01:00,PROSPECTUS,9,2
11613,5601164864467,1320.0,Somersby,"Sidra maçã, pack 4 x 0.33 l",,3.89,2.95,1320,L,€/L,,,https://driveimg1.intermarche.com/pt/Content/images/boitmal/produit/zoom/F0118862B10C3F3FD894ACFE7A34A6C9.jpg,,,,,,,2025-05-07T23:59:59.999999999+01:00,PROSPECTUS,9,2
11687,5601244202158,400.0,Terra Nostra,"Queijo fatias redução de gordura, embalagem de 400g",,5.09,12.73,0,kg,€/Kg,,,https://driveimg1.intermarche.com/pt/Content/images/boitmal/produit/zoom/1F91460A767DF4AF90E45E918A360294.jpg,,,,,,,2025-05-07T23:59:59.999999999+01:00,PROSPECTUS,9,2
1230,5601146232512,1500.0,Joi,"Refrigerante sem gás, maracujá e la, garrafa de 1,5 l",,1.29,0.86,1500,L,€/L,,,https://driveimg1.intermarche.com/pt/Content/images/boitmal/produit/zoom/430468AF369DBE1139E298A0EA69B620.jpg,,,,,,,2025-05-07T23:59:59.999999999+01:00,PROSPECTUS,9,2
12471,8435257040868,640.0,Nestlé,"Iogurte líquido yoggi morango/banana, embalagem de 4 x 160g",,1.99,3.11,0,kg,€/Kg,,,https://driveimg1.intermarche.com/pt/Content/images/boitmal/produit/zoom/E92C48D7A1A5BA67322D0E6250F5BAFF.jpg,,,,,,,2025-05-07T23:59:59.999999999+01:00,PROSPECTUS,9,2
1270,5601151023150,500.0,Compal,"Polpa de tomate com cebola e alho, embalagem de 500g",,1.39,2.78,0,kg,€/Kg,,,https://driveimg1.intermarche.com/pt/Content/images/boitmal/produit/zoom/195ABA90C0C8B2FE1D9EE0202B59D28C.jpg,,,,,,,2025-05-07T23:59:59.999999999+01:00,PROSPECTUS,9,2
1272,5601151060254,500.0,Compal,"Tomate triturado, embalagem de 500g",,1.39,2.78,0,kg,€/Kg,,,https://driveimg1.intermarche.com/pt/Content/images/boitmal/produit/zoom/F73D2E34D160FB2C4040DA3AD1BBEF87.jpg,,,,,,,2025-05-07T23:59:59.999999999+01:00,PROSPECTUS,9,2
13095,2893071000000,100.0,Peixaria,Carapau Pequeno,1 un = 100 g (aprox.),0.35,3.49,0,,€/Kg,,,https://driveimg1.intermarche.com/pt/Content/images/boitmal/produit/zoom/07606BE143D22CF4796A63CA9C752E5B.jpg,,,,,,,2025-05-07T23:59:59.999999999+01:00,PROSPECTUS,9,2
1347,5601170167743,180.0,Vatel,Flôr de sal,Embalagem de 180g,1.59,8.83,0,kg,€/Kg,,,https://driveimg1.intermarche.com/pt/Content/images/boitmal/produit/zoom/EF4C88EA04F040C24B79436492A3A84D.jpg,,,,,,,2025-05-07T23:59:59.999999999+01:00,PROSPECTUS,9,2
13529,2893521000000,1000.0,Peixaria,Pescada do Chile Congelada Nº3,1 un= 1 kg (aprox.),9.59,9.59,0,,€/Kg,,Avantages !,https://driveimg1.intermarche.com/pt/Content/images/boitmal/produit/zoom/40D57D35BBDBDF72027C959F41A6E90C.jpg,,,,,,,2025-05-07T23:59:59.999999999+01:00,PROSPECTUS,9,2
13566,2893560000000,250.0,Congelado de Aquicultura,Camarão Congelado 20/30,1 un = 250 gr  (aprox.),2.5,9.99,0,,€/Kg,,Avantages !,https://driveimg1.intermarche.com/pt/Content/images/boitmal/produit/zoom/863DB9F10BE616A55736AB7A17BC6BB5.jpg,,,,,,,2025-05-07T23:59:59.999999999+01:00,PROSPECTUS,9,2
13603,2893598000000,250.0,Peixaria,Sardinha Pequena Congelada,1 un= 250 gr (aprox.),0.75,2.99,0,,€/Kg,,Avantages !,https://driveimg1.intermarche.com/pt/Content/images/boitmal/produit/zoom/3CA0FC96B889D2EC96F915EEAEB30E47.jpg,,,,,,,2025-05-07T23:59:59.999999999+01:00,PROSPECTUS,9,2
13981,2696138000000,60.0,Pastelaria,Pastel de Nata,60 g,0.39,6.5,0,kg,€/Kg,,,https://driveimg1.intermarche.com/pt/Content/images/boitmal/produit/zoom/EA9B10BF07D95E268418206A452F7022.jpg,,,,,,,2025-05-07T23:59:59.999999999+01:00,PROSPECTUS,9,2
1426,5601255312112,1000.0,Caçarola,"Arroz carolino, embalagem de 1kg",,1.46,1.46,0,kg,€/Kg,,,https://driveimg1.intermarche.com/pt/Content/images/boitmal/produit/zoom/388FB3F635721933A190C4300DB6A7D4.jpg,,,,,,,2025-05-07T23:59:59.999999999+01:00,PROSPECTUS,9,2
14373,7613034584236,100.0,Nescafé,"Café solúvel creme, embalagem de 100g",,3.79,37.9,0,kg,€/Kg,,,https://driveimg1.intermarche.com/pt/Content/images/boitmal/produit/zoom/48199761533FB8DB6A796A993ABA4535.jpg,,,,,,,2025-05-07T23:59:59.999999999+01:00,PROSPECTUS,9,2
15013,2892586000000,1000.0,Programa Origens,Couve Roxa,1 un = 1 kg (aprox.),0.89,0.89,0,,€/Kg,,,https://driveimg1.intermarche.com/pt/Content/images/boitmal/produit/zoom/0752C121E89F4808C55CABA6C3E6EA04.jpg,,,,,,,2025-05-07T23:59:59.999999999+01:00,PROSPECTUS,9,2
15044,2892296000000,150.0,Fruta,Pera Packam,1 un = 150 gr (aprox.),0.25,1.69,0,,€/Kg,,,https://driveimg1.intermarche.com/pt/Content/images/boitmal/produit/zoom/82D4D87CA189AE6CDD0C48DAE6C968FE.jpg,,,,,,,2025-05-07T23:59:59.999999999+01:00,PROSPECTUS,9,2
15349,5603722514203,1000.0,Mimosa,"Leite infantil 3+ anos sem lactose, de 1 l",,1.88,1.88,1000,L,€/L,,,https://driveimg1.intermarche.com/pt/Content/images/boitmal/produit/zoom/094DEBD5422652B3A0B648EAF46A79A6.jpg,https://driveimg1.intermarche.com/pt/Content/images/boitmal/produit/zoom/C8D2B05C3B050A036DFF481D77A9A7CA.jpg,https://driveimg1.intermarche.com/pt/Content/images/boitmal/produit/zoom/A8FB4969B6C4BCA92A1313FDA5392B39.jpg,,,,,2025-05-07T23:59:59.999999999+01:00,PROSPECTUS,9,2
15504,5601050031669,480.0,Danone,"Iogurte activia cremoso frutos silvestres,  4 x 120 g",,1.99,4.15,0,kg,€/Kg,,,https://driveimg1.intermarche.com/pt/Content/images/boitmal/produit/zoom/026F552D6926173F10573B7F8F21FD44.jpg,,,,,,,2025-05-07T23:59:59.999999999+01:00,PROSPECTUS,9,2
15566,8410063056180,250.0,Pescanova,"Miolo camarão, 250g",,6.99,27.96,0,kg,€/Kg,,Tipo de stockagem,https://driveimg1.intermarche.com/pt/Content/images/boitmal/produit/zoom/BEE1FF3586E000AD085B4D38C7ACD034.jpg,,,,,,,2025-05-07T23:59:59.999999999+01:00,PROSPECTUS,9,2
16022,5601146703609,5000.0,Sagres,Cerveja Mini,20 x 0.25 l,9.79,1.96,5000,L,€/L,,,https://driveimg1.intermarche.com/pt/Content/images/boitmal/produit/zoom/DB02895A50A259FB6B3AB495851D234D.jpg,,,,,,,2025-05-07T23:59:59.999999999+01:00,PROSPECTUS,9,2
16492,8718951037847,500.0,Ajax,"Limpa vidros pistola, tripla acção, embalagem de 500 ml",,1.97,3.94,500,L,€/L,,,https://driveimg1.intermarche.com/pt/Content/images/boitmal/produit/zoom/835152AD536CA633AE488A10E244161F.jpg,,,,,,,2025-05-07T23:59:59.999999999+01:00,PROSPECTUS,9,2
16919,8718951037878,500.0,Ajax,"Limpa vidros cristal recarga, 500 ml",,1.79,3.58,500,L,€/L,,,https://driveimg1.intermarche.com/pt/Content/images/boitmal/produit/zoom/347189FDE440F5C76849CD3F7F37CA5B.jpg,,,,,,,2025-05-07T23:59:59.999999999+01:00,PROSPECTUS,9,2
17969,8410104156695,,Air Wick,Recarga ambientador elétrico delícias de verão,,3.59,3.59,1,,€/Unidade,,,https://driveimg1.intermarche.com/pt/Content/images/boitmal/produit/zoom/6FDA4F526BE600B71E3CC2981419E972.jpg,,,,,,,2025-05-07T23:59:59.999999999+01:00,PROSPECTUS,9,2
18083,5601008200017,258.0,Vieira,Bolacha digestive aveia 258g,,1.79,6.94,0,kg,€/Kg,,,https://driveimg1.intermarche.com/pt/Content/images/boitmal/produit/zoom/74BF051807707504BF4C099005DC7DC3.jpg,,,,,,,2025-05-07T23:59:59.999999999+01:00,PROSPECTUS,9,2
18261,3147690016304,750.0,Cruz,Vinh do porto ruby,Garrafa de 750 ml,5.29,7.05,750,L,€/L,,,https://driveimg1.intermarche.com/pt/Content/images/boitmal/produit/zoom/E4AAD8D82BD58FEDC8637FEC2C456459.jpg,,,,,,,2025-05-07T23:59:59.999999999+01:00,PROSPECTUS,9,2
18324,5601008200062,400.0,Vieira,"Sortido bolacha princesa, embalagem de 400g",,3.74,9.35,0,kg,€/Kg,,,https://driveimg1.intermarche.com/pt/Content/images/boitmal/produit/zoom/BDDBE098694F079E98874687F28E35B0.jpg,,,,,,,2025-05-07T23:59:59.999999999+01:00,PROSPECTUS,9,2
18711,5604575000035,750.0,Cabriz,"Vinhos branco reserva dão, garrafa de 0,75l",,7.49,9.99,750,L,€/L,,,https://driveimg1.intermarche.com/pt/Content/images/boitmal/produit/zoom/91905A0429F048BD49D00D8F03E1B9E2.jpg,,,,,,,2025-05-07T23:59:59.999999999+01:00,PROSPECTUS,9,2
19585,8435257033822,720.0,Longa vida,"Iogurte magro natural, embalagem de 6 x 120g",,2.29,3.18,0,kg,€/Kg,,,https://driveimg1.intermarche.com/pt/Content/images/boitmal/produit/zoom/0343709B1D70140B7336A86F6CAA12F8.jpg,,,,,,,2025-05-07T23:59:59.999999999+01:00,PROSPECTUS,9,2
20648,5601174305004,750.0,Alambre,"Moscatel roxo setúbal, garrafa de 750 ml",,11.99,15.99,750,L,€/L,,,https://driveimg1.intermarche.com/pt/Content/images/boitmal/produit/zoom/0F031D29405B80D49FF22BA171BE944B.jpg,,,,,,,2025-05-07T23:59:59.999999999+01:00,PROSPECTUS,9,2
20688,5604260281046,500.0,Apta,Insecticida Liquido Vaporizante,Embalagem de 500 ml,2.89,5.78,500,L,€/L,,,https://driveimg1.intermarche.com/pt/Content/images/boitmal/produit/zoom/DCA0CC688EB4E8556A4A72987490D6D4.jpg,,,,,,,2025-05-07T23:59:59.999999999+01:00,PROSPECTUS,9,2
2072,5604260193516,1000.0,PorSi,"Néctar pêssego, prisma",Embalagem de 1 l,0.99,0.99,1000,L,€/L,,,https://driveimg1.intermarche.com/pt/Content/images/boitmal/produit/zoom/97F49C4D0E66A2DF521CA59C061AD2F6.jpg,,,,,,,2025-05-07T23:59:59.999999999+01:00,PROSPECTUS,9,2
21339,5603089007134,200.0,Parmalat,"Nata uht 0% lactose, embalagem de 200 ml",,1.09,5.45,200,L,€/L,,,https://driveimg1.intermarche.com/pt/Content/images/boitmal/produit/zoom/4DE276C95463646D95E7252C2976F63F.jpg,,,,,,,2025-05-07T23:59:59.999999999+01:00,PROSPECTUS,9,2
22338,8715700422084,400.0,Heinz,Maionese top down de 400 ml,,2.46,6.15,400,L,€/L,,,https://driveimg1.intermarche.com/pt/Content/images/boitmal/produit/zoom/612634FE8A5F525F53CC12FEFDCD73F6.jpg,,,,,,,2025-05-07T23:59:59.999999999+01:00,PROSPECTUS,9,2
22953,8411660670236,750.0,Sanytol,Desinfetante Multiusos,Embalagem de 750 ml,2.49,3.32,750,L,€/L,,,https://driveimg1.intermarche.com/pt/Content/images/boitmal/produit/zoom/1EEAA97664C33C6BEBEA4FA4B7290F03.jpg,,,,,,,2025-05-07T23:59:59.999999999+01:00,PROSPECTUS,9,2
22955,3045200760009,500.0,Sanytol,"Desinfetante para Roupa, 500ml",,2.64,5.28,500,L,€/L,,,https://driveimg1.intermarche.com/pt/Content/images/boitmal/produit/zoom/932FDF72A4293CF6B46E5DCF125CBB20.jpg,,,,,,,2025-05-07T23:59:59.999999999+01:00,PROSPECTUS,9,2
2308,5604260271795,2000.0,PorSi,Refrigerante com gás cola,Garrafa de 2 l,1.29,0.65,2000,L,€/L,,,https://driveimg1.intermarche.com/pt/Content/images/boitmal/produit/zoom/FAE084877CD5F49373EA9981F15AE891.jpg,,,,,,,2025-05-07T23:59:59.999999999+01:00,PROSPECTUS,9,2
23353,5000116112197,375.0,Capitão Iglo,"18 nuggets de frango, embalagem de 380g",,4.99,13.31,0,kg,€/Kg,,Tipo de stockagem,https://driveimg1.intermarche.com/pt/Content/images/boitmal/produit/zoom/F26C89B365D9DC17E138C74AB049DE6B.jpg,,,,,,,2025-05-07T23:59:59.999999999+01:00,PROSPECTUS,9,2
23525,5000204711936,500.0,Pronto,"Limpa móveis pistola, aloé vera, 500 ml",,2.99,5.98,500,L,€/L,,,https://driveimg1.intermarche.com/pt/Content/images/boitmal/produit/zoom/14C54EF198A96095262809AA1E3E0127.jpg,,,,,,,2025-05-07T23:59:59.999999999+01:00,PROSPECTUS,9,2
2459,7613031497096,400.0,Nestlé,"Fruta para bebé maçã pera +4 meses, embalagem de 4 x 100g",,2.54,6.35,0,kg,€/Kg,,,https://driveimg1.intermarche.com/pt/Content/images/boitmal/produit/zoom/A3657AC5DA61941E17EE1AD603103EE0.jpg,,,,,,,2025-05-07T23:59:59.999999999+01:00,PROSPECTUS,9,2
2520,7613033822827,250.0,Nestum,"Cereais mel com cereais integrais, embalagem de 250g",,2.24,8.96,0,kg,€/Kg,,,https://driveimg1.intermarche.com/pt/Content/images/boitmal/produit/zoom/50987E91B590C03F84755178E67E5C7E.jpg,,,,,,,2025-05-07T23:59:59.999999999+01:00,PROSPECTUS,9,2
25706,8411660670229,750.0,Sanytol,Desinfetante p/ WC,Embalagem de 750 ml,2.49,3.32,750,L,€/L,,,https://driveimg1.intermarche.com/pt/Content/images/boitmal/produit/zoom/D105B4A8ECD800E2D1E3546D9AD3B145.jpg,,,,,,,2025-05-07T23:59:59.999999999+01:00,PROSPECTUS,9,2
25783,8714100667569,61.0,Knorr,Noodles galinha,Embalagem de 60g,0.84,13.77,0,kg,€/Kg,,,https://driveimg1.intermarche.com/pt/Content/images/boitmal/produit/zoom/E529FFAC22E4D5C7973ADAD96806025F.jpg,,,,,,,2025-05-07T23:59:59.999999999+01:00,PROSPECTUS,9,2
26485,3600542034074,400.0,Fructis,Champô Hidraliso,Embalagem de 400 ml,5.99,14.98,400,L,€/L,,,https://driveimg1.intermarche.com/pt/Content/images/boitmal/produit/zoom/0A5BF6BD4C0B7CE0E1D33260CCEBEAEB.jpg,,,,,,,2025-05-07T23:59:59.999999999+01:00,PROSPECTUS,9,2
2748,8410063044521,200.0,Pescanova,"Miolo de camarão cozido 40/60, 200 g",,6.39,31.95,0,kg,€/Kg,,Tipo de stockagem,https://driveimg1.intermarche.com/pt/Content/images/boitmal/produit/zoom/D50FF0C33F27025B364B2A0F02EC1F36.jpg,,,,,,,2025-05-07T23:59:59.999999999+01:00,PROSPECTUS,9,2
28443,0000042332824,50.0,Nivea Men,"Desodorizante Black&White Active Roll-On Invisible, 50ml",,2.99,59.8,50,L,€/L,,,https://driveimg1.intermarche.com/pt/Content/images/boitmal/produit/zoom/538D880A4316C24B4677438473304099.jpg,,,,,,,2025-05-07T23:59:59.999999999+01:00,PROSPECTUS,9,2
28681,5605173897317,2000.0,Maçã da Beira Alta IGP,Maçã Starking,Embalagem de 2 kg,2.45,1.23,0,kg,€/Kg,,,https://driveimg1.intermarche.com/pt/Content/images/boitmal/produit/zoom/39E9CAB337058C7FF50B1CAA47070535.jpg,,,,,,,2025-05-07T23:59:59.999999999+01:00,PROSPECTUS,9,2
30165,8410436320573,1100.0,Sonasol,Lava Tudo Brilhante Eucalipto,"embalagem 1,1L",2.79,2.54,1100,L,€/L,,,https://driveimg1.intermarche.com/pt/Content/images/boitmal/produit/zoom/1D59B5FEAE0C00D87C9E61FEE70A9A3D.jpg,,,,,,,2025-05-07T23:59:59.999999999+01:00,PROSPECTUS,9,2
31907,4005900388551,50.0,Nivea,"Desodorizante pure & natural roll on, 50 ml",,2.99,59.8,50,L,€/L,,,https://driveimg1.intermarche.com/pt/Content/images/boitmal/produit/zoom/ECAF4A1AD2575DDB5B61D99D918BFBAA.jpg,,,,,,,2025-05-07T23:59:59.999999999+01:00,PROSPECTUS,9,2
32137,5604925003488,200.0,Porminho,Bacon Extra Nacos,200 g,2.79,13.95,0,kg,€/Kg,,,https://driveimg1.intermarche.com/pt/Content/images/boitmal/produit/zoom/D81157DF46100DDFD8CF642B47ECCFDA.jpg,,,,,,,2025-05-07T23:59:59.999999999+01:00,PROSPECTUS,9,2
34090,8711200407583,28.0,Lipton,"Infusão silhueta com cavalinha, 20 saquetas",,2.1,75.0,0,kg,€/Kg,,,https://driveimg1.intermarche.com/pt/Content/images/boitmal/produit/zoom/4C498F0606E03EBC587933086A2E4CE4.jpg,,,,,,,2025-05-07T23:59:59.999999999+01:00,PROSPECTUS,9,2
34373,7622210495716,187.0,Prince,Bolacha mini stars chocolate leite,Embalagem de 187 g,2.14,11.44,0,kg,€/Kg,,,https://driveimg1.intermarche.com/pt/Content/images/boitmal/produit/zoom/5B1CB4EBA313DE8C3C89BA85B0646316.jpg,,,,,,,2025-05-07T23:59:59.999999999+01:00,PROSPECTUS,9,2
36186,8715700017006,570.0,Heinz,"Ketchup top down, 570g",,3.24,5.68,0,kg,€/Kg,,,https://driveimg1.intermarche.com/pt/Content/images/boitmal/produit/zoom/61C6EABD68232C332B75678207D54C3E.jpg,,,,,,,2025-05-07T23:59:59.999999999+01:00,PROSPECTUS,9,2
3642,3059943009080,250.0,Air Wick,"Ambientador recarga lavanda, de 250 ml",,3.59,14.36,250,L,€/L,,,https://driveimg1.intermarche.com/pt/Content/images/boitmal/produit/zoom/1B5D8D27BED08EFB10F243DEB281D401.jpg,,,,,,,2025-05-07T23:59:59.999999999+01:00,PROSPECTUS,9,2
37444,7613036955799,250.0,Nestum,"Nestum zero mel, embalagem de 250g",,2.24,8.96,0,kg,€/Kg,,,https://driveimg1.intermarche.com/pt/Content/images/boitmal/produit/zoom/5B200610F8E9504D3552A7693F67BE32.jpg,,,,,,,2025-05-07T23:59:59.999999999+01:00,PROSPECTUS,9,2
37900,5601119305007,210.0,Nobre,"Salsicha hot dog, frasco de 250g",,2.39,11.38,0,kg,€/Kg,,,https://driveimg1.intermarche.com/pt/Content/images/boitmal/produit/zoom/68E53CA887C0767923F878238ADB6D84.jpg,,,,,,,2025-05-07T23:59:59.999999999+01:00,PROSPECTUS,9,2
37940,8410022000032,300.0,Donuts,6 donuts classic,Embalagem com 300 g,2.99,9.97,0,kg,€/Kg,,,https://driveimg1.intermarche.com/pt/Content/images/boitmal/produit/zoom/4763C25C324D6011DC0584FB6F2F49B3.jpg,,,,,,,2025-05-07T23:59:59.999999999+01:00,PROSPECTUS,9,2
37987,5601809011539,550.0,Riberalves,Lombos de bacalhau 4 meses de cura,Embalagem de 550 g,13.99,25.44,0,kg,€/Kg,,Tipo de stockagem,https://driveimg1.intermarche.com/pt/Content/images/boitmal/produit/zoom/9C6DE71E12945881D3F9808E35022C27.jpg,,,,,,,2025-05-07T23:59:59.999999999+01:00,PROSPECTUS,9,2
43082,0000050147311,100.0,Colmans,Colman's mostarda tradicional inglesa,Embalagem de 100g,2.63,26.3,0,kg,€/Kg,,,https://driveimg1.intermarche.com/pt/Content/images/boitmal/produit/zoom/4D99B4533E997F5B3EB966D0094FADA9.jpg,,,,,,,2025-05-07T23:59:59.999999999+01:00,PROSPECTUS,9,2
44295,5601163080714,330.0,Luso,"Água sem gás, garrafa de 330 ml",,0.36,1.09,330,L,€/L,,,https://driveimg1.intermarche.com/pt/Content/images/boitmal/produit/zoom/B86A54C3A1C1F94A10C49307949976CF.jpg,,,,,,,2025-05-07T23:59:59.999999999+01:00,PROSPECTUS,9,2
44642,8410199021168,140.0,Doritos,"Snack de milho com sabor chilli, 140g",,1.39,9.93,0,kg,€/Kg,,,https://driveimg1.intermarche.com/pt/Content/images/boitmal/produit/zoom/4BF0B752BBDEC2A3E78C82178EA88929.jpg,,,,,,,2025-05-07T23:59:59.999999999+01:00,PROSPECTUS,9,2
44763,5449000013231,1500.0,Sprite,"Refrigerante lima limão zero açúcar, garrafa 1.5 l",,0.99,0.66,1500,L,€/L,,,https://driveimg1.intermarche.com/pt/Content/images/boitmal/produit/zoom/CA978886592B1D4304FE94C81DC98A43.jpg,,,,,,,2025-05-07T23:59:59.999999999+01:00,PROSPECTUS,9,2
46169,5601260018108,1000.0,Cigala,"Arroz thai jasmim, embalagem de 1 kg",,2.09,2.09,0,kg,€/Kg,,,https://driveimg1.intermarche.com/pt/Content/images/boitmal/produit/zoom/7E6CA829E5A990F6AAC16711E18D780D.jpg,,,,,,,2025-05-07T23:59:59.999999999+01:00,PROSPECTUS,9,2
46499,7613287399045,,Nescafé,Café em cápsulas Dolce Gusto Intenso,64 cápsulas,17.99,17.99,0,,€/Unidade,,,https://driveimg1.intermarche.com/pt/Content/images/boitmal/produit/zoom/C18E938357B5F7158AF721A91D724A11.jpg,,,,,,,2025-05-07T23:59:59.999999999+01:00,PROSPECTUS,9,2
47635,8412600018316,300.0,Bimbo,Bimbo® bagels clássico 4 un.,Embalagem de 300g,2.29,7.63,0,kg,€/Kg,,,https://driveimg1.intermarche.com/pt/Content/images/boitmal/produit/zoom/E29B7F13889FE8AF18A9C1C0F8DAA10D.jpg,,,,,,,2025-05-07T23:59:59.999999999+01:00,PROSPECTUS,9,2
47636,8412600018323,300.0,Bimbo,Bimbo® bagels sementes 4 un.,Embalagem de 300g,2.29,7.63,0,kg,€/Kg,,,https://driveimg1.intermarche.com/pt/Content/images/boitmal/produit/zoom/BF6C29E8954E6CC8FE9F7A9ADC699919.jpg,,,,,,,2025-05-07T23:59:59.999999999+01:00,PROSPECTUS,9,2
47653,8414100306559,330.0,Schweppes,"Ginger ale, lata 33 cl",,0.72,2.18,330,L,€/L,,,https://driveimg1.intermarche.com/pt/Content/images/boitmal/produit/zoom/AF2113C89BE09A44CC79705B477BE6A0.jpg,,,,,,,2025-05-07T23:59:59.999999999+01:00,PROSPECTUS,9,2
47661,5603722496981,800.0,Mimosa,"Leite infantil 1 a 3 anos, 4 x 200 ml",,1.88,2.35,800,L,€/L,,,https://driveimg1.intermarche.com/pt/Content/images/boitmal/produit/zoom/1D994EB1FEC01E1F16838498F3D2095C.jpg,,,,,,,2025-05-07T23:59:59.999999999+01:00,PROSPECTUS,9,2
47777,5604260320134,160.0,PorSi,Galão,16 cápsulas,3.95,24.69,0,kg,€/Kg,,,https://driveimg1.intermarche.com/pt/Content/images/boitmal/produit/zoom/622B7CF0482B57DB51970F9FB85E34D4.jpg,https://driveimg1.intermarche.com/pt/Content/images/boitmal/produit/zoom/62481A8FF61C1D90AD7A2D41D5674278.jpg,https://driveimg1.intermarche.com/pt/Content/images/boitmal/produit/zoom/62481A8FF61C1D90AD7A2D41D5674278.jpg,https://driveimg1.intermarche.com/pt/Content/images/boitmal/produit/zoom/62481A8FF61C1D90AD7A2D41D5674278.jpg,https://driveimg1.intermarche.com/pt/Content/images/boitmal/produit/zoom/62481A8FF61C1D90AD7A2D41D5674278.jpg,https://driveimg1.intermarche.com/pt/Content/images/boitmal/produit/zoom/62481A8FF61C1D90AD7A2D41D5674278.jpg,https://driveimg1.intermarche.com/pt/Content/images/boitmal/produit/zoom/62481A8FF61C1D90AD7A2D41D5674278.jpg,2025-05-07T23:59:59.999999999+01:00,PROSPECTUS,9,2
47782,5604260319985,1000.0,PorSi Viva Bem,Bebida avelã,1 litro,1.29,1.29,1000,L,€/L,,,https://driveimg1.intermarche.com/pt/Content/images/boitmal/produit/zoom/094EAEBDE5D57C017BB756A541CFD9A9.jpg,,,,,,,2025-05-07T23:59:59.999999999+01:00,PROSPECTUS,9,2
4795,5010327000404,700.0,Grants,"Whisky, garrafa de 700 ml",,12.89,18.41,700,L,€/L,,,https://driveimg1.intermarche.com/pt/Content/images/boitmal/produit/zoom/5FEB2C2793B73FD65BBED9B479FAD32C.jpg,,,,,,,2025-05-07T23:59:59.999999999+01:00,PROSPECTUS,9,2
48147,5604260319473,375.0,PorSi,Cereais bolas de chocolate,Embalagem de 375g,1.99,5.31,0,kg,€/Kg,,,https://driveimg1.intermarche.com/pt/Content/images/boitmal/produit/zoom/5294C2BF73A83D73BA33679B6F112608.jpg,https://driveimg1.intermarche.com/pt/Content/images/boitmal/produit/zoom/97B9E90D32C20B8DE50A5D91D0038712.jpg,,,,,,2025-05-07T23:59:59.999999999+01:00,PROSPECTUS,9,2
48782,8410199023070,150.0,LayS,"Batatas camponesas, embalagem de 150g",,1.29,8.6,0,kg,€/Kg,,,https://driveimg1.intermarche.com/pt/Content/images/boitmal/produit/zoom/D570E7E39595628616CA3F3914A72126.jpg,,,,,,,2025-05-07T23:59:59.999999999+01:00,PROSPECTUS,9,2
49349,5202390015878,200.0,Violife,"Preparado vegan fatiado original, 200g",,3.39,16.95,0,kg,€/Kg,,,https://driveimg1.intermarche.com/pt/Content/images/boitmal/produit/zoom/E3E9B2E4D8CEE2218A5C1868481E82DA.jpg,,,,,,,2025-05-07T23:59:59.999999999+01:00,PROSPECTUS,9,2
49542,5604260323906,1000.0,PorSi Viva Bem,Bebida de amêndoa s/ açúcar,Embalagem de 1 litro,1.35,1.35,1000,L,€/L,,,https://driveimg1.intermarche.com/pt/Content/images/boitmal/produit/zoom/F89BE6092FFDF79437CA524ACE479BA7.jpg,,,,,,,2025-05-07T23:59:59.999999999+01:00,PROSPECTUS,9,2
49819,5603722517327,600.0,Matinal,"Leite seleccionado leve, pack 3 x 200 ml",,1.43,2.38,600,L,€/L,,,https://driveimg1.intermarche.com/pt/Content/images/boitmal/produit/zoom/4E1E39519082067F8E10CE178A1C4928.jpg,,,,,,,2025-05-07T23:59:59.999999999+01:00,PROSPECTUS,9,2
49964,8719200238176,225.0,Becel,"Creme de barrar, embalagem de 225g",,1.99,8.84,0,kg,€/Kg,,,https://driveimg1.intermarche.com/pt/Content/images/boitmal/produit/zoom/02C3B8CB4BF40DA381639A6BD63AEBA6.jpg,,,,,,,2025-05-07T23:59:59.999999999+01:00,PROSPECTUS,9,2
49995,8445290170736,800.0,NAN,Leite Transição Optipro 3 +10 Meses,Embalagem de 800g,11.59,14.49,0,kg,€/Kg,,,https://driveimg1.intermarche.com/pt/Content/images/boitmal/produit/zoom/04AEC96DB6A5F805D25E7E9E11EE5586.jpg,,,,,,,2025-05-07T23:59:59.999999999+01:00,PROSPECTUS,9,2
50629,5603722521454,1208.0,Mimosa,"Iogurte magro liquido de morango e framboesa, 8 x 151ml",,2.99,2.48,1208,L,€/L,,,https://driveimg1.intermarche.com/pt/Content/images/boitmal/produit/zoom/AB607BD866F448FA21D3247580B1F4C6.jpg,,,,,,,2025-05-07T23:59:59.999999999+01:00,PROSPECTUS,9,2
50657,7622201723767,150.0,Philadelphia,Queijo Creme Original,Embalagem de 150g,1.79,11.93,0,kg,€/Kg,,,https://driveimg1.intermarche.com/pt/Content/images/boitmal/produit/zoom/20323EE24C6F48A7328A69B95A2AA090.jpg,,,,,,,2025-05-07T23:59:59.999999999+01:00,PROSPECTUS,9,2
50658,7622201724443,150.0,Philadelphia,Queijo creme philadelphia light 150g,,1.79,11.93,0,kg,€/Kg,,,https://driveimg1.intermarche.com/pt/Content/images/boitmal/produit/zoom/8FABEA35481B05FDB647E4BD69595A1D.jpg,,,,,,,2025-05-07T23:59:59.999999999+01:00,PROSPECTUS,9,2
51113,8720181262784,500.0,Cif,"Limpa casa banho spray higiene c/ lixívia, 500 ml",,1.99,3.98,500,L,€/L,,,https://driveimg1.intermarche.com/pt/Content/images/boitmal/produit/zoom/8CA4C0BAC8A169ADEC56BAD426803345.jpg,,,,,,,2025-05-07T23:59:59.999999999+01:00,PROSPECTUS,9,2
51177,8410436440455,,Persil,Detergente máquina roupa sabão azul e branco,76 doses,9.99,9.99,0,,€/Unidade,,,https://driveimg1.intermarche.com/pt/Content/images/boitmal/produit/zoom/5E50EB12EEC3E6015B903038248E68ED.jpg,,,,,,,2025-05-07T23:59:59.999999999+01:00,PROSPECTUS,9,2
51913,3073781193190,250.0,A Vaca Que Ri,"Queijo fundido light, 250g",,2.95,11.8,0,kg,€/Kg,,,https://driveimg1.intermarche.com/pt/Content/images/boitmal/produit/zoom/E15DBF8C50BC3B8710D45A825CD776C9.jpg,,,,,,,2025-05-07T23:59:59.999999999+01:00,PROSPECTUS,9,2
5244,5601151510759,845.0,Compal,"Feijão encarnado, lata de 850g",,2.09,2.47,0,kg,€/Kg,,,https://driveimg1.intermarche.com/pt/Content/images/boitmal/produit/zoom/DE636824D87F41FA8614ED32FEFF81FF.jpg,,,,,,,2025-05-07T23:59:59.999999999+01:00,PROSPECTUS,9,2
52516,8410436428644,,Persil,Detergente Máquina Roupa Color 4 em 1,52 cápsulas,11.99,11.99,0,,€/Unidade,,,https://driveimg1.intermarche.com/pt/Content/images/boitmal/produit/zoom/93BC227BC3B32321C639E4BB9AC5A493.jpg,,,,,,,2025-05-07T23:59:59.999999999+01:00,PROSPECTUS,9,2
52781,8711327418356,60.0,Knorr,"Pasta pot bolonhesa, 60g",,1.49,24.83,0,kg,€/Kg,,,https://driveimg1.intermarche.com/pt/Content/images/boitmal/produit/zoom/55EAB61CCD2927CA975EDAD133C32FEE.jpg,,,,,,,2025-05-07T23:59:59.999999999+01:00,PROSPECTUS,9,2
52843,5601008413424,150.0,Vieira,"Bolachas Maria sem Açúcar, 150g",,1.39,9.27,0,kg,€/Kg,,,https://driveimg1.intermarche.com/pt/Content/images/boitmal/produit/zoom/B77D0B149EA58FDA53FE72F50FEDD234.jpg,,,,,,,2025-05-07T23:59:59.999999999+01:00,PROSPECTUS,9,2
52865,5601096422186,750.0,Vale D. Maria,"Vinho branco do douro superior, garrafa de 750 ml",,7.49,9.99,750,L,€/L,,,https://driveimg1.intermarche.com/pt/Content/images/boitmal/produit/zoom/D5B94116ED331DA729E81AE0E9BE658D.jpg,https://driveimg1.intermarche.com/pt/Content/images/boitmal/produit/zoom/AFACB73DE4D272FAFE8147E6EBFCE45C.jpg,https://driveimg1.intermarche.com/pt/Content/images/boitmal/produit/zoom/AFACB73DE4D272FAFE8147E6EBFCE45C.jpg,,,,,2025-05-07T23:59:59.999999999+01:00,PROSPECTUS,9,2
53292,8719200265424,450.0,Becel,"Creme vegetal culinária, 450g",,2.49,5.53,0,kg,€/Kg,,,https://driveimg1.intermarche.com/pt/Content/images/boitmal/produit/zoom/731104623BFBA291592C36763AD2ACB6.jpg,https://driveimg1.intermarche.com/pt/Content/images/boitmal/produit/zoom/FE0F50DA9FD82BB1CA28828D6783A017.jpg,https://driveimg1.intermarche.com/pt/Content/images/boitmal/produit/zoom/FE0F50DA9FD82BB1CA28828D6783A017.jpg,https://driveimg1.intermarche.com/pt/Content/images/boitmal/produit/zoom/FE0F50DA9FD82BB1CA28828D6783A017.jpg,,,,2025-05-07T23:59:59.999999999+01:00,PROSPECTUS,9,2
53672,5054563155535,75.0,Parodontax,"Pasta de Dentes Gengivas, Sensibilidade, Hálito e Branqueadora",Embalagem de 75ml,5.19,69.2,75,L,€/L,,,https://driveimg1.intermarche.com/pt/Content/images/boitmal/produit/zoom/87A987E57450CCF1EBBCAD737517FAB5.jpg,https://driveimg1.intermarche.com/pt/Content/images/boitmal/produit/zoom/45919E21211034CFC9DCF75D551CD73E.jpg,https://driveimg1.intermarche.com/pt/Content/images/boitmal/produit/zoom/45919E21211034CFC9DCF75D551CD73E.jpg,https://driveimg1.intermarche.com/pt/Content/images/boitmal/produit/zoom/45919E21211034CFC9DCF75D551CD73E.jpg,https://driveimg1.intermarche.com/pt/Content/images/boitmal/produit/zoom/45919E21211034CFC9DCF75D551CD73E.jpg,https://driveimg1.intermarche.com/pt/Content/images/boitmal/produit/zoom/45919E21211034CFC9DCF75D551CD73E.jpg,,2025-05-07T23:59:59.999999999+01:00,PROSPECTUS,9,2
53870,8720573436342,,Koopman,"3 Tubos Bolas Sabão, 60ml",,1.49,1.49,0,,€/Unidade,,,https://driveimg1.intermarche.com/pt/Content/images/boitmal/produit/zoom/245EEC8A0B4467D1E051FDB33D385593.jpg,,,,,,,2025-06-11T23:59:59.999999999+01:00,PROSPECTUS,9,2
53942,5603722523298,1000.0,Matinal,"Bebida de leite sem lactose livre, 1l",,1.25,1.25,1000,L,€/L,,,https://driveimg1.intermarche.com/pt/Content/images/boitmal/produit/zoom/3F3F185EBF624903AC3031EAC11A6631.jpg,,,,,,,2025-05-07T23:59:59.999999999+01:00,PROSPECTUS,9,3
54293,3600542520232,150.0,Ambre Solaire,"Protetor Solar Spray Sensitive Advanced Kids FPS 50+, 150ml",,13.29,88.6,150,L,€/L,,,https://driveimg1.intermarche.com/pt/Content/images/boitmal/produit/zoom/823D664A32141EB1950F7E443A75BE1D.jpg,https://driveimg1.intermarche.com/pt/Content/images/boitmal/produit/zoom/B22FF17D129E72CD96FF5C5A05B61151.jpg,https://driveimg1.intermarche.com/pt/Content/images/boitmal/produit/zoom/B22FF17D129E72CD96FF5C5A05B61151.jpg,https://driveimg1.intermarche.com/pt/Content/images/boitmal/produit/zoom/B22FF17D129E72CD96FF5C5A05B61151.jpg,,,,2025-05-07T23:59:59.999999999+01:00,PROSPECTUS,9,3
54319,8720182782502,750.0,Cif,"Limpa vidros spray power & shine, 750ml",,2.69,3.59,750,L,€/L,,,https://driveimg1.intermarche.com/pt/Content/images/boitmal/produit/zoom/EECC36EE19F0AB73B7C01CA2753577ED.jpg,,,,,,,2025-05-07T23:59:59.999999999+01:00,PROSPECTUS,9,3
54373,8435495842828,,A+,"Detergente Máquina Roupa Líquido Optimal, 56D",,8.99,8.99,0,,€/Unidade,,,https://driveimg1.intermarche.com/pt/Content/images/boitmal/produit/zoom/1E48C4CC1DB3FDB2A49FC1D0EA8EC591.jpg,,,,,,,2025-05-07T23:59:59.999999999+01:00,PROSPECTUS,9,3
54530,8410436468404,,Persil,"Detergente Máquina Roupa Líquido Expert, 40D",,7.99,7.99,0,,€/Unidade,,,https://driveimg1.intermarche.com/pt/Content/images/boitmal/produit/zoom/09DDE561DC366A2BBF78E754FC204555.jpg,,,,,,,2025-05-07T23:59:59.999999999+01:00,PROSPECTUS,9,3
5465,5601377120084,750.0,Bom Juiz,Vinho doc alentejo reserva tinto,Garrafa de 0.75 l,5.99,7.99,750,L,€/L,,,https://driveimg1.intermarche.com/pt/Content/images/boitmal/produit/zoom/A7CC7BCAF640824DF1115BB7706446B2.jpg,,,,,,,2025-05-07T23:59:59.999999999+01:00,PROSPECTUS,9,3
54736,5601164906181,4800.0,Somersby,"Sidra com álcool maçã, 24 x 20 cl",,14.99,3.12,4800,L,€/L,,,https://driveimg1.intermarche.com/pt/Content/images/boitmal/produit/zoom/0DBD53F924B92D1882681208CC1C9705.jpg,,,,,,,2025-05-07T23:59:59.999999999+01:00,PROSPECTUS,9,3
55049,5601027119567,450.0,Bimbo,"Pão de Forma 10 Cereais e Sementes sem Côdea, 450g",,1.99,4.42,0,kg,€/Kg,,,https://driveimg1.intermarche.com/pt/Content/images/boitmal/produit/zoom/599690F08967F62D33B6420CCF1AEF7E.jpg,,,,,,,2025-05-07T23:59:59.999999999+01:00,PROSPECTUS,9,3
55277,8445291100121,,Buondi,"Cápsulas de Café Original Int 8, 36un.",,9.99,9.99,36,,€/Unidade,,,https://driveimg1.intermarche.com/pt/Content/images/boitmal/produit/zoom/BB79C184B1FC36D63BFFB2DFA1361274.jpg,,,,,,,2025-05-07T23:59:59.999999999+01:00,PROSPECTUS,9,3
5977,5604260274086,,PorSi,"Acendalha branca, 32 cubos",,1.15,1.15,0,,€/Unidade,,,https://driveimg1.intermarche.com/pt/Content/images/boitmal/produit/zoom/5D848885F4F58352BFD5FA139BD7FC0A.jpg,https://driveimg1.intermarche.com/pt/Content/images/boitmal/produit/zoom/1FFF9F1373872F7DE961EE146FD1DAB4.jpg,https://driveimg1.intermarche.com/pt/Content/images/boitmal/produit/zoom/1FFF9F1373872F7DE961EE146FD1DAB4.jpg,,,,,2025-06-11T23:59:59.999999999+01:00,PROSPECTUS,9,3
6475,8410436242264,1100.0,Sonasol,"Lava Tudo Brilhante Madeira, embalagem 1,1l",,2.79,2.54,1100,L,€/L,,,https://driveimg1.intermarche.com/pt/Content/images/boitmal/produit/zoom/253E2DA4BDA6D34BDD85D7C760DD7434.jpg,,,,,,,2025-05-07T23:59:59.999999999+01:00,PROSPECTUS,9,3
6580,8412400193015,1000.0,Mr. Muscle,"Desentupidor canos, 1 l",,5.99,5.99,1000,L,€/L,,,https://driveimg1.intermarche.com/pt/Content/images/boitmal/produit/zoom/E4CBB8829ACC4E9939AAEA434FE9EF72.jpg,,,,,,,2025-05-07T23:59:59.999999999+01:00,PROSPECTUS,9,3
7043,2894074000000,150.0,Campofrio,Peito de peru forno lenha,1 un = 150 gr (aprox.),2.25,14.99,0,,€/Kg,,,https://driveimg1.intermarche.com/pt/Content/images/boitmal/produit/zoom/EF3CEFEECAD2391EED6F65839052F87D.jpg,,,,,,,2025-05-07T23:59:59.999999999+01:00,PROSPECTUS,9,3
7045,2894077000000,150.0,Sicasal,Fiambre da perna extra,1 un = 150 gr (aprox.),2.1,13.99,0,,€/Kg,,,https://driveimg1.intermarche.com/pt/Content/images/boitmal/produit/zoom/82C0788AD7B4E3579327CF0BA79E6B02.jpg,,,,,,,2025-05-07T23:59:59.999999999+01:00,PROSPECTUS,9,3
8520,5601119956490,120.0,Nobre,"Fiambre perna extra finissimos fatiado, embalagem de 120g",,1.89,15.75,0,kg,€/Kg,,,https://driveimg1.intermarche.com/pt/Content/images/boitmal/produit/zoom/15C8ADF2CEDA2C19A63D893348F1D7F5.jpg,,,,,,,2025-05-07T23:59:59.999999999+01:00,PROSPECTUS,9,3
8534,5601119957183,120.0,Campofrio,"Peito peru forno lenha fatias clássicas, embalagem de 120g",,2.19,18.25,0,kg,€/Kg,,,https://driveimg1.intermarche.com/pt/Content/images/boitmal/produit/zoom/623D6B2EB3EE61B2128AE1B5E62C0910.jpg,,,,,,,2025-05-07T23:59:59.999999999+01:00,PROSPECTUS,9,3
8657,5601163081711,1980.0,Luso,"Água sem gás, pack 6 x 0.33 l",,2.4,1.21,1980,L,€/L,,,https://driveimg1.intermarche.com/pt/Content/images/boitmal/produit/zoom/443B50B4BA27541FFD3067F816F7D24A.jpg,,,,,,,2025-05-07T23:59:59.999999999+01:00,PROSPECTUS,9,3
8658,5601163101716,3000.0,Luso,"Água sem gás, pack 6 x 0.5 l",,2.69,0.9,3000,L,€/L,,,https://driveimg1.intermarche.com/pt/Content/images/boitmal/produit/zoom/13EA35DE036BB24C52BA46395E39799E.jpg,,,,,,,2025-05-07T23:59:59.999999999+01:00,PROSPECTUS,9,3
8914,5601356013918,750.0,Porta da Ravessa,"Vinho regional alentejano reserva tinto, garrafa de 0.75 l",,2.99,3.99,750,L,€/L,,,https://driveimg1.intermarche.com/pt/Content/images/boitmal/produit/zoom/B4084C52F9169DB1ECB66546E6C2B59D.jpg,,,,,,,2025-05-07T23:59:59.999999999+01:00,PROSPECTUS,9,3
9397,5604260326754,750.0,Selecção de Enófilos,Vinho frisante rosé,Garrafa de 750 ml,1.49,1.99,750,L,€/L,,,https://driveimg1.intermarche.com/pt/Content/images/boitmal/produit/zoom/4F12D408CC29FAD55874E3B87049ACF8.jpg,,,,,,,2025-05-07T23:59:59.999999999+01:00,PROSPECTUS,9,3
977,5601024124052,750.0,Oliveira da Serra,"Azeite virgem extra seleção ouro, garrafa de 750 ml",,6.59,8.79,750,L,€/L,,,https://driveimg1.intermarche.com/pt/Content/images/boitmal/produit/zoom/C1949CA33BBB7B540392F14948B1D8BF.jpg,,,,,,,2025-05-07T23:59:59.999999999+01:00,PROSPECTUS,9,3
26047,8412600070994,650.0,Bimbo,Pão de forma s/ côdea,Embalagem de 650 g,2.14,3.29,0,kg,€/Kg,,,https://driveimg1.intermarche.com/pt/Content/images/boitmal/produit/zoom/29A6957961BACB180F45AAA47CD1FB78.jpg,,,,,,,2025-05-07T23:59:59.999999999+01:00,PROSPECTUS,9,3
35889,5601151974070,1750.0,Seven Up,"Refrigerante de lima limão free, garrafa de 1.75 l",,1.89,1.08,1750,L,€/L,,,https://driveimg1.intermarche.com/pt/Content/images/boitmal/produit/zoom/9A2F3176B60F6901274BE6108F1FBC7A.jpg,,,,,,,2025-05-07T23:59:59.999999999+01:00,PROSPECTUS,9,3
1120,5601066301718,500.0,Nacional,"Massa de espirais, embalagem de 500g",,0.89,1.78,0,kg,€/Kg,,,https://driveimg1.intermarche.com/pt/Content/images/boitmal/produit/zoom/B50E4B0B2C4856A819A2FF672D887104.jpg,,,,,,,2025-05-07T23:59:59.999999999+01:00,PROSPECTUS,9,3
14847,2892476000000,100.0,Programa Origens,Alho Seco,Vendido a partir de 100 gr,0.57,5.69,0,,€/Kg,,,https://driveimg1.intermarche.com/pt/Content/images/boitmal/produit/zoom/CFA3B1E723D71FB9BFAE5D5B250C3BB3.jpg,,,,,,,2025-05-07T23:59:59.999999999+01:00,PROSPECTUS,9,3
25883,5449000008763,1500.0,Fanta,"Refrigerante com gás laranja, garrafa de 1,5 l",,0.99,0.66,1500,L,€/L,,,https://driveimg1.intermarche.com/pt/Content/images/boitmal/produit/zoom/FC51AAD13F2C3DD9969EDD9F1221FFFF.jpg,,,,,,,2025-05-07T23:59:59.999999999+01:00,PROSPECTUS,9,3
6398,8410372182303,75.0,Colgate,"Dentifríco flúor gel, embalagem de 75 ml",,2.49,33.2,75,L,€/L,,,https://driveimg1.intermarche.com/pt/Content/images/boitmal/produit/zoom/3F011A79E5A34E1D47A1369D50D1C53B.jpg,,,,,,,2025-05-07T23:59:59.999999999+01:00,PROSPECTUS,9,3
11524,5601051420028,250.0,Primor,Manteiga sem sal,Embalagem de 250g,2.29,9.16,0,kg,€/Kg,,,https://driveimg1.intermarche.com/pt/Content/images/boitmal/produit/zoom/0C41B270FBA7B622E759FBA7E3B6B1CD.jpg,,,,,,,2025-05-07T23:59:59.999999999+01:00,PROSPECTUS,9,3
15039,2892256000000,4000.0,Fruta,Melão Verde,Vendido ao peso | 1 un = 4kg (aprox.),6.76,1.69,0,,€/Kg,,,https://driveimg1.intermarche.com/pt/Content/images/boitmal/produit/zoom/25FE547830213D1C98E9F3B3D9687685.jpg,,,,,,,2025-05-07T23:59:59.999999999+01:00,PROSPECTUS,9,3
1305,5601151862155,500.0,Compal,Polpa de tomate 500g,,1.19,2.38,0,kg,€/Kg,,,https://driveimg1.intermarche.com/pt/Content/images/boitmal/produit/zoom/D9FD9B4F4905971874C5E4127C57C62E.jpg,,,,,,,2025-05-07T23:59:59.999999999+01:00,PROSPECTUS,9,3
20918,5000116110964,840.0,Capitão Iglo,"30 douradinhos, embalagem de 840g",,8.99,10.7,0,kg,€/Kg,,Tipo de stockagem,https://driveimg1.intermarche.com/pt/Content/images/boitmal/produit/zoom/3C52B0905F2F1ACE3D67359B13FE0331.jpg,,,,,,,2025-05-07T23:59:59.999999999+01:00,PROSPECTUS,9,3
1226,5601146001507,1500.0,Joi,"Refrigerante sem gás de manga/laranja, garrafa de 1,5 l",,1.29,0.86,1500,L,€/L,,,https://driveimg1.intermarche.com/pt/Content/images/boitmal/produit/zoom/DB9CD865FA14B43795929B354A61BA32.jpg,,,,,,,2025-05-07T23:59:59.999999999+01:00,PROSPECTUS,9,3
1310,5601151979969,140.0,Compal,"Compal da horta concentrado tomate, embalagem de 140g",,0.99,7.07,0,kg,€/Kg,,,https://driveimg1.intermarche.com/pt/Content/images/boitmal/produit/zoom/AFB213C2AE47899B42B45E2988A779B7.jpg,,,,,,,2025-05-07T23:59:59.999999999+01:00,PROSPECTUS,9,3
18770,5449000138026,1500.0,Fanta,"Refrigerante com gás de laranja zero, garrafa de 1,5 l",,0.99,0.66,1500,L,€/L,,,https://driveimg1.intermarche.com/pt/Content/images/boitmal/produit/zoom/DE34E5B994CDF7FCC42CE983A86D82DE.jpg,,,,,,,2025-05-07T23:59:59.999999999+01:00,PROSPECTUS,9,3
29612,5604260283545,1000.0,PorSi Viva Bem,Bebida de Arroz,1 l,1.19,1.19,1000,L,€/L,,,https://driveimg1.intermarche.com/pt/Content/images/boitmal/produit/zoom/1CC67FBC1159B7AB53C4B66B360A0BCF.jpg,,,,,,,2025-05-07T23:59:59.999999999+01:00,PROSPECTUS,9,3
2466,7613032142599,500.0,Cerelac,Farinha láctea 12 meses,Embalagem de 500g,3.74,7.48,0,kg,€/Kg,,,https://driveimg1.intermarche.com/pt/Content/images/boitmal/produit/zoom/4E708CAF1A60A052407E76B7A92102F7.jpg,,,,,,,2025-05-07T23:59:59.999999999+01:00,PROSPECTUS,9,3
1108,5601066300087,500.0,Nacional,"Massa de cotovelinhos, embalagem de 500g",,0.89,1.78,0,kg,€/Kg,,,https://driveimg1.intermarche.com/pt/Content/images/boitmal/produit/zoom/85D4AC87404986F6E33A67AEEDC0D0E8.jpg,,,,,,,2025-05-07T23:59:59.999999999+01:00,PROSPECTUS,9,3
2078,5604260193615,1000.0,PorSi,"Néctar manga, prisma",Embalagem de 1 l,1.05,1.05,1000,L,€/L,,,https://driveimg1.intermarche.com/pt/Content/images/boitmal/produit/zoom/34515887B117D281980D33BD86D6A44A.jpg,,,,,,,2025-05-07T23:59:59.999999999+01:00,PROSPECTUS,9,3
2079,5604260193646,1000.0,PorSi,"Néctar ananás, prisma",Garrafa de 1 l,0.99,0.99,1000,L,€/L,,,https://driveimg1.intermarche.com/pt/Content/images/boitmal/produit/zoom/10E9329F83000135085CDE8D45A5A26A.jpg,,,,,,,2025-05-07T23:59:59.999999999+01:00,PROSPECTUS,9,3
15687,5000116109234,700.0,Iglo,"Ervilhas, embalagem de 700g",,3.98,5.69,0,kg,€/Kg,,Tipo de stockagem,https://driveimg1.intermarche.com/pt/Content/images/boitmal/produit/zoom/AC9F197DD289CE6E6A9903FC824FDD75.jpg,,,,,,,2025-05-07T23:59:59.999999999+01:00,PROSPECTUS,9,3
37443,7613037040869,250.0,Nestum,"Nestum zero espelta/aveia, embalagem de 250g",,2.24,8.96,0,kg,€/Kg,,,https://driveimg1.intermarche.com/pt/Content/images/boitmal/produit/zoom/BF80E2BF1A95765256612BEC5A65D8DD.jpg,,,,,,,2025-05-07T23:59:59.999999999+01:00,PROSPECTUS,9,3
16042,8410022000025,200.0,Donuts,Donuts classic,Embalagem de 200g,2.19,10.95,0,kg,€/Kg,,,https://driveimg1.intermarche.com/pt/Content/images/boitmal/produit/zoom/E1B9DB77B40B4B4B4AC4E69C7559B6D6.jpg,,,,,,,2025-05-07T23:59:59.999999999+01:00,PROSPECTUS,9,3
2080,5604260193660,1000.0,PorSi,"Néctar de goiaba, prisma",Embalagem de 1 l,1.09,1.09,1000,L,€/L,,,https://driveimg1.intermarche.com/pt/Content/images/boitmal/produit/zoom/6AF1474A336A85ADDD13B87A3CBE0878.jpg,,,,,,,2025-05-07T23:59:59.999999999+01:00,PROSPECTUS,9,3
51608,8006540830918,820.0,Fairy,Detergente Líquido p/ Lavar Loiça Limão,Embalagem de 820 ml,3.99,4.87,820,L,€/L,,,https://driveimg1.intermarche.com/pt/Content/images/boitmal/produit/zoom/F542477DBDEED3AD6C2F55650254DA51.jpg,,,,,,,2025-05-07T23:59:59.999999999+01:00,PROSPECTUS,9,3
17873,8718951037885,500.0,Ajax,"Limpa vidros recarga tripla ação, 500 ml",,1.79,3.58,500,L,€/L,,,https://driveimg1.intermarche.com/pt/Content/images/boitmal/produit/zoom/D0A7A0C399BF07DEEA9FD446034A3D4F.jpg,,,,,,,2025-05-07T23:59:59.999999999+01:00,PROSPECTUS,9,3
17269,4084500617421,820.0,Fairy,"Detergente Líquido Lavar Loiça Original, 820 ml",,3.59,4.38,820,L,€/L,,,https://driveimg1.intermarche.com/pt/Content/images/boitmal/produit/zoom/AAC34482F7A307A6F6D7CF7355F8BFDC.jpg,,,,,,,2025-05-07T23:59:59.999999999+01:00,PROSPECTUS,9,3
9079,5601883000719,200.0,Nova Açores,"Queijo flamengo, fatias, embalagem de 200g",,2.14,10.7,0,kg,€/Kg,,,https://driveimg1.intermarche.com/pt/Content/images/boitmal/produit/zoom/52AF50A3353B95E784996AD8533A093F.jpg,,,,,,,2025-05-07T23:59:59.999999999+01:00,PROSPECTUS,9,3
15921,2696132000000,650.0,Pastelaria,Tarte de Flan,embalagem com 650g,3.99,6.14,0,kg,€/Kg,,,https://driveimg1.intermarche.com/pt/Content/images/boitmal/produit/zoom/27A5BDE3187D3D3C51C647BB82D32136.jpg,,,,,,,2025-05-07T23:59:59.999999999+01:00,PROSPECTUS,9,3
950,5601008100058,125.0,Vieira de Castro,"Bolachas de água e sal, embalagem de 125g",,0.74,5.92,0,kg,€/Kg,,,https://driveimg1.intermarche.com/pt/Content/images/boitmal/produit/zoom/5EC30A0846C4DC333D34FC492D84EC59.jpg,,,,,,,2025-05-07T23:59:59.999999999+01:00,PROSPECTUS,9,3
979,5601024134471,750.0,Oliveira da Serra,Azeite Virgem,Embalagem de 750 ml,5.79,7.72,750,L,€/L,,,https://driveimg1.intermarche.com/pt/Content/images/boitmal/produit/zoom/E26F25C9E42D7D1738A837046251B635.jpg,,,,,,,2025-05-07T23:59:59.999999999+01:00,PROSPECTUS,9,3
28680,5605173897287,2000.0,Maçã da Beira Alta IGP,Maçã Royal Gala,Embalagem de 2 kg,2.45,1.23,0,kg,€/Kg,,,https://driveimg1.intermarche.com/pt/Content/images/boitmal/produit/zoom/2E40710F5884B814CB8315AFA36D74DB.jpg,,,,,,,2025-05-07T23:59:59.999999999+01:00,PROSPECTUS,9,3
10274,8410436242172,1100.0,Sonasol,"Lava Tudo Brilhante Floral, embalagem 1,1l",,2.79,2.54,1100,L,€/L,,,https://driveimg1.intermarche.com/pt/Content/images/boitmal/produit/zoom/01F5925CB3ADDDABA2B9F66C7D55728C.jpg,,,,,,,2025-05-07T23:59:59.999999999+01:00,PROSPECTUS,9,3
19586,8435257028057,720.0,Longa vida,"Iogurte aroma 0% tutti fruti/coco, embalagem de 6 x 120g",,2.29,3.18,0,kg,€/Kg,,,https://driveimg1.intermarche.com/pt/Content/images/boitmal/produit/zoom/6FEC33DAE59256CBE3074F3F03199908.jpg,,,,,,,2025-05-07T23:59:59.999999999+01:00,PROSPECTUS,9,3
2073,5604260193547,1000.0,PorSi,"Néctar alperce, prisma",Embalagem de 1 l,1.45,1.45,1000,L,€/L,,,https://driveimg1.intermarche.com/pt/Content/images/boitmal/produit/zoom/5852F28CE802CCE764D08FE69C2FE9F2.jpg,,,,,,,2025-05-07T23:59:59.999999999+01:00,PROSPECTUS,9,3
29690,5029053010052,,Scottex,Papel Higiénico Húmido Fresh,1 Embalagem c/42 unidades,1.15,1.15,0,,€/Unidade,,,https://driveimg1.intermarche.com/pt/Content/images/boitmal/produit/zoom/D7A0DFA7ECDD445D8F263C486D20279A.jpg,,,,,,,2025-05-07T23:59:59.999999999+01:00,PROSPECTUS,9,3
35089,5604260287246,,PorSi,"Acendalha ecológicas, 32 cubos",,0.99,0.99,0,,€/Unidade,,,https://driveimg1.intermarche.com/pt/Content/images/boitmal/produit/zoom/3C3A545F046A9053ADD48AE98FE47946.jpg,,,,,,,2025-06-11T23:59:59.999999999+01:00,PROSPECTUS,9,3
35544,7622210420244,160.0,Prince,"Bolachas mini prince recheadas com chocolate, embalagem de 160g",,1.84,11.5,0,kg,€/Kg,,,https://driveimg1.intermarche.com/pt/Content/images/boitmal/produit/zoom/61F2634B3866278C0DEB463B7CD623C7.jpg,,,,,,,2025-05-07T23:59:59.999999999+01:00,PROSPECTUS,9,3
9299,5603722497254,1500.0,Pleno,"Tisana chá de cidreira e tília, garrafa de 1,5 l",,1.59,1.06,1500,L,€/L,,,https://driveimg1.intermarche.com/pt/Content/images/boitmal/produit/zoom/192748706F742E810B6FDFE78ABDE277.jpg,,,,,,,2025-05-07T23:59:59.999999999+01:00,PROSPECTUS,9,3
10859,3023290400395,230.0,Nestlé,"Iogurte mix in kit kat, embalagem de 2 x 115g",,2.09,9.09,0,kg,€/Kg,,,https://driveimg1.intermarche.com/pt/Content/images/boitmal/produit/zoom/46A338E8D7EAC63B8EF63808F7DF5998.jpg,,,,,,,2025-05-07T23:59:59.999999999+01:00,PROSPECTUS,9,3
2083,5604260193691,1000.0,PorSi,Néctar light de laranja prisma,Embalagem de 1 l,1.49,1.49,1000,L,€/L,,,https://driveimg1.intermarche.com/pt/Content/images/boitmal/produit/zoom/1D4D0AA75BBD1937F2A8A67DCCFD70DB.jpg,,,,,,,2025-05-07T23:59:59.999999999+01:00,PROSPECTUS,9,3
25735,5000116112173,208.0,Capitão Iglo,"10 nuggets peito de frango e queijo, embalagem de 210g",,2.99,14.38,0,kg,€/Kg,,Tipo de stockagem,https://driveimg1.intermarche.com/pt/Content/images/boitmal/produit/zoom/C51CDDEB144DBFB12E5D153B5560BAD5.jpg,,,,,,,2025-05-07T23:59:59.999999999+01:00,PROSPECTUS,9,3
2589,7622300281182,154.0,Oreo,"Bolachas, tubo, embalagem de 150g",,1.39,9.03,0,kg,€/Kg,,,https://driveimg1.intermarche.com/pt/Content/images/boitmal/produit/zoom/A967EF8D7DC66A4DE384AFCA6E356DB8.jpg,,,,,,,2025-05-07T23:59:59.999999999+01:00,PROSPECTUS,9,3
46298,5604260315062,500.0,PorSi,Legumes preparados para sopa de nabiça,500 g,1.79,3.58,0,kg,€/Kg,,,https://driveimg1.intermarche.com/pt/Content/images/boitmal/produit/zoom/C7E92A1C95B18E68353D28EC91F2F9BD.jpg,,,,,,,2025-05-07T23:59:59.999999999+01:00,PROSPECTUS,9,3
6404,8410376017113,500.0,Gullón,"Bolacha recheada mega duo chocolate, embalagem de 500g",,2.69,5.38,0,kg,€/Kg,,,https://driveimg1.intermarche.com/pt/Content/images/boitmal/produit/zoom/C45733893FB084218EB8D5FCB2E025BB.jpg,,,,,,,2025-05-07T23:59:59.999999999+01:00,PROSPECTUS,9,3
8538,5601119957213,120.0,Campofrio,"Peito frango forno lenha fatias finas, embalagem de 120g",,2.19,18.25,0,kg,€/Kg,,,https://driveimg1.intermarche.com/pt/Content/images/boitmal/produit/zoom/73C7285F6ACF8A124F339DF62D4EEA07.jpg,,,,,,,2025-05-07T23:59:59.999999999+01:00,PROSPECTUS,9,3
942,5601001324109,100.0,Nescafé,"Café solúvel gold, embalagem de 100g",,5.69,56.9,0,kg,€/Kg,,,https://driveimg1.intermarche.com/pt/Content/images/boitmal/produit/zoom/56AF775E1D437B4623D4E42AE4DAA827.jpg,,,,,,,2025-05-07T23:59:59.999999999+01:00,PROSPECTUS,9,3
10651,8714789113227,75.0,Colgate,"Pasta dentífrica herbal branqueadora, embalagem de 75 ml",,2.39,31.87,75,L,€/L,,,https://driveimg1.intermarche.com/pt/Content/images/boitmal/produit/zoom/D603169FD8B2B272886B853A2EE3184C.jpg,,,,,,,2025-05-07T23:59:59.999999999+01:00,PROSPECTUS,9,3
16493,8718951037939,500.0,Ajax,"Limpa vidros pistola, cristal, embalagem de 500 ml",,1.97,3.94,500,L,€/L,,,https://driveimg1.intermarche.com/pt/Content/images/boitmal/produit/zoom/B2152E81252C8B3ECCDB87063FC44E64.jpg,,,,,,,2025-05-07T23:59:59.999999999+01:00,PROSPECTUS,9,3
24410,8710908859502,750.0,Cif,"Spray power&shine multiusos com lixívia, de 750 ml",,2.69,3.59,750,L,€/L,,,https://driveimg1.intermarche.com/pt/Content/images/boitmal/produit/zoom/BC1FC8E39B43E72D32F4657C6D001534.jpg,,,,,,,2025-05-07T23:59:59.999999999+01:00,PROSPECTUS,9,3
38291,8410436343527,1100.0,Sonasol,"Lava Tudo Desinfetante, embalagem 1,1l",,2.79,2.54,1100,L,€/L,,,https://driveimg1.intermarche.com/pt/Content/images/boitmal/produit/zoom/3BCE9789D68C09F6CE19611FDEABB947.jpg,,,,,,,2025-05-07T23:59:59.999999999+01:00,PROSPECTUS,9,3
6207,8001480020528,2000.0,Neoblanc,Lixívia para roupa tradicional,Embalagem de 2 l,1.75,0.88,2000,L,€/L,,,https://driveimg1.intermarche.com/pt/Content/images/boitmal/produit/zoom/930401C25A92312F34CEB71B016BE255.jpg,,,,,,,2025-05-07T23:59:59.999999999+01:00,PROSPECTUS,9,3
6460,8410436216777,53.0,Sonasol,Bloco Sanitário Poder Activo Floral,Embalagem de 50 g,1.98,37.36,0,kg,€/Kg,,,https://driveimg1.intermarche.com/pt/Content/images/boitmal/produit/zoom/428A90D17C72E1CEA455915A18AE3510.jpg,,,,,,,2025-05-07T23:59:59.999999999+01:00,PROSPECTUS,9,3
10512,8435250439577,232.0,Nestlé,"Iogurte mix in nesquik, embalagem de 2 x 115g",,2.09,9.01,0,kg,€/Kg,,,https://driveimg1.intermarche.com/pt/Content/images/boitmal/produit/zoom/6C2207480393D760FBF1824B2B4CD877.jpg,,,,,,,2025-05-07T23:59:59.999999999+01:00,PROSPECTUS,9,3
10513,8435250439591,236.0,Nestlé,"Iogurte mix-in chocapic,  2 x 118 g",,2.09,8.86,0,kg,€/Kg,,,https://driveimg1.intermarche.com/pt/Content/images/boitmal/produit/zoom/368B8AC44F8070965585916E17063F2C.jpg,,,,,,,2025-05-07T23:59:59.999999999+01:00,PROSPECTUS,9,3
13957,2891233000000,100.0,Aves,Salsicha Fresca de Aves,1 un = 100 gr (aprox.),0.5,4.99,0,,€/Kg,,,https://driveimg1.intermarche.com/pt/Content/images/boitmal/produit/zoom/9A6B7B21AB27619CD3F26BA987D543CD.jpg,,,,,,,2025-05-07T23:59:59.999999999+01:00,PROSPECTUS,9,3
1491,5601363001168,120.0,Doritos,"Aperitivos tex mex, embalagem de 120g",,1.29,10.75,0,kg,€/Kg,,,https://driveimg1.intermarche.com/pt/Content/images/boitmal/produit/zoom/1053755FDFA8216E31D4BC77D22F56B2.jpg,,,,,,,2025-05-07T23:59:59.999999999+01:00,PROSPECTUS,9,3
18161,5601164884465,1320.0,Somersby,Sidra frutos vermelhos,pack 4 x 0.33 l,3.89,2.95,1320,L,€/L,,,https://driveimg1.intermarche.com/pt/Content/images/boitmal/produit/zoom/507246A606E1CB1D17B01F2DC7199F50.jpg,,,,,,,2025-05-07T23:59:59.999999999+01:00,PROSPECTUS,9,3
41895,5000116125784,220.0,Capitão Iglo,"12 nuggets frango polme americano, embalagem de 220g",,2.99,13.59,0,kg,€/Kg,,Tipo de stockagem,https://driveimg1.intermarche.com/pt/Content/images/boitmal/produit/zoom/E342C1C812C93A809F88301C9A1AFE84.jpg,,,,,,,2025-05-07T23:59:59.999999999+01:00,PROSPECTUS,9,3
42257,5604260308026,1500.0,PorSi,"Gel ativo com lixívia, embalagem de 1.5 l",,1.29,0.86,1500,L,€/L,,,https://driveimg1.intermarche.com/pt/Content/images/boitmal/produit/zoom/899BCDEC5E97E4EBBB105D02275610A5.jpg,,,,,,,2025-05-07T23:59:59.999999999+01:00,PROSPECTUS,9,3
9286,5603722492068,1000.0,Mimosa,"Leite especial crescimento +3 anos, de 1l",,1.79,1.79,1000,L,€/L,,,https://driveimg1.intermarche.com/pt/Content/images/boitmal/produit/zoom/725DD97507787FA3537E15C080262D77.jpg,https://driveimg1.intermarche.com/pt/Content/images/boitmal/produit/zoom/C1DA16AEB6305B1844421608D84E82EB.jpg,https://driveimg1.intermarche.com/pt/Content/images/boitmal/produit/zoom/5674CBEBA359C0E43414CBEAA69D8774.jpg,,,,,2025-05-07T23:59:59.999999999+01:00,PROSPECTUS,9,3
13522,2893514000000,200.0,Peixaria,Choco Pequeno Congelado,1 un= 200 gr (aprox.),1.7,8.49,0,,€/Kg,,Avantages !,https://driveimg1.intermarche.com/pt/Content/images/boitmal/produit/zoom/37754AAC1A8B81BA5D21C470572981B5.jpg,,,,,,,2025-05-07T23:59:59.999999999+01:00,PROSPECTUS,9,3
13577,2893572000000,200.0,Peixaria,Pota Inteira Congelada,1 un= 200 gr (aprox.),1.0,4.99,0,,€/Kg,,Avantages !,https://driveimg1.intermarche.com/pt/Content/images/boitmal/produit/zoom/B2D6321EA80C5271A6C9DE3162C36D95.jpg,,,,,,,2025-05-07T23:59:59.999999999+01:00,PROSPECTUS,9,3
18084,5601008100539,300.0,Vieira,"Bolacha maria doces, embalagem de 300g",,2.09,6.97,0,kg,€/Kg,,,https://driveimg1.intermarche.com/pt/Content/images/boitmal/produit/zoom/D2F14C3854C93614A1A86C670F377C2D.jpg,,,,,,,2025-05-07T23:59:59.999999999+01:00,PROSPECTUS,9,3
2753,8410066113484,400.0,Heinz,Maionese de cebola e alho 400 ml,,2.89,7.23,400,L,€/L,,,https://driveimg1.intermarche.com/pt/Content/images/boitmal/produit/zoom/CB59DADB624294DBACBA357544AFD162.jpg,,,,,,,2025-05-07T23:59:59.999999999+01:00,PROSPECTUS,9,3
33127,8001010033721,135.0,Ponti,"Molho pesto ponti, 135 g",,2.25,16.67,0,kg,€/Kg,,,https://driveimg1.intermarche.com/pt/Content/images/boitmal/produit/zoom/1A053A6A674F62936E57477C3620A6B1.jpg,,,,,,,2025-05-07T23:59:59.999999999+01:00,PROSPECTUS,9,3
40544,5604260302031,1000.0,PorSi,Néctar de laranja e cenoura light,Embalagem de 1 litro,1.29,1.29,1000,L,€/L,,,https://driveimg1.intermarche.com/pt/Content/images/boitmal/produit/zoom/90AD6663D670ADD8591F162E05082447.jpg,,,,,,,2025-05-07T23:59:59.999999999+01:00,PROSPECTUS,9,3
815,5000116106172,250.0,Capitão Iglo,"Douradinhos de frango, 10 unidades, embalagem de 250g",,3.49,13.96,0,kg,€/Kg,,Tipo de stockagem,https://driveimg1.intermarche.com/pt/Content/images/boitmal/produit/zoom/C5A8F3400BD1CDAA3A658C1B6BE7A4E1.jpg,,,,,,,2025-05-07T23:59:59.999999999+01:00,PROSPECTUS,9,3
11392,5410076960651,75.0,Oral B,Dentífrico Complete Elixir e Branqueador,Embalagem de 75 ml,2.24,29.87,75,L,€/L,,,https://driveimg1.intermarche.com/pt/Content/images/boitmal/produit/zoom/C5C5A58B628F316596E5658453B319FF.jpg,,,,,,,2025-05-07T23:59:59.999999999+01:00,PROSPECTUS,9,3
1307,5601151962152,1000.0,Compal,"Polpa de tomate, embalagem de 1 kg",,1.99,1.99,0,kg,€/Kg,,,https://driveimg1.intermarche.com/pt/Content/images/boitmal/produit/zoom/7F25D2B47A4922FBF9D4F475FD193D2F.jpg,,,,,,,2025-05-07T23:59:59.999999999+01:00,PROSPECTUS,9,3
1325,5601163120816,750.0,Luso,"Água sem gás, garrafa de 0,75 l",,0.74,0.99,750,L,€/L,,,https://driveimg1.intermarche.com/pt/Content/images/boitmal/produit/zoom/AA1A6E591B93610CCB3C24631D9E85B8.jpg,,,,,,,2025-05-07T23:59:59.999999999+01:00,PROSPECTUS,9,3
18325,5601008100119,200.0,Vieira,"Bolacha cream cracker, embalagem de 200g",,0.99,4.95,0,kg,€/Kg,,,https://driveimg1.intermarche.com/pt/Content/images/boitmal/produit/zoom/8B50B80FABB9C6F7EC6C88214E09B189.jpg,,,,,,,2025-05-07T23:59:59.999999999+01:00,PROSPECTUS,9,3
18769,5601008101901,180.0,Vieira,"Bolachas cream cracker doses individuais, embalagem de 180g",,1.19,6.61,0,kg,€/Kg,,,https://driveimg1.intermarche.com/pt/Content/images/boitmal/produit/zoom/9A486CB80F8D69C059B7AAF4D82C4244.jpg,,,,,,,2025-05-07T23:59:59.999999999+01:00,PROSPECTUS,9,3
20201,5603722516221,1500.0,Pleno,"Tisana chá camomila e romã, de 1,5 l",,1.59,1.06,1500,L,€/L,,,https://driveimg1.intermarche.com/pt/Content/images/boitmal/produit/zoom/7D295EE342D567A594A666D24B68A8E1.jpg,,,,,,,2025-05-07T23:59:59.999999999+01:00,PROSPECTUS,9,3
30721,5601883270013,150.0,Nova Açores,"Queijo da ilha fatiado, embalagem de 150g",,1.88,12.53,0,kg,€/Kg,,,https://driveimg1.intermarche.com/pt/Content/images/boitmal/produit/zoom/40CA9125AF84B5E9D880FDC49E57282C.jpg,,,,,,,2025-05-07T23:59:59.999999999+01:00,PROSPECTUS,9,3
4254,3600521848449,50.0,L'oreal Men Expert,Desodorizante roll-on fresh extra,Embalagem de 50 ml,2.69,53.8,50,L,€/L,,,https://driveimg1.intermarche.com/pt/Content/images/boitmal/produit/zoom/E57536F1DBA38F68B80006805ED4ECFF.jpg,,,,,,,2025-05-07T23:59:59.999999999+01:00,PROSPECTUS,9,3
4362,3600541221147,200.0,Fructis,Creme tratamento hydra caracóis,Embalagem de 200 ml,3.49,17.45,200,L,€/L,,,https://driveimg1.intermarche.com/pt/Content/images/boitmal/produit/zoom/F41E1F1598E3D0E982BDFB3924B8C2FB.jpg,,,,,,,2025-05-07T23:59:59.999999999+01:00,PROSPECTUS,9,3
44286,7622210776266,300.0,Prince,"Biscoitos sandwich chocolate, embalagem de 300g",,2.24,7.47,0,kg,€/Kg,,,https://driveimg1.intermarche.com/pt/Content/images/boitmal/produit/zoom/5298CCF2D63F1DC342E9DF4D383710BF.jpg,,,,,,,2025-05-07T23:59:59.999999999+01:00,PROSPECTUS,9,3
46301,5604260315055,500.0,PorSi,Legumes preparados para sopa Juliana,500 g,1.79,3.58,0,kg,€/Kg,,,https://driveimg1.intermarche.com/pt/Content/images/boitmal/produit/zoom/C8B9F35C887D4AB5CF80F554261F6BA1.jpg,,,,,,,2025-05-07T23:59:59.999999999+01:00,PROSPECTUS,9,3
46768,5601082046068,55.0,Delta Q,Café Qalidus XXL,Embalagem com 60 cápsulas,16.99,308.91,0,kg,€/Kg,,,https://driveimg1.intermarche.com/pt/Content/images/boitmal/produit/zoom/B57D51E1DBAB84530CA47C710EFFC338.jpg,,,,,,,2025-05-07T23:59:59.999999999+01:00,PROSPECTUS,9,3
51751,8720181338502,435.0,Cif,"Spray remove bolores, 435 ml",,2.49,5.72,435,L,€/L,,,https://driveimg1.intermarche.com/pt/Content/images/boitmal/produit/zoom/380C503403FDBF9BBCD37132FDE8F56E.jpg,,,,,,,2025-05-07T23:59:59.999999999+01:00,PROSPECTUS,9,3
52786,5900020043481,310.0,Nestlé,"Cereais Protein Fitness 0% Cacau, 310g",,2.89,9.32,0,kg,€/Kg,,,https://driveimg1.intermarche.com/pt/Content/images/boitmal/produit/zoom/619233658842A9E70E868A5A69A9679E.jpg,,,,,,,2025-05-07T23:59:59.999999999+01:00,PROSPECTUS,9,4
53561,8006540836255,,Dodot,"Toalhitas Bebé Aqua Pure 0% Plástico, 144 unidades",,4.79,4.79,144,,€/Unidade,,,https://driveimg1.intermarche.com/pt/Content/images/boitmal/produit/zoom/5657565D45492F867B39202DCD30D576.jpg,,,,,,,2025-05-07T23:59:59.999999999+01:00,PROSPECTUS,9,4
543,3228881083241,30.0,Lipton,"20 saquetas chá digestão fácil, embalagem de 30g",,2.1,70.0,0,kg,€/Kg,,,https://driveimg1.intermarche.com/pt/Content/images/boitmal/produit/zoom/62C3C7BA99F1F998410EDAE6BAC40CDF.jpg,,,,,,,2025-05-07T23:59:59.999999999+01:00,PROSPECTUS,9,4
6205,8001480020450,2000.0,Neoblanc,Lixívia Denso-Activa Harmonias Florais p/ Casa e Roupa,Embalagem de 2 l,2.99,1.5,2000,L,€/L,,,https://driveimg1.intermarche.com/pt/Content/images/boitmal/produit/zoom/C3481E94CAB9959473CAD676E85F2973.jpg,,,,,,,2025-05-07T23:59:59.999999999+01:00,PROSPECTUS,9,4
12468,8435250439584,256.0,Nestlé,"Iogurte mix in smarties morango, embalagem de 2 x 128 g",,2.09,8.16,0,kg,€/Kg,,,https://driveimg1.intermarche.com/pt/Content/images/boitmal/produit/zoom/546EB338CC6149CC0CDDECE6E5ABF48D.jpg,,,,,,,2025-05-07T23:59:59.999999999+01:00,PROSPECTUS,9,4
13630,2893625000000,800.0,Nossa Seleção,Maruca,Congelada,7.19,8.99,0,,€/Kg,,Avantages !,https://driveimg1.intermarche.com/pt/Content/images/boitmal/produit/zoom/D10F1B147D38A26647832B3B877B06EF.jpg,,,,,,,2025-05-07T23:59:59.999999999+01:00,PROSPECTUS,9,4
14968,5000116109081,227.0,Capitão Iglo,"Big burger frango, embalagem de 230g",,3.29,14.49,0,kg,€/Kg,,Tipo de stockagem,https://driveimg1.intermarche.com/pt/Content/images/boitmal/produit/zoom/EDBAA2D3D86CC9AD1CAF56CB2A43F94C.jpg,,,,,,,2025-05-07T23:59:59.999999999+01:00,PROSPECTUS,9,4
16505,8001010085454,280.0,Ponti,"Tomate seco, embalagem de 280g",,2.39,8.54,0,kg,€/Kg,,,https://driveimg1.intermarche.com/pt/Content/images/boitmal/produit/zoom/2298F19E576B3259C716C3773AA1D96D.jpg,,,,,,,2025-05-07T23:59:59.999999999+01:00,PROSPECTUS,9,4
2076,5604260193585,1000.0,PorSi,Nectar tuttifruti,Embalagem de 1 l,1.09,1.09,1000,L,€/L,,,https://driveimg1.intermarche.com/pt/Content/images/boitmal/produit/zoom/F71C24EE65BBACD19D0B795025D59BB2.jpg,,,,,,,2025-05-07T23:59:59.999999999+01:00,PROSPECTUS,9,4
22952,8411660670212,750.0,Sanytol,Desinfetante p/ Cozinha,Embalagem de 750 ml,1.99,2.65,750,L,€/L,,,https://driveimg1.intermarche.com/pt/Content/images/boitmal/produit/zoom/6670903192D029E406F52DBF4952D846.jpg,,,,,,,2025-05-07T23:59:59.999999999+01:00,PROSPECTUS,9,4
2460,7613031501649,400.0,Nestlé,"Fruta para bebé maçã banana +4 meses, embalagem de 4 x 100g",,2.54,6.35,0,kg,€/Kg,,,https://driveimg1.intermarche.com/pt/Content/images/boitmal/produit/zoom/4A8A0DFCA0CA8581AB62B34FED196414.jpg,,,,,,,2025-05-07T23:59:59.999999999+01:00,PROSPECTUS,9,4
2778,8410168399939,4000.0,Friskies,"Ração para gato adulto com coelho, embalagem de 4 kg",,10.79,2.7,0,kg,€/Kg,,,https://driveimg1.intermarche.com/pt/Content/images/boitmal/produit/zoom/48E426D2CA0EFD97E75332E6A0553A7B.jpg,,,,,,,2025-05-07T23:59:59.999999999+01:00,PROSPECTUS,9,4
28678,5605173897348,2000.0,Maçã da Beira Alta IGP,Maçã Golden,Embalagem de 2 kg,2.45,1.23,0,kg,€/Kg,,,https://driveimg1.intermarche.com/pt/Content/images/boitmal/produit/zoom/FD501586D19B3686949652632F7B3864.jpg,,,,,,,2025-05-07T23:59:59.999999999+01:00,PROSPECTUS,9,4
29366,8710447376133,435.0,Cif,"Spray fornos e grelhadores, 435 ml",,2.49,5.72,435,L,€/L,,,https://driveimg1.intermarche.com/pt/Content/images/boitmal/produit/zoom/0983FC0F3C1B5D9C271D56B3C7E3A30E.jpg,,,,,,,2025-05-07T23:59:59.999999999+01:00,PROSPECTUS,9,4
33884,2893837000000,1500.0,Peixaria,Peixe espada preto inteiro,Vendido ao peso,11.99,7.99,0,,€/Kg,,,https://driveimg1.intermarche.com/pt/Content/images/boitmal/produit/zoom/0C1CA3DE6B16A13335042AAFE1F612D6.jpg,,,,,,,2025-05-07T23:59:59.999999999+01:00,PROSPECTUS,9,4
46730,5054563049063,75.0,Parodontax,Dentífrico cuidado extra fresco,Embalagem de 75 ml,4.79,63.87,75,L,€/L,,,https://driveimg1.intermarche.com/pt/Content/images/boitmal/produit/zoom/998140A269951A9C8048D5C798D58920.jpg,,,,,,,2025-05-07T23:59:59.999999999+01:00,PROSPECTUS,9,4
48095,5604260317042,,PorSi,Cuecas Adulto Incontinência Plus M,14 unidades,8.9,8.9,0,,€/Unidade,,,https://driveimg1.intermarche.com/pt/Content/images/boitmal/produit/zoom/7128568469DF070CC7BFF6109A2D96D4.jpg,,,,,,,2025-05-07T23:59:59.999999999+01:00,PROSPECTUS,9,4
52935,5603722522628,200.0,Matinal,"Manteiga magra sem lactose, 200g",,1.99,9.95,0,kg,€/Kg,,,https://driveimg1.intermarche.com/pt/Content/images/boitmal/produit/zoom/8CBD1054729AF9FC46683642CA3D0920.jpg,https://driveimg1.intermarche.com/pt/Content/images/boitmal/produit/zoom/2A7DC81F20D438007A5500C63648E75B.jpg,https://driveimg1.intermarche.com/pt/Content/images/boitmal/produit/zoom/2A7DC81F20D438007A5500C63648E75B.jpg,,,,,2025-05-07T23:59:59.999999999+01:00,PROSPECTUS,9,4
53232,8445290759207,600.0,Nesquik,"Achocolatado em Pó, 600g",,4.89,8.15,0,kg,€/Kg,,,https://driveimg1.intermarche.com/pt/Content/images/boitmal/produit/zoom/8142D9ABDD247C983EB9286F596F2E87.jpg,https://driveimg1.intermarche.com/pt/Content/images/boitmal/produit/zoom/1E8F61743B1B3F44416834AAF4EBE584.jpg,https://driveimg1.intermarche.com/pt/Content/images/boitmal/produit/zoom/1E8F61743B1B3F44416834AAF4EBE584.jpg,https://driveimg1.intermarche.com/pt/Content/images/boitmal/produit/zoom/1E8F61743B1B3F44416834AAF4EBE584.jpg,,,,2025-05-07T23:59:59.999999999+01:00,PROSPECTUS,9,4
7050,2894090000000,150.0,Campofrio,Peito frango forno de lenha,1 un = 150 gr (aprox.),2.25,14.99,0,,€/Kg,,,https://driveimg1.intermarche.com/pt/Content/images/boitmal/produit/zoom/6772968344189119743079B1997DCA88.jpg,,,,,,,2025-05-07T23:59:59.999999999+01:00,PROSPECTUS,9,4
8398,5601050016024,600.0,Danone,"Danacol natural, embalagem de 6 x 100g",,2.99,4.98,0,kg,€/Kg,,,https://driveimg1.intermarche.com/pt/Content/images/boitmal/produit/zoom/E05E5353FD11FB2707504DEA431D86EA.jpg,,,,,,,2025-05-07T23:59:59.999999999+01:00,PROSPECTUS,9,4
12286,8001480020696,2000.0,Neoblanc,Lixívia para roupa delicada,Embalagem de 2 l,5.24,2.62,2000,L,€/L,,,https://driveimg1.intermarche.com/pt/Content/images/boitmal/produit/zoom/AA134EE88CA0DF0986A964941E1C5878.jpg,,,,,,,2025-05-07T23:59:59.999999999+01:00,PROSPECTUS,9,4
1294,5601151450758,845.0,Compal,"Feijão manteiga, lata de 850g",,2.09,2.47,0,kg,€/Kg,,,https://driveimg1.intermarche.com/pt/Content/images/boitmal/produit/zoom/C80A38D3334A10E9F1DDCDBE8105CD22.jpg,,,,,,,2025-05-07T23:59:59.999999999+01:00,PROSPECTUS,9,4
15889,5000116112180,208.0,Capitão Iglo,"10 nuggets de frango com cereais integrais, embalagem de 208 g",,2.99,14.38,0,kg,€/Kg,,Tipo de stockagem,https://driveimg1.intermarche.com/pt/Content/images/boitmal/produit/zoom/A3B56B43D7DCCFA80725BB4E8335CE2C.jpg,,,,,,,2025-05-07T23:59:59.999999999+01:00,PROSPECTUS,9,4
22327,7613035766488,250.0,Nestum,"Nestum bolacha maria, embalagem de 250g",,2.24,8.96,0,kg,€/Kg,,,https://driveimg1.intermarche.com/pt/Content/images/boitmal/produit/zoom/D162EB2F874EE55DA9D5C3AD396EFB47.jpg,,,,,,,2025-05-07T23:59:59.999999999+01:00,PROSPECTUS,9,4
36188,0000087157635,342.0,Heinz,"Ketchup squeeze, 342 g",,2.43,7.11,0,kg,€/Kg,,,https://driveimg1.intermarche.com/pt/Content/images/boitmal/produit/zoom/EE52B25D49D994FEB41D538040399913.jpg,,,,,,,2025-05-07T23:59:59.999999999+01:00,PROSPECTUS,9,4
44736,5601119354296,220.0,Nobre,"Fiambre da perna extra fatias finas, embalagem de 220g",,3.19,14.5,0,kg,€/Kg,,,https://driveimg1.intermarche.com/pt/Content/images/boitmal/produit/zoom/4A56BA492C24F9CA3A987E9B4C367F7A.jpg,,,,,,,2025-05-07T23:59:59.999999999+01:00,PROSPECTUS,9,4
44990,7322541026848,,Colhogar,"Rolo cozinha triplo paratodo xxl, 2 rolos",,3.15,3.15,2,,€/Unidade,,,https://driveimg1.intermarche.com/pt/Content/images/boitmal/produit/zoom/C820BF656F7D42796539B89B863B122A.jpg,https://driveimg1.intermarche.com/pt/Content/images/boitmal/produit/zoom/2B7AD8D6CD5BB54DA1DC03B5F6953530.jpg,https://driveimg1.intermarche.com/pt/Content/images/boitmal/produit/zoom/BA9A9842B33D880069747176D03EE4CC.jpg,https://driveimg1.intermarche.com/pt/Content/images/boitmal/produit/zoom/77C8E3D2B0E2D086C638FAA7D2B55F8B.jpg,,,,2025-05-07T23:59:59.999999999+01:00,PROSPECTUS,9,4
46632,4005900868619,625.0,Nivea,"Loção corporal body milk, embalagem de 625 ml",,6.99,11.18,625,L,€/L,,,https://driveimg1.intermarche.com/pt/Content/images/boitmal/produit/zoom/BF28E4D89E349AB87771BE0B2F42DE4C.jpg,,,,,,,2025-05-07T23:59:59.999999999+01:00,PROSPECTUS,9,4
47648,5601119355378,120.0,Nobre,"Fiambre perna extra braseado finissimas, embalagem de 120g",,1.89,15.75,0,kg,€/Kg,,,https://driveimg1.intermarche.com/pt/Content/images/boitmal/produit/zoom/A268D38DBDCD3538A067D252174C096B.jpg,,,,,,,2025-05-07T23:59:59.999999999+01:00,PROSPECTUS,9,4
50277,8410436429443,,Persil,Detergente máquina roupa 4 em 1,40 cápsulas,9.99,9.99,0,,€/Unidade,,,https://driveimg1.intermarche.com/pt/Content/images/boitmal/produit/zoom/24973D94F20D9012C6C46FC53A9E8545.jpg,,,,,,,2025-05-07T23:59:59.999999999+01:00,PROSPECTUS,9,4
5040,5601029001310,115.0,Pitéu,"Mexilhão escabeche, embalagem de 115g",,1.8,15.65,0,kg,€/Kg,,,https://driveimg1.intermarche.com/pt/Content/images/boitmal/produit/zoom/BD3FC46F63E363AEC58C281136A05ECE.jpg,,,,,,,2025-05-07T23:59:59.999999999+01:00,PROSPECTUS,9,4
51184,7322540671391,,Colhogar,"Papel higiénico 3 folhas protect rosa, 12 rolos",,5.49,5.49,12,,€/Unidade,,,https://driveimg1.intermarche.com/pt/Content/images/boitmal/produit/zoom/A6C380595272193AE3147EE314746BF0.jpg,https://driveimg1.intermarche.com/pt/Content/images/boitmal/produit/zoom/0A76D80299BD740B327BC202CA42E6A7.jpg,https://driveimg1.intermarche.com/pt/Content/images/boitmal/produit/zoom/E6EB8A4D7BADEA4C91682970DB1B81B4.jpg,https://driveimg1.intermarche.com/pt/Content/images/boitmal/produit/zoom/EA4F047C8C7EB304DA21BB6440EC9C0E.jpg,,,,2025-05-07T23:59:59.999999999+01:00,PROSPECTUS,9,4
51369,5000116125791,1400.0,Capitão Iglo,"50 douradinhos de peixe ómega 3 iglo, embalagem de 1.4 kg",,13.99,9.99,0,kg,€/Kg,,Tipo de stockagem,https://driveimg1.intermarche.com/pt/Content/images/boitmal/produit/zoom/6C5BC15FEE115209F2EC3E0B9DBA1CCD.jpg,,,,,,,2025-05-07T23:59:59.999999999+01:00,PROSPECTUS,9,4
6179,8000920200025,650.0,Olá,"Viennetta baunilha, embalagem de 650 ml",,2.59,3.98,650,L,€/L,,Tipo de stockagem,https://driveimg1.intermarche.com/pt/Content/images/boitmal/produit/zoom/788D43470D76B6D6336C9CB6363133EE.jpg,,,,,,,2025-05-07T23:59:59.999999999+01:00,PROSPECTUS,9,4
10272,8410436240109,50.0,Sonasol,"Bloco sanitário blue activ, eucalio",Embalagem de 50 g,1.98,39.6,0,kg,€/Kg,,,https://driveimg1.intermarche.com/pt/Content/images/boitmal/produit/zoom/AD6EF490A116ED8448E270834FD13125.jpg,,,,,,,2025-05-07T23:59:59.999999999+01:00,PROSPECTUS,9,4
19094,4084500330955,1500.0,Fairy,"Detergente líquido, manual loiça, original, 1,5 l",,6.19,4.13,1500,L,€/L,,,https://driveimg1.intermarche.com/pt/Content/images/boitmal/produit/zoom/95EC3D03AC3B46A8207C2E0CFB674294.jpg,,,,,,,2025-05-07T23:59:59.999999999+01:00,PROSPECTUS,9,4
1919,5604260049318,1000.0,PorSi,"Farinha para bolos fina, embalagem de 1 kg",,0.75,0.75,0,kg,€/Kg,,,https://driveimg1.intermarche.com/pt/Content/images/boitmal/produit/zoom/B081D6C7E8819267DC975A9B41881B49.jpg,,,,,,,2025-05-07T23:59:59.999999999+01:00,PROSPECTUS,9,4
21749,7613035766532,250.0,Nestum,"Nestum chocolate, embalagem de 250g",,2.24,8.96,0,kg,€/Kg,,,https://driveimg1.intermarche.com/pt/Content/images/boitmal/produit/zoom/56615AB89B36DE078E553AF04539E1E0.jpg,,,,,,,2025-05-07T23:59:59.999999999+01:00,PROSPECTUS,9,4
24579,3600541946309,400.0,Fructis,Champô força e brilho,Embalagem com 400 ml,5.99,14.98,400,L,€/L,,,https://driveimg1.intermarche.com/pt/Content/images/boitmal/produit/zoom/B318411B1A658517F85A242ED66D26E5.jpg,,,,,,,2025-05-07T23:59:59.999999999+01:00,PROSPECTUS,9,4
24583,3600541946262,400.0,Fructis,Champô hidra caracóis,Embalagem de 400 ml,5.99,14.98,400,L,€/L,,,https://driveimg1.intermarche.com/pt/Content/images/boitmal/produit/zoom/F45C286B6B8330CEB5E45C88E611688B.jpg,,,,,,,2025-05-07T23:59:59.999999999+01:00,PROSPECTUS,9,4
26165,5029053566122,,Scottex,Papel Higiénico Gigante,18 Rolos = 54 Rolos,9.99,9.99,0,,€/Unidade,,,https://driveimg1.intermarche.com/pt/Content/images/boitmal/produit/zoom/0B3DC32EEB060521F3FC27E231F242CB.jpg,,,,,,,2025-05-07T23:59:59.999999999+01:00,PROSPECTUS,9,4
26414,5000116110919,1042.0,Capitão Iglo,"50 nuggets de frango, embalagem de 1042g",,12.99,12.47,0,kg,€/Kg,,Tipo de stockagem,https://driveimg1.intermarche.com/pt/Content/images/boitmal/produit/zoom/D97E3080A57234D7462734347713E694.jpg,,,,,,,2025-05-07T23:59:59.999999999+01:00,PROSPECTUS,9,4
27775,8410500017699,480.0,Danone,"Activia 0% Frutos Silvestres Cremoso,  4x120 g",,1.99,4.15,0,kg,€/Kg,,,https://driveimg1.intermarche.com/pt/Content/images/boitmal/produit/zoom/4E62DCF5F4DD4F8D2F37C752D5F96412.jpg,,,,,,,2025-05-07T23:59:59.999999999+01:00,PROSPECTUS,9,4
32044,5603722517471,1000.0,Mimosa,"Mimosa bem especial leite e amêndoa, embalagem de 1litro",,1.18,1.18,1000,L,€/L,,,https://driveimg1.intermarche.com/pt/Content/images/boitmal/produit/zoom/A1AF42E2DBF696A3B59FEDBA01AC4F82.jpg,,,,,,,2025-05-07T23:59:59.999999999+01:00,PROSPECTUS,9,4
32063,8712423038844,33.0,Knorr,"Strogonoff 1, 2, 3...sabor!, embalagem de 33 g",,1.19,36.06,0,kg,€/Kg,,,https://driveimg1.intermarche.com/pt/Content/images/boitmal/produit/zoom/4A8045759567B372AE215D4B257F03A8.jpg,,,,,,,2025-05-07T23:59:59.999999999+01:00,PROSPECTUS,9,4
32076,7613036496353,340.0,Purina One,"Comida húmida para gato esterilizado em molho com salmão, 4 x 85g",,2.59,7.62,0,kg,€/Kg,,,https://driveimg1.intermarche.com/pt/Content/images/boitmal/produit/zoom/3F5C404D1E0ED04E5681C0681EDCBF4A.jpg,,,,,,,2025-05-07T23:59:59.999999999+01:00,PROSPECTUS,9,4
