identifier,produitEan13,capacite,marque,libelle,conditionnement,prix,unitPrice,volume,typeProduit_uniteByCode,unit_value,images_0,images_1,images_2,images_3,images_4,images_5,pictogrammes_libelleCategorie,avantages_dateFin,avantages_categorie,nro_paginas,page,images_6,pictogrammes_0
12972,2892040000000,1000.0,Fruta,Banana,1 un = 200 gr (aprox.),1.09,1.09,0,,€/Kg,https://driveimg1.intermarche.com/pt/Content/images/boitmal/produit/zoom/C368220872795E9863F1F37C2230CCEA.jpg,,,,,,,2024-10-02T23:59:59.999999999+01:00,PROSPECTUS,13,1,,
12978,2892462000000,400.0,Legumes,Alface Frisada,1 un= 400 g (aprox.),0.4,0.99,0,,€/Kg,https://driveimg1.intermarche.com/pt/Content/images/boitmal/produit/zoom/14C8DBD7827DB992F77D5C5056950123.jpg,,,,,,,2024-10-02T23:59:59.999999999+01:00,PROSPECTUS,13,1,,
12994,2892524000000,100.0,Legumes,Cenoura Granel,1 un = 100 gr (aprox.),0.09,0.85,0,,€/Kg,https://driveimg1.intermarche.com/pt/Content/images/boitmal/produit/zoom/6427FE21A79FA79A1E8CC03E5F3B3703.jpg,,,,,,,2024-10-02T23:59:59.999999999+01:00,PROSPECTUS,13,1,,
7126,2895005000000,100.0,PorSi,Queijo flamengo barra,"Vendido ao peso, fatiado a partir de 100 gr",0.7,6.99,0,,€/Kg,https://driveimg1.intermarche.com/pt/Content/images/boitmal/produit/zoom/16C1EB46F4F37242994168D0C6EEE2EA.jpg,https://driveimg1.intermarche.com/pt/Content/images/boitmal/produit/zoom/429C8DD5EB6268845AF5C452EB2A1C3C.jpg,,,,,1000 Artigos,2024-10-04T23:59:59.999999999+01:00,PROSPECTUS,13,1,,
13915,2891249000000,2000.0,Peru,Perna com Osso,Vendido ao peso,5.98,2.99,0,,€/Kg,https://driveimg1.intermarche.com/pt/Content/images/boitmal/produit/zoom/1D88BA2E1544364C5EB66CF19AD6E70E.jpg,,,,,,,2024-10-02T23:59:59.999999999+01:00,PROSPECTUS,13,1,,
40464,5604260300815,120.0,PorSi,Atum posta em óleo vegetal,Embalagem de 120g,0.93,7.75,0,kg,€/Kg,https://driveimg1.intermarche.com/pt/Content/images/boitmal/produit/zoom/173B9FE9B4C2B9F9F15A0D5B1DBEDB60.jpg,,,,,,1000 Artigos,2024-10-04T23:59:59.999999999+01:00,PROSPECTUS,13,1,,
13216,2893201000000,250.0,PorSi,Perca à Posta,1 un = 250g (aprox.),2.2,8.79,0,,€/Kg,https://driveimg1.intermarche.com/pt/Content/images/boitmal/produit/zoom/741D00CAD6DCC4EC729919B0800D71BD.jpg,,,,,,,2024-10-02T23:59:59.999999999+01:00,PROSPECTUS,13,1,,
13866,2891048000000,1000.0,Porco,Bifanas,Vendido ao peso a partir de 1 kg,3.99,3.99,0,,€/Kg,https://driveimg1.intermarche.com/pt/Content/images/boitmal/produit/zoom/C9E276B082B119EFEDC2A2B0E1BC737E.jpg,,,,,,,2024-10-02T23:59:59.999999999+01:00,PROSPECTUS,13,1,,
2312,5604260271832,355.0,PorSi,Cogumelos laminados 1/2,Embalagem de 355 g,1.19,3.35,0,kg,€/Kg,https://driveimg1.intermarche.com/pt/Content/images/boitmal/produit/zoom/60708037644026A27C2FB6731A0DAB33.jpg,,,,,,1000 Artigos,2024-10-04T23:59:59.999999999+01:00,PROSPECTUS,13,1,,
36522,5604260292042,,PorSi,Papel higiénico macio absorvente,12 rolos,2.49,2.49,0,,€/Unidade,https://driveimg1.intermarche.com/pt/Content/images/boitmal/produit/zoom/839473679F0155D9469467503CB1B3E6.jpg,,,,,,1000 Artigos,2024-10-02T23:59:59.999999999+01:00,PROSPECTUS,13,1,,
9691,5604260270613,500.0,PorSi,Queijo Flamengo Fatias,Embalagem 500G,3.99,7.98,0,kg,€/Kg,https://driveimg1.intermarche.com/pt/Content/images/boitmal/produit/zoom/FFFF236BFADF54D62A4E0EFB7AF0E7B7.jpg,,,,,,1000 Artigos,2024-10-04T23:59:59.999999999+01:00,PROSPECTUS,13,1,,
32326,8002205352009,2000.0,Friskies,Ração para gato adulto com salmão e legumes,Embalagem de 2 kg,6.74,3.37,0,kg,€/Kg,https://driveimg1.intermarche.com/pt/Content/images/boitmal/produit/zoom/5A66DCF50E18EB50FA1AC8028C8508C6.jpg,,,,,,1000 Artigos,2024-10-04T23:59:59.999999999+01:00,PROSPECTUS,13,1,,
12887,2892089000000,500.0,Fruta,Manga Barco,1 un = 500 gr (aprox.),1.5,2.99,0,,€/Kg,https://driveimg1.intermarche.com/pt/Content/images/boitmal/produit/zoom/ADC504D3921218CCB4DF31F75AAF28C0.jpg,,,,,,,2024-10-02T23:59:59.999999999+01:00,PROSPECTUS,13,1,,
2309,5604260271801,2000.0,PorSi,Refrigerante de cola zero,Garrafa de 2 l,0.79,0.4,2000,L,€/L,https://driveimg1.intermarche.com/pt/Content/images/boitmal/produit/zoom/F81DE832EC9948EA24FFE06A8CDD7EE9.jpg,,,,,,1000 Artigos,2024-10-04T23:59:59.999999999+01:00,PROSPECTUS,13,1,,
13242,2893227000000,200.0,Peixaria,Robalo de Viveiro,de 200 a 600 g (aprox.),1.16,5.79,0,,€/Kg,https://driveimg1.intermarche.com/pt/Content/images/boitmal/produit/zoom/48561D1FC8B0542874DDBC21F2E9ADCA.jpg,,,,,,,2024-10-02T23:59:59.999999999+01:00,PROSPECTUS,13,1,,
854,5010394133852,500.0,Pedigree,Guloseima para cão biscrok,Embalagem de 500 g,3.49,6.98,0,kg,€/Kg,https://driveimg1.intermarche.com/pt/Content/images/boitmal/produit/zoom/C3696C3844F67065BEA83C1D5D8C7EB1.jpg,,,,,,,2024-10-02T23:59:59.999999999+01:00,PROSPECTUS,13,1,,
13865,2891042000000,1000.0,Porco,Costeletas do Cachaço,Vendido ao peso a partir de 1 kg,4.98,4.98,0,,€/Kg,https://driveimg1.intermarche.com/pt/Content/images/boitmal/produit/zoom/9CC30521C194F3CF0E71F32C6E004880.jpg,,,,,,,2024-10-02T23:59:59.999999999+01:00,PROSPECTUS,13,1,,
14223,5604260292721,100.0,PorSi,Tablete chocolate de leite,embalagem de 100 g,1.29,12.9,0,kg,€/Kg,https://driveimg1.intermarche.com/pt/Content/images/boitmal/produit/zoom/E23ABA87C72BA66273585754CBCFF134.jpg,,,,,,1000 Artigos,2024-10-04T23:59:59.999999999+01:00,PROSPECTUS,13,1,,
41716,5604260303809,90.0,PorSi,Saqueta de puré de fruta | maçã + pêssego + banana + pera,90 g,0.74,8.22,0,kg,€/Kg,https://driveimg1.intermarche.com/pt/Content/images/boitmal/produit/zoom/BA821088BC22D810D2198777A3EC5FCD.jpg,,,,,,1000 Artigos,2024-10-04T23:59:59.999999999+01:00,PROSPECTUS,13,1,,
43360,5604260310357,1000.0,PorSi Viva Bem,"Iogurte grego natural magro,  1 kg",,2.29,2.29,0,kg,€/Kg,https://driveimg1.intermarche.com/pt/Content/images/boitmal/produit/zoom/8F8A599D4D4FEABD382ECD297241C642.jpg,,,,,,1000 Artigos,2024-10-04T23:59:59.999999999+01:00,PROSPECTUS,13,1,,
8383,5601049132995,1000.0,Mimosa,Leite uht meio gordo,Embalagem de 1 litro,0.89,0.89,1000,L,€/L,https://driveimg1.intermarche.com/pt/Content/images/boitmal/produit/zoom/30AE72C16512D7F6E9C8B5E7CBD4B0A2.jpg,https://driveimg1.intermarche.com/pt/Content/images/boitmal/produit/zoom/AE810093A08CEBD60415DCC626CF5804.jpg,https://driveimg1.intermarche.com/pt/Content/images/boitmal/produit/zoom/A0562293538F541B1B99592AA046327B.jpg,,,,,2024-10-02T23:59:59.999999999+01:00,PROSPECTUS,13,1,,
13892,2891041000000,1000.0,Porco,Costeletas do Lombo,Vendido ao peso a partir de 1 kg,3.99,3.99,0,,€/Kg,https://driveimg1.intermarche.com/pt/Content/images/boitmal/produit/zoom/0CEDBCB04142A68CDED3690FB39820D0.jpg,,,,,,,2024-10-02T23:59:59.999999999+01:00,PROSPECTUS,13,1,,
13897,2891053000000,1000.0,Porco,Lombo sem Osso,Vendido ao peso a partir de 1 kg,5.28,5.28,0,,€/Kg,https://driveimg1.intermarche.com/pt/Content/images/boitmal/produit/zoom/415564DA70574ED3C1D7475F1F28BDB6.jpg,,,,,,,2024-10-02T23:59:59.999999999+01:00,PROSPECTUS,13,1,,
14038,2696013000000,80.0,Padaria,Bola mistura,1 unidade= 80 g,0.18,2.25,0,kg,€/Kg,https://driveimg1.intermarche.com/pt/Content/images/boitmal/produit/zoom/9D6E30346316F689C4A5A61ADBADBAB3.jpg,,,,,,,2024-10-02T23:59:59.999999999+01:00,PROSPECTUS,13,1,,
17402,8412600027233,700.0,Bimbo,Pão forma familiar normal,embalagem de 700 g,1.99,2.84,0,kg,€/Kg,https://driveimg1.intermarche.com/pt/Content/images/boitmal/produit/zoom/DE8CCFFBC376CC9F4596A72F8ABC4CE5.jpg,,,,,,,2024-10-02T23:59:59.999999999+01:00,PROSPECTUS,13,1,,
19022,5603722509742,800.0,Agros,Leite com Chocolate,Embalagem de 4 x 200 ml,1.49,1.86,800,L,€/L,https://driveimg1.intermarche.com/pt/Content/images/boitmal/produit/zoom/5E96016EA2C29977083D2986B4126E1A.jpg,,,,,,1000 Artigos,2024-10-02T23:59:59.999999999+01:00,PROSPECTUS,13,1,,
22335,5000116110940,420.0,Capitão Iglo,15 douradinhos,Embalagem de 420g,4.99,11.88,0,kg,€/Kg,https://driveimg1.intermarche.com/pt/Content/images/boitmal/produit/zoom/A875E63BB10AF2CF300666B64DC69107.jpg,,,,,,Tipo de stockagem,2024-10-02T23:59:59.999999999+01:00,PROSPECTUS,13,1,,
26047,8412600070994,650.0,Bimbo,Pão de forma s/ côdea,Embalagem de 650 g,2.09,3.22,0,kg,€/Kg,https://driveimg1.intermarche.com/pt/Content/images/boitmal/produit/zoom/998967574B383CCF8D49F03316F06108.jpg,,,,,,,2024-10-02T23:59:59.999999999+01:00,PROSPECTUS,13,1,,
36728,5604260294343,1000.0,PorSi,Arroz carolino,Embalagem de 1 kg,1.25,1.25,0,kg,€/Kg,https://driveimg1.intermarche.com/pt/Content/images/boitmal/produit/zoom/10350363E0DE37B1698299EA7835EFEE.jpg,,,,,,1000 Artigos,2024-10-04T23:59:59.999999999+01:00,PROSPECTUS,13,1,,
41621,5604260303625,5000.0,PorSi,Areia para gatos 100% natural,Embalagem de 5 kg,1.29,0.26,0,kg,€/Kg,https://driveimg1.intermarche.com/pt/Content/images/boitmal/produit/zoom/D31760E94B21E9196509712F2DC20BF5.jpg,,,,,,1000 Artigos,2024-10-04T23:59:59.999999999+01:00,PROSPECTUS,13,1,,
41719,5604260303793,90.0,PorSi,Saqueta de puré de fruta | maçã + banana,90 g,0.74,8.22,0,kg,€/Kg,https://driveimg1.intermarche.com/pt/Content/images/boitmal/produit/zoom/917C5C6898063E49F7861F32B2346FD5.jpg,,,,,,1000 Artigos,2024-10-04T23:59:59.999999999+01:00,PROSPECTUS,13,1,,
46715,5604260318759,,PorSi,Papel higiénico branco folha quadrupla,12 rolos,5.03,5.03,0,,€/Unidade,https://driveimg1.intermarche.com/pt/Content/images/boitmal/produit/zoom/078F78E1A23E8150050FA2F61B744BD8.jpg,,,,,,1000 Artigos,2024-10-04T23:59:59.999999999+01:00,PROSPECTUS,13,1,,
54321,8718951477957,100.0,Colgate,"Pasta De Dentes Tripla Ação, 100ml",,1.95,19.5,100,L,€/L,https://driveimg1.intermarche.com/pt/Content/images/boitmal/produit/zoom/6A66738B64F04C4649C8E34FD10D1AE8.jpg,https://driveimg1.intermarche.com/pt/Content/images/boitmal/produit/zoom/9ADDEB220D16C8DAE54C517CBC09DC55.jpg,https://driveimg1.intermarche.com/pt/Content/images/boitmal/produit/zoom/9ADDEB220D16C8DAE54C517CBC09DC55.jpg,,,,1000 Artigos,2024-10-04T23:59:59.999999999+01:00,PROSPECTUS,13,1,,
9727,5604260273058,200.0,PorSi,Queijo mozzarella ralado,Embalagem de 200 g,1.57,7.85,0,kg,€/Kg,https://driveimg1.intermarche.com/pt/Content/images/boitmal/produit/zoom/06A41E6C952C21A7856951F2F972349C.jpg,,,,,,1000 Artigos,2024-10-04T23:59:59.999999999+01:00,PROSPECTUS,13,1,,
1104,5601066200301,1000.0,Nacional,Farinha p/ bolos fina,Embalagem de 1Kg,1.09,1.09,0,kg,€/Kg,https://driveimg1.intermarche.com/pt/Content/images/boitmal/produit/zoom/965F30777B80FEC78D369BAAC5FF5AF1.jpg,,,,,,,2024-10-02T23:59:59.999999999+01:00,PROSPECTUS,13,1,,
11523,5601051410029,250.0,Primor,"Manteiga com sal, 250g",,1.97,7.88,0,kg,€/Kg,https://driveimg1.intermarche.com/pt/Content/images/boitmal/produit/zoom/5E7E0622B0F1F3C827A5445EBDA354EF.jpg,,,,,,,2024-10-02T23:59:59.999999999+01:00,PROSPECTUS,13,1,,
11656,5601195510128,1000.0,Pedras Salgadas,Água com gás limão,pack 4 x 0.25 l,1.99,1.99,1000,L,€/L,https://driveimg1.intermarche.com/pt/Content/images/boitmal/produit/zoom/9870F7D10B9ED7376F5917B0306BAC76.jpg,,,,,,,2024-10-02T23:59:59.999999999+01:00,PROSPECTUS,13,1,,
11688,5601244202318,200.0,Terra Nostra,Queijo flamengo em fatias,Embalagem de 200g,2.19,10.95,0,kg,€/Kg,https://driveimg1.intermarche.com/pt/Content/images/boitmal/produit/zoom/1AC37D1F5312990D8FFDE85110EEAFAE.jpg,,,,,,,2024-10-02T23:59:59.999999999+01:00,PROSPECTUS,13,1,,
12884,2892009000000,200.0,Fruta,Limão,1 un = 200 gr (aprox.),0.28,1.39,0,,€/Kg,https://driveimg1.intermarche.com/pt/Content/images/boitmal/produit/zoom/2F7773525E5DEBAE013C06CBE4768FAC.jpg,,,,,,,2024-10-02T23:59:59.999999999+01:00,PROSPECTUS,13,1,,
13844,2891011000000,800.0,Novilho,Carne p/ Assar,Vendido ao peso a partir de 800 g,7.19,8.99,0,,€/Kg,https://driveimg1.intermarche.com/pt/Content/images/boitmal/produit/zoom/5BE20A86BAEB137E382553205DC9D349.jpg,,,,,,,2024-10-02T23:59:59.999999999+01:00,PROSPECTUS,13,1,,
13869,2891126000000,1000.0,PorSi,Coelho inteiro,Vendido ao peso,6.49,6.49,0,,€/Kg,https://driveimg1.intermarche.com/pt/Content/images/boitmal/produit/zoom/52C51860E551A8D97DAB91398A81FDB2.jpg,,,,,,,2024-10-02T23:59:59.999999999+01:00,PROSPECTUS,13,1,,
1677,5602711001311,1000.0,Rar,Açúcar granulado embalado em papel,Embalagem de 1 kg,1.59,1.59,0,kg,€/Kg,https://driveimg1.intermarche.com/pt/Content/images/boitmal/produit/zoom/F8294E745C95C50AD875621A802EA691.jpg,,,,,,1000 Artigos,2024-10-04T23:59:59.999999999+01:00,PROSPECTUS,13,1,,
18628,5601028002707,,Renova,Rolo de Cozinha Multi,4 Rolos,1.49,1.49,0,,€/Unidade,https://driveimg1.intermarche.com/pt/Content/images/boitmal/produit/zoom/EC28E7C70040AEF56E88826756B8374D.jpg,,,,,,1000 Artigos,2024-10-04T23:59:59.999999999+01:00,PROSPECTUS,13,1,,
20477,8714789876801,650.0,Palmolive,Gel Banho Coco,Embalagem de 650 ml,3.29,5.06,650,L,€/L,https://driveimg1.intermarche.com/pt/Content/images/boitmal/produit/zoom/C841EAB15BFBC711E7703D2FB84F7757.jpg,,,,,,1000 Artigos,2024-10-04T23:59:59.999999999+01:00,PROSPECTUS,13,1,,
24838,5601164903722,7500.0,Super Bock,Cerveja Mini,Pack 30 X 0.25 L,13.85,1.85,7500,L,€/L,https://driveimg1.intermarche.com/pt/Content/images/boitmal/produit/zoom/21F823289804B326F67E5D90563F901B.jpg,,,,,,1000 Artigos,2024-10-04T23:59:59.999999999+01:00,PROSPECTUS,13,1,,
30958,5449000957955,3500.0,Coca-Cola,Coca-cola zero,pack 2 x 1.75 l,3.14,0.9,3500,L,€/L,https://driveimg1.intermarche.com/pt/Content/images/boitmal/produit/zoom/9B5373624D44366A3ACEBCD7C73191EB.jpg,,,,,,,2024-10-02T23:59:59.999999999+01:00,PROSPECTUS,13,1,,
34201,5601066401029,150.0,Nacional,Bolachas com pepitas de chocolate my cookie!,Embalagem de 150 g,1.19,7.93,0,kg,€/Kg,https://driveimg1.intermarche.com/pt/Content/images/boitmal/produit/zoom/8733C55DE677087A69DC68FE9C7FC1FB.jpg,,,,,,,2024-10-02T23:59:59.999999999+01:00,PROSPECTUS,13,1,,
36732,5604260286454,2000.0,PorSi,Ração seca de carne para gato adulto,Embalagem de 2 kg,3.99,2.0,0,kg,€/Kg,https://driveimg1.intermarche.com/pt/Content/images/boitmal/produit/zoom/9EDD98958C9E50520083DF31D4824073.jpg,,,,,,1000 Artigos,2024-10-04T23:59:59.999999999+01:00,PROSPECTUS,13,1,,
40490,5604260292967,1000.0,PorSi,Sal cristal,embalagem de 1 kg,0.25,0.25,0,kg,€/Kg,https://driveimg1.intermarche.com/pt/Content/images/boitmal/produit/zoom/B0A2D20905846BB6FA89618D465D3E2B.jpg,,,,,,1000 Artigos,2024-10-04T23:59:59.999999999+01:00,PROSPECTUS,13,1,,
41129,5604260303762,200.0,PorSi,8 salsichas aves,Embalagem de 200 g,1.09,5.45,0,kg,€/Kg,https://driveimg1.intermarche.com/pt/Content/images/boitmal/produit/zoom/B0DF7D5316DF865B4DCE8F58163C3E81.jpg,,,,,,1000 Artigos,2024-10-04T23:59:59.999999999+01:00,PROSPECTUS,13,1,,
41717,5604260303816,90.0,PorSi,Saqueta de puré de fruta | maçã + pera,90 g,0.74,8.22,0,kg,€/Kg,https://driveimg1.intermarche.com/pt/Content/images/boitmal/produit/zoom/BDC9DCB2575995ED71759BEA2C9A3172.jpg,,,,,,1000 Artigos,2024-10-04T23:59:59.999999999+01:00,PROSPECTUS,13,1,,
41720,5604260303786,90.0,PorSi,Saqueta de puré de fruta | maçã + banana + morango,90 g,0.74,8.22,0,kg,€/Kg,https://driveimg1.intermarche.com/pt/Content/images/boitmal/produit/zoom/D8CF0CCEDABFBBF47BBC90A180FDA1C7.jpg,,,,,,1000 Artigos,2024-10-04T23:59:59.999999999+01:00,PROSPECTUS,13,1,,
49460,7613287300362,99.0,Nescafé,Café Buondi Intensidade 8,16 cápsulas,4.99,50.4,0,kg,€/Kg,https://driveimg1.intermarche.com/pt/Content/images/boitmal/produit/zoom/80D095BD8937186A634C0603F93E6D9A.jpg,,,,,,,2024-10-02T23:59:59.999999999+01:00,PROSPECTUS,13,1,,
5273,5601164902343,7920.0,Super Bock,Cerveja c/ álcool,pack 24 x 0.33 l,16.99,2.15,7920,L,€/L,https://driveimg1.intermarche.com/pt/Content/images/boitmal/produit/zoom/9036A4A1A895E7D1EC16B298057D65EB.jpg,,,,,,1000 Artigos,2024-10-04T23:59:59.999999999+01:00,PROSPECTUS,13,1,,
8398,5601050016024,600.0,Danone,"Danacol natural,  6 x 100 g",,2.99,4.98,0,kg,€/Kg,https://driveimg1.intermarche.com/pt/Content/images/boitmal/produit/zoom/F95F766B58ABBBA7608620C57921073C.jpg,,,,,,1000 Artigos,2024-10-02T23:59:59.999999999+01:00,PROSPECTUS,13,1,,
927,5601001180903,380.0,Nestlé,Cereais chocapic,Embalagem de 375 g,2.29,6.03,0,kg,€/Kg,https://driveimg1.intermarche.com/pt/Content/images/boitmal/produit/zoom/6DE0110672BED70DCD1FFE94A66DEB48.jpg,,,,,,1000 Artigos,2024-10-04T23:59:59.999999999+01:00,PROSPECTUS,13,1,,
929,5601001187803,630.0,Nestlé,Cereais chocapic,Embalagem de 630g,3.49,5.54,0,kg,€/Kg,https://driveimg1.intermarche.com/pt/Content/images/boitmal/produit/zoom/24F5DB132F7E18A7786689AD5CB8DB19.jpg,,,,,,,2024-10-02T23:59:59.999999999+01:00,PROSPECTUS,13,1,,
973,5601024105020,1000.0,Fula,Óleo alimentar,Embalagem 1L,1.99,1.99,1000,L,€/L,https://driveimg1.intermarche.com/pt/Content/images/boitmal/produit/zoom/82D3E88293E42CC5B178C569AA9B57E6.jpg,,,,,,1000 Artigos,2024-10-04T23:59:59.999999999+01:00,PROSPECTUS,13,1,,
12996,2892526000000,250.0,Legumes,Chuchu,1 un = 250 gr  (aprox.),0.57,2.29,0,,€/Kg,https://driveimg1.intermarche.com/pt/Content/images/boitmal/produit/zoom/93A45A4645EB0EB96CD1F4E97D062E08.jpg,,,,,,,2024-10-02T23:59:59.999999999+01:00,PROSPECTUS,13,1,,
13126,2893105000000,600.0,Peixaria,Dourada de Viveiro,de 600 a 800g,4.19,6.99,0,,€/Kg,https://driveimg1.intermarche.com/pt/Content/images/boitmal/produit/zoom/029F52875DBC51F21511F40D4DB7EF92.jpg,,,,,,,2024-10-02T23:59:59.999999999+01:00,PROSPECTUS,13,1,,
13577,2893572000000,200.0,Peixaria,Pota Inteira Congelada,1 un= 200 gr (aprox.),1.18,5.89,0,,€/Kg,https://driveimg1.intermarche.com/pt/Content/images/boitmal/produit/zoom/B2D6321EA80C5271A6C9DE3162C36D95.jpg,,,,,,Avantages !,2024-10-02T23:59:59.999999999+01:00,PROSPECTUS,13,1,,
13585,2893580000000,250.0,Marisco,Gambão Congelado 20/30,Vendido a partir de 250 (aprox.),2.25,8.99,0,,€/Kg,https://driveimg1.intermarche.com/pt/Content/images/boitmal/produit/zoom/4D0BD52A2A6DCE6EE965D391A979212D.jpg,,,,,,Avantages !,2024-10-02T23:59:59.999999999+01:00,PROSPECTUS,13,1,,
13817,2892582000000,250.0,Legumes,Pimento Verde,1 un = 250 gr  (aprox.),0.45,1.79,0,,€/Kg,https://driveimg1.intermarche.com/pt/Content/images/boitmal/produit/zoom/7B3A4CEB1862E90C3453A121EC9872E4.jpg,,,,,,,2024-10-02T23:59:59.999999999+01:00,PROSPECTUS,13,1,,
14226,5602132656015,500.0,Serramel,Mel rosmaninho 500g,Embalagem de 500G,4.69,9.38,0,kg,€/Kg,https://driveimg1.intermarche.com/pt/Content/images/boitmal/produit/zoom/85F17C3A88DCA8E287D8076A08E91C9C.jpg,,,,,,,2024-10-02T23:59:59.999999999+01:00,PROSPECTUS,13,1,,
1462,5601286231772,250.0,Milaneza,"Massa, estrelinhas",Embalagem de 250g,0.62,2.48,0,kg,€/Kg,https://driveimg1.intermarche.com/pt/Content/images/boitmal/produit/zoom/E2F1A211F7D24F0BF020FA7DF88C2F67.jpg,,,,,,,2024-10-02T23:59:59.999999999+01:00,PROSPECTUS,13,1,,
14862,2696029000000,70.0,Padaria,Carcaça Rústica 70 g,,0.19,2.71,0,kg,€/Kg,https://driveimg1.intermarche.com/pt/Content/images/boitmal/produit/zoom/7501756B5498BDF68A954DEA96B9AD1C.jpg,,,,,,,2024-10-02T23:59:59.999999999+01:00,PROSPECTUS,13,1,,
15125,2895006000000,150.0,Terra Nostra,Queijo Flamengo em Barra,1 un = 150 gr (aprox.),1.35,8.99,0,,€/Kg,https://driveimg1.intermarche.com/pt/Content/images/boitmal/produit/zoom/476F7A985B3EA4EB38194328E8345ADF.jpg,,,,,,,2024-10-02T23:59:59.999999999+01:00,PROSPECTUS,13,1,,
15507,5601050031621,480.0,Danone,"Iogurte activia cremoso coco,  4 x 120 g",,1.99,4.15,0,kg,€/Kg,https://driveimg1.intermarche.com/pt/Content/images/boitmal/produit/zoom/05783495E4A676779F417115EB52CFE8.jpg,,,,,,1000 Artigos,2024-10-02T23:59:59.999999999+01:00,PROSPECTUS,13,1,,
16939,7622210475411,171.0,Triunfo,Bolacha digestiva go canela,Embalagem de 170g,1.49,8.71,0,kg,€/Kg,https://driveimg1.intermarche.com/pt/Content/images/boitmal/produit/zoom/C83726E993B61EE08F4E417A24AC0F22.jpg,,,,,,,2024-10-02T23:59:59.999999999+01:00,PROSPECTUS,13,1,,
17272,2891375000000,800.0,Novilho,Carne p/ Estufar,Vendido ao peso a partir de 800 g,6.79,8.49,0,,€/Kg,https://driveimg1.intermarche.com/pt/Content/images/boitmal/produit/zoom/74A9E71258207F3FD300DB35B0F5BB18.jpg,,,,,,,2024-10-02T23:59:59.999999999+01:00,PROSPECTUS,13,1,,
21766,7613035487840,90.0,Nestlé,Fruta para bebé banana laranja bolacha +6 meses,Embalagem de 90g,0.74,8.22,0,kg,€/Kg,https://driveimg1.intermarche.com/pt/Content/images/boitmal/produit/zoom/97B5DC278815B47BCD7E38EEC0455DC8.jpg,,,,,,,2024-10-02T23:59:59.999999999+01:00,PROSPECTUS,13,1,,
2247,5604260267446,320.0,PorSi,"Hamburguers de vaca, 4x80g",Embalagem de 320 g,2.49,7.78,0,kg,€/Kg,https://driveimg1.intermarche.com/pt/Content/images/boitmal/produit/zoom/3FA12F56FCCB02BD822538B5A4E99D58.jpg,,,,,,1000 Artigos,2024-10-04T23:59:59.999999999+01:00,PROSPECTUS,13,1,,
2308,5604260271795,2000.0,PorSi,Refrigerante com gás cola,Garrafa de 2 l,1.35,0.68,2000,L,€/L,https://driveimg1.intermarche.com/pt/Content/images/boitmal/produit/zoom/FAE084877CD5F49373EA9981F15AE891.jpg,,,,,,1000 Artigos,2024-10-04T23:59:59.999999999+01:00,PROSPECTUS,13,1,,
24369,5601050033045,620.0,Danone,"Iogurte líquido morango / kiwi corpos danone,  4 x 155 g",,1.89,3.05,0,kg,€/Kg,https://driveimg1.intermarche.com/pt/Content/images/boitmal/produit/zoom/727FBA9E88DFAC31F291DCAC14087FD2.jpg,,,,,,,2024-10-02T23:59:59.999999999+01:00,PROSPECTUS,13,1,,
24412,8410436297660,1300.0,Sonasol,"Lava tudo aloe vera e flores brancas, 1,3l",,2.09,1.61,1300,L,€/L,https://driveimg1.intermarche.com/pt/Content/images/boitmal/produit/zoom/99177C313800E1C306087975E7A5D1E7.jpg,,,,,,1000 Artigos,2024-10-04T23:59:59.999999999+01:00,PROSPECTUS,13,1,,
42625,5604260309832,1000.0,PorSi,Farinha de trigo sem fermento t55,Embalagem de 1 kg,0.69,0.69,0,kg,€/Kg,https://driveimg1.intermarche.com/pt/Content/images/boitmal/produit/zoom/EF956CFC77024866F5D3B9C6A4D0EA3B.jpg,,,,,,1000 Artigos,2024-10-04T23:59:59.999999999+01:00,PROSPECTUS,13,1,,
43009,5604260307180,300.0,PorSi,Comida húmida para cão de borrego,Embalagem de 300 g,0.75,2.5,0,kg,€/Kg,https://driveimg1.intermarche.com/pt/Content/images/boitmal/produit/zoom/8873D77963E4D34906CA2FC5E881C248.jpg,https://driveimg1.intermarche.com/pt/Content/images/boitmal/produit/zoom/2B27BF4714216FFB4E9E5882412593BE.jpg,https://driveimg1.intermarche.com/pt/Content/images/boitmal/produit/zoom/2B27BF4714216FFB4E9E5882412593BE.jpg,https://driveimg1.intermarche.com/pt/Content/images/boitmal/produit/zoom/2B27BF4714216FFB4E9E5882412593BE.jpg,https://driveimg1.intermarche.com/pt/Content/images/boitmal/produit/zoom/2B27BF4714216FFB4E9E5882412593BE.jpg,https://driveimg1.intermarche.com/pt/Content/images/boitmal/produit/zoom/2B27BF4714216FFB4E9E5882412593BE.jpg,1000 Artigos,2024-10-04T23:59:59.999999999+01:00,PROSPECTUS,13,1,,
43011,5604260307210,300.0,PorSi,Comida húmida para cão de peru,Embalagem de 300 g,0.75,2.5,0,kg,€/Kg,https://driveimg1.intermarche.com/pt/Content/images/boitmal/produit/zoom/0A4DC002663775585CA403A7A4E290B2.jpg,https://driveimg1.intermarche.com/pt/Content/images/boitmal/produit/zoom/A5C82BE522F15BBA14EEE2D9C8DA8265.jpg,https://driveimg1.intermarche.com/pt/Content/images/boitmal/produit/zoom/A5C82BE522F15BBA14EEE2D9C8DA8265.jpg,https://driveimg1.intermarche.com/pt/Content/images/boitmal/produit/zoom/A5C82BE522F15BBA14EEE2D9C8DA8265.jpg,https://driveimg1.intermarche.com/pt/Content/images/boitmal/produit/zoom/A5C82BE522F15BBA14EEE2D9C8DA8265.jpg,https://driveimg1.intermarche.com/pt/Content/images/boitmal/produit/zoom/A5C82BE522F15BBA14EEE2D9C8DA8265.jpg,1000 Artigos,2024-10-04T23:59:59.999999999+01:00,PROSPECTUS,13,1,,
43012,5604260307197,300.0,PorSi,Comida húmida para cão de frango,Embalagem de 300 g,0.75,2.5,0,kg,€/Kg,https://driveimg1.intermarche.com/pt/Content/images/boitmal/produit/zoom/E18D56D7EBECE5FA4FFC211D3EDBE796.jpg,https://driveimg1.intermarche.com/pt/Content/images/boitmal/produit/zoom/3FD0F0D9955E6135023C13E6B1D173A7.jpg,https://driveimg1.intermarche.com/pt/Content/images/boitmal/produit/zoom/3FD0F0D9955E6135023C13E6B1D173A7.jpg,https://driveimg1.intermarche.com/pt/Content/images/boitmal/produit/zoom/3FD0F0D9955E6135023C13E6B1D173A7.jpg,https://driveimg1.intermarche.com/pt/Content/images/boitmal/produit/zoom/3FD0F0D9955E6135023C13E6B1D173A7.jpg,https://driveimg1.intermarche.com/pt/Content/images/boitmal/produit/zoom/3FD0F0D9955E6135023C13E6B1D173A7.jpg,1000 Artigos,2024-10-04T23:59:59.999999999+01:00,PROSPECTUS,13,1,,
477,3010470159051,2000.0,Friskies,"Ração para gato adulto com coelho, frango e legumes",Embalagem de 2kg,6.74,3.37,0,kg,€/Kg,https://driveimg1.intermarche.com/pt/Content/images/boitmal/produit/zoom/2B3FF876EA273999E91E87B3A45EA82A.jpg,,,,,,1000 Artigos,2024-10-04T23:59:59.999999999+01:00,PROSPECTUS,13,1,,
5143,5601096201309,750.0,Casal Garcia,Vinho verde branco,Garrafa de 0.75 l,3.29,4.39,750,L,€/L,https://driveimg1.intermarche.com/pt/Content/images/boitmal/produit/zoom/056BD080A2D98C87EBA807C039694917.jpg,,,,,,,2024-10-02T23:59:59.999999999+01:00,PROSPECTUS,13,1,,
5246,5601151540886,600.0,Compal,Néctar pera,pack 3 x 200 ml,1.27,2.12,600,L,€/L,https://driveimg1.intermarche.com/pt/Content/images/boitmal/produit/zoom/FE872862C33D3E4FE94573CE8DDC4957.jpg,,,,,,,2024-10-02T23:59:59.999999999+01:00,PROSPECTUS,13,1,,
52880,8719200267794,450.0,Becel,"Creme Vegetal de Barrar com Sabor a Manteiga, 450g",,2.99,6.64,0,kg,€/Kg,https://driveimg1.intermarche.com/pt/Content/images/boitmal/produit/zoom/287D301C66C180312FAA8A3BAE7EA710.jpg,,,,,,1000 Artigos,2024-10-02T23:59:59.999999999+01:00,PROSPECTUS,13,1,,
54320,8718951559721,100.0,Colgate,"Pasta De Dentes Maximum Caries Protection, 100ml",,1.95,19.5,100,L,€/L,https://driveimg1.intermarche.com/pt/Content/images/boitmal/produit/zoom/3307B8514AC5F0DDBC9E6D628C947BDB.jpg,https://driveimg1.intermarche.com/pt/Content/images/boitmal/produit/zoom/3694932EDFE660C6F958943C13CEE297.jpg,https://driveimg1.intermarche.com/pt/Content/images/boitmal/produit/zoom/3694932EDFE660C6F958943C13CEE297.jpg,,,,1000 Artigos,2024-10-04T23:59:59.999999999+01:00,PROSPECTUS,13,1,,
5845,5604260129027,500.0,PorSi,"Detergente manual de loiça, maçã",Embalagem de 500 ml,1.59,3.18,500,L,€/L,https://driveimg1.intermarche.com/pt/Content/images/boitmal/produit/zoom/FA3C8FC31B47D9DC966718AF0B1180EB.jpg,,,,,,1000 Artigos,2024-10-04T23:59:59.999999999+01:00,PROSPECTUS,13,1,,
7293,3141360050001,750.0,Calgon,"Anti-calcário para máquina de roupa, em gel",Garrafa de 750 ml,6.99,9.32,750,L,€/L,https://driveimg1.intermarche.com/pt/Content/images/boitmal/produit/zoom/CBAA20E2D0B47492F063F2C7CE6B7F2D.jpg,,,,,,1000 Artigos,2024-10-04T23:59:59.999999999+01:00,PROSPECTUS,13,1,,
8384,5601049133992,1000.0,Mimosa,Leite uht magro,Embalagem de 1 litro,0.89,0.89,1000,L,€/L,https://driveimg1.intermarche.com/pt/Content/images/boitmal/produit/zoom/F5320FAD88ED459A5E33FEB47EAEF410.jpg,https://driveimg1.intermarche.com/pt/Content/images/boitmal/produit/zoom/8C350978140C257D0AAD7365CD133F0C.jpg,https://driveimg1.intermarche.com/pt/Content/images/boitmal/produit/zoom/B9BED9F397071733FB4D36CBE39ECDBA.jpg,,,,1000 Artigos,2024-10-02T23:59:59.999999999+01:00,PROSPECTUS,13,1,,
861,5010394996587,500.0,Pedigree,Guloseima para cão markies,Embalagem de 500g,3.59,7.18,0,kg,€/Kg,https://driveimg1.intermarche.com/pt/Content/images/boitmal/produit/zoom/2E51376683F2E119D24E279A86CC3F4B.jpg,,,,,,,2024-10-02T23:59:59.999999999+01:00,PROSPECTUS,13,1,,
8933,5601377339080,750.0,Monsaraz,Vinho Tinto DOC Alentejo,"Garrafa de 0,75 l",2.89,3.85,750,L,€/L,https://driveimg1.intermarche.com/pt/Content/images/boitmal/produit/zoom/91D66AE5F752617A4B7436C49147FA1C.jpg,,,,,,1000 Artigos,2024-10-02T23:59:59.999999999+01:00,PROSPECTUS,13,1,,
9238,5603016000443,750.0,Adega de Pegões,Vinho rosé península de setúbal,Garrafa de 750 ml,1.59,2.12,750,L,€/L,https://driveimg1.intermarche.com/pt/Content/images/boitmal/produit/zoom/67EA33F6043EE7B3EC5A6D721A58D1E2.jpg,,,,,,,2024-10-02T23:59:59.999999999+01:00,PROSPECTUS,13,1,,
9292,5603722493812,250.0,Matinal,Manteiga Magra,Embalagem de 250g,2.29,9.16,0,kg,€/Kg,https://driveimg1.intermarche.com/pt/Content/images/boitmal/produit/zoom/B0EFE8F0BAC9D546B0137E2AAE6CB19F.jpg,,,,,,1000 Artigos,2024-10-02T23:59:59.999999999+01:00,PROSPECTUS,13,1,,
9293,5603722493942,250.0,Primor,Manteiga pasteurizada com sal cuvet,Embalagem de 250g,1.99,7.96,0,kg,€/Kg,https://driveimg1.intermarche.com/pt/Content/images/boitmal/produit/zoom/5B98CBCDF9DE77B1D84C2C6375C3439D.jpg,,,,,,1000 Artigos,2024-10-02T23:59:59.999999999+01:00,PROSPECTUS,13,1,,
9315,5603722509544,1000.0,Mimosa,Leite 0% lactose magro,Garrafa de 1 l,1.14,1.14,1000,L,€/L,https://driveimg1.intermarche.com/pt/Content/images/boitmal/produit/zoom/F5A14B3D114F4F7D42484C8D1602E358.jpg,https://driveimg1.intermarche.com/pt/Content/images/boitmal/produit/zoom/DC5219EC1E15E09529E323B7D196FADA.jpg,https://driveimg1.intermarche.com/pt/Content/images/boitmal/produit/zoom/DC48BFFA4281D8016E9FB40168ED4485.jpg,,,,1000 Artigos,2024-10-02T23:59:59.999999999+01:00,PROSPECTUS,13,1,,
10056,8410036800468,750.0,Freixenet,"Espumante cava bruto, reserva",Garrafa de 750 ml,7.99,10.65,750,L,€/L,https://driveimg1.intermarche.com/pt/Content/images/boitmal/produit/zoom/71005F461E53AA0E268F973931CDE2DB.jpg,,,,,,,2024-10-02T23:59:59.999999999+01:00,PROSPECTUS,13,1,,
11586,5601151540831,600.0,Compal,Néctar ananás,pack 3 x 200 ml,1.27,2.12,600,L,€/L,https://driveimg1.intermarche.com/pt/Content/images/boitmal/produit/zoom/6D47E6CD245414D7953A6AAE5F068DC0.jpg,,,,,,,2024-10-02T23:59:59.999999999+01:00,PROSPECTUS,13,1,,
11587,5601151540879,600.0,Compal,"Néctar de alperce, tetra",pack 3 x 200 ml,1.27,2.12,600,L,€/L,https://driveimg1.intermarche.com/pt/Content/images/boitmal/produit/zoom/54658B658495D156796BF49EA2330BA5.jpg,,,,,,,2024-10-02T23:59:59.999999999+01:00,PROSPECTUS,13,1,,
11588,5601151540909,600.0,Compal,Néctar pêssego,Pack 3 x 200 ml,1.27,2.12,600,L,€/L,https://driveimg1.intermarche.com/pt/Content/images/boitmal/produit/zoom/8E9F7F7C9C6F6F0F209D5A59713C2C1B.jpg,,,,,,,2024-10-02T23:59:59.999999999+01:00,PROSPECTUS,13,1,,
11650,5601192201104,200.0,Agros,Nata Uht,Garrafa de 200 ml,0.82,4.1,200,L,€/L,https://driveimg1.intermarche.com/pt/Content/images/boitmal/produit/zoom/4B340CBB8695D3B73B1AFCD0D35CD883.jpg,,,,,,,2024-10-02T23:59:59.999999999+01:00,PROSPECTUS,13,1,,
11925,5603089002221,200.0,Parmalat,Nata uht para culinária,Embalagem de 200 ml,0.89,4.45,200,L,€/L,https://driveimg1.intermarche.com/pt/Content/images/boitmal/produit/zoom/39B2978C231528EFFB97F8BADC2C7332.jpg,,,,,,,2024-10-02T23:59:59.999999999+01:00,PROSPECTUS,13,1,,
11974,5603722508752,200.0,Castelões,Queijo em fatias original,Embalagem de 200g,2.09,10.45,0,kg,€/Kg,https://driveimg1.intermarche.com/pt/Content/images/boitmal/produit/zoom/9FEB09D8F116F09205434B0A49717030.jpg,,,,,,,2024-10-02T23:59:59.999999999+01:00,PROSPECTUS,13,1,,
11982,5603802400020,750.0,Fiuza,Vinho branco tejo sauvignon,Garrafa de 750 ml,4.99,6.65,750,L,€/L,https://driveimg1.intermarche.com/pt/Content/images/boitmal/produit/zoom/797D96AF75B4BD4EF0B0B0A63B1AB06E.jpg,,,,,,,2024-10-02T23:59:59.999999999+01:00,PROSPECTUS,13,2,,
1279,5601151123362,1000.0,Bongo,Néctar de 8 frutos,Garrafa de 1 l,1.09,1.09,1000,L,€/L,https://driveimg1.intermarche.com/pt/Content/images/boitmal/produit/zoom/A385521CD93D23B64326FFF286275FD6.jpg,,,,,,,2024-10-02T23:59:59.999999999+01:00,PROSPECTUS,13,2,,
12892,2892508000000,400.0,Legumes,Beringela,1 un=400 gr (aprox.),0.8,1.99,0,,€/Kg,https://driveimg1.intermarche.com/pt/Content/images/boitmal/produit/zoom/FB5F3B306A4564F795D1797261204613.jpg,,,,,,,2024-10-02T23:59:59.999999999+01:00,PROSPECTUS,13,2,,
12943,2892087000000,1500.0,Fruta,Mamão,"1 un = 1,5 kg (aprox.)",5.54,3.69,0,,€/Kg,https://driveimg1.intermarche.com/pt/Content/images/boitmal/produit/zoom/7BEA239E9FBE1F40B72B7D640F731AC1.jpg,,,,,,,2024-10-02T23:59:59.999999999+01:00,PROSPECTUS,13,2,,
13095,2893071000000,100.0,Peixaria,Carapau Pequeno,1 un = 100 g (aprox.),0.3,2.99,0,,€/Kg,https://driveimg1.intermarche.com/pt/Content/images/boitmal/produit/zoom/A6FA4A5C89011F3F27A60AD959FD9913.jpg,,,,,,,2024-10-02T23:59:59.999999999+01:00,PROSPECTUS,13,2,,
13133,2893114000000,500.0,Peixaria,Faneca,"Vendido ao peso, 1 un = 500 g (aprox.)",2.0,3.99,0,,€/Kg,https://driveimg1.intermarche.com/pt/Content/images/boitmal/produit/zoom/B3B2873A2D7B6182C4A2F2B5F7F12F0A.jpg,,,,,,,2024-10-02T23:59:59.999999999+01:00,PROSPECTUS,13,2,,
13541,2893533000000,250.0,Congelado de Aquicultura,Camarão Congelado 60/80,1 un = 250 gr  (aprox.),1.75,6.99,0,,€/Kg,https://driveimg1.intermarche.com/pt/Content/images/boitmal/produit/zoom/29A2DFA509FFDAFCD18E7F308BD753B4.jpg,,,,,,Avantages !,2024-10-02T23:59:59.999999999+01:00,PROSPECTUS,13,2,,
13839,2891006000000,800.0,Novilho,Bife da Pá,Vendido ao peso a partir de 800 g,7.19,8.99,0,,€/Kg,https://driveimg1.intermarche.com/pt/Content/images/boitmal/produit/zoom/CFA6C3958119482911BB8DE0A0199C98.jpg,,,,,,,2024-10-02T23:59:59.999999999+01:00,PROSPECTUS,13,2,,
13861,2691127000000,,Aves,Codornizes,1 un. = 150 g (aprox.),1.09,1.09,0,,€/Unidade,https://driveimg1.intermarche.com/pt/Content/images/boitmal/produit/zoom/49A0BEA3AB28A38ED8B2B84EBCB7B813.jpg,,,,,,,2024-10-02T23:59:59.999999999+01:00,PROSPECTUS,13,2,,
13894,2891044000000,1000.0,Porco,Entremeada sem Entrecosto,Vendido ao peso a partir de 1 kg,4.88,4.88,0,,€/Kg,https://driveimg1.intermarche.com/pt/Content/images/boitmal/produit/zoom/C03EF63C56AFB4E4EA78E134436BF30C.jpg,,,,,,,2024-10-02T23:59:59.999999999+01:00,PROSPECTUS,13,2,,
1437,5601260046101,1000.0,Saludães,Arroz Carolino,Embalagem de 1 kg,1.39,1.39,0,kg,€/Kg,https://driveimg1.intermarche.com/pt/Content/images/boitmal/produit/zoom/1AF2CC85F100279586424D4415352EF6.jpg,,,,,,,2024-10-02T23:59:59.999999999+01:00,PROSPECTUS,13,2,,
14437,5411188110835,1000.0,Alpro,Bebida Vegetal Amêndoa,Embalagem de 1 litro,1.99,1.99,1000,L,€/L,https://driveimg1.intermarche.com/pt/Content/images/boitmal/produit/zoom/6B753F65EC27A078C0F05C1BE13557F2.jpg,,,,,,,2024-10-02T23:59:59.999999999+01:00,PROSPECTUS,13,2,,
14722,8410063045917,800.0,Pescanova,Camarão vannamei 24/40,Embalagem de 800g,9.99,12.49,0,kg,€/Kg,https://driveimg1.intermarche.com/pt/Content/images/boitmal/produit/zoom/815643BC9E764D97D66191EFE1146B1B.jpg,,,,,,1000 Artigos,2024-10-04T23:59:59.999999999+01:00,PROSPECTUS,13,2,,
15013,2892586000000,1000.0,Programa Origens,Couve Roxa,1 un = 1 kg (aprox.),0.89,0.89,0,,€/Kg,https://driveimg1.intermarche.com/pt/Content/images/boitmal/produit/zoom/C15FB4AA650D08814701170E90E9EDB6.jpg,,,,,,,2024-10-02T23:59:59.999999999+01:00,PROSPECTUS,13,2,,
15561,5601146703418,4950.0,Sagres,Cerveja c/ álcool,pack 15 x 0.33 l,11.95,2.41,4950,L,€/L,https://driveimg1.intermarche.com/pt/Content/images/boitmal/produit/zoom/20D6EA913780BD86D64E5DE3BCD42749.jpg,,,,,,1000 Artigos,2024-10-04T23:59:59.999999999+01:00,PROSPECTUS,13,2,,
15808,5000116110001,300.0,Iglo,Lasanha bolonhesa,Embalagem de 300g,2.99,9.97,0,kg,€/Kg,https://driveimg1.intermarche.com/pt/Content/images/boitmal/produit/zoom/306F2CBAEED8270D4F8C890515324AE7.jpg,,,,,,1000 Artigos,2024-10-04T23:59:59.999999999+01:00,PROSPECTUS,13,2,,
15886,5601027003859,210.0,Manhãzitos,Manhãzitos original,Embalagem 6x2 unidades,2.29,10.9,0,kg,€/Kg,https://driveimg1.intermarche.com/pt/Content/images/boitmal/produit/zoom/71329DB5D34C05CB20373BAE1032B91A.jpg,,,,,,,2024-10-02T23:59:59.999999999+01:00,PROSPECTUS,13,2,,
1604,5601560111196,350.0,Diatosta,Mini tostas de trigo,Embalagem de 350 g,2.14,6.11,0,kg,€/Kg,https://driveimg1.intermarche.com/pt/Content/images/boitmal/produit/zoom/E51BEDC3B21AC22814E793489153A886.jpg,,,,,,,2024-10-02T23:59:59.999999999+01:00,PROSPECTUS,13,2,,
16693,5601066400916,120.0,Nacional,Bolacha chocomax mini,Embalagem de 120 g,1.04,8.67,0,kg,€/Kg,https://driveimg1.intermarche.com/pt/Content/images/boitmal/produit/zoom/369CF09991D63A6D8505CD9C805BD57F.jpg,,,,,,,2024-10-02T23:59:59.999999999+01:00,PROSPECTUS,13,2,,
1709,5604055111060,6000.0,Fastio,"Água mineral sem gás, garrafão de 6L",,1.69,0.28,6000,L,€/L,https://driveimg1.intermarche.com/pt/Content/images/boitmal/produit/zoom/6DC4524795A66E05CC84F206F41E7F8C.jpg,,,,,,,2024-10-02T23:59:59.999999999+01:00,PROSPECTUS,13,2,,
17189,5603344531107,110.0,General,"Atum em posta, em azeite",Embalagem de 110g,1.49,13.55,0,kg,€/Kg,https://driveimg1.intermarche.com/pt/Content/images/boitmal/produit/zoom/23F9119BF17F96B8DBD56B1983340EF6.jpg,,,,,,,2024-10-02T23:59:59.999999999+01:00,PROSPECTUS,13,2,,
17893,5601082039817,220.0,Delta Q,Café xl qharacter cápsulas,40 Cápsulas,14.99,68.14,0,kg,€/Kg,https://driveimg1.intermarche.com/pt/Content/images/boitmal/produit/zoom/AE88A9B98D43407F51BB06087F668DC5.jpg,,,,,,1000 Artigos,2024-10-04T23:59:59.999999999+01:00,PROSPECTUS,13,2,,
17900,8001480023277,700.0,Neoblanc,"Lixívia Spray Mousse Flor, 700ml",,1.99,2.84,700,L,€/L,https://driveimg1.intermarche.com/pt/Content/images/boitmal/produit/zoom/FA98D871A88B2DCD779EA51368257E43.jpg,,,,,,,2024-10-02T23:59:59.999999999+01:00,PROSPECTUS,13,2,,
18567,5604321012008,20.0,Cemporcento,Cha infusão verde,Embalagem com 10 saquetas,0.64,32.0,0,kg,€/Kg,https://driveimg1.intermarche.com/pt/Content/images/boitmal/produit/zoom/123A502329D707A56CFAA88ED2492C5A.jpg,,,,,,,2024-10-02T23:59:59.999999999+01:00,PROSPECTUS,13,2,,
18618,5601027004870,210.0,Manhãzitos,Manhãzitos -50% açúcares,Embalagem 6x2 unidades,2.29,10.9,0,kg,€/Kg,https://driveimg1.intermarche.com/pt/Content/images/boitmal/produit/zoom/C536B78EEF5079E4091AFA5999C1DFFB.jpg,,,,,,,2024-10-02T23:59:59.999999999+01:00,PROSPECTUS,13,2,,
18619,5014328054756,32.0,Tetley,Chá de frutos vermelhos,Embalagem de 30g,1.84,57.5,0,kg,€/Kg,https://driveimg1.intermarche.com/pt/Content/images/boitmal/produit/zoom/C5BC5DEA999699289F39F909DAD82BA7.jpg,,,,,,,2024-10-02T23:59:59.999999999+01:00,PROSPECTUS,13,2,,
19009,8001900628051,750.0,Cavicchiol,Lambrusco branco,Garrafa de 750 ml,3.49,4.65,750,L,€/L,https://driveimg1.intermarche.com/pt/Content/images/boitmal/produit/zoom/8C39CCB09DDB664C487EBA826981DD79.jpg,,,,,,,2024-10-02T23:59:59.999999999+01:00,PROSPECTUS,13,2,,
20031,5602947000058,750.0,Quinta da Pacheca,Vinho branco doc douro,Garrafa de 750 ml,5.49,7.32,750,L,€/L,https://driveimg1.intermarche.com/pt/Content/images/boitmal/produit/zoom/BF4562BC60F0B3B22AC72FF5E3B14F02.jpg,,,,,,,2024-10-02T23:59:59.999999999+01:00,PROSPECTUS,13,2,,
20032,5602947000010,750.0,Quinta da Pacheca,Vinho tinto doc douro,Garrafa de 750 ml,5.49,7.32,750,L,€/L,https://driveimg1.intermarche.com/pt/Content/images/boitmal/produit/zoom/595081D749AF5B554E631E38F5E97F6B.jpg,,,,,,,2024-10-02T23:59:59.999999999+01:00,PROSPECTUS,13,2,,
20203,5604098001038,750.0,Tapada do Barão,Vinho branco regional alentejano,Garrafa de 0.75 l,2.99,3.99,750,L,€/L,https://driveimg1.intermarche.com/pt/Content/images/boitmal/produit/zoom/3CDC4E39AC7D1EB7003758BB27EAF83A.jpg,,,,,,,2024-10-02T23:59:59.999999999+01:00,PROSPECTUS,13,2,,
20870,5600390418055,750.0,Castelo dos Mouros,Vinho regional alentejano branco,Garrafa de 750 ml,2.59,3.45,750,L,€/L,https://driveimg1.intermarche.com/pt/Content/images/boitmal/produit/zoom/E07B9EF91A831E1DEF613EDFD3BC8E82.jpg,,,,,,,2024-10-02T23:59:59.999999999+01:00,PROSPECTUS,13,2,,
20912,5601096227309,750.0,Aveleda,Vinho verde branco loureiro/alvarinho,Garrafa de 0.75 l,3.89,5.19,750,L,€/L,https://driveimg1.intermarche.com/pt/Content/images/boitmal/produit/zoom/707ED1BFA4B2D0E5997500FE1B1FF531.jpg,,,,,,,2024-10-02T23:59:59.999999999+01:00,PROSPECTUS,13,2,,
20967,5601027002593,175.0,Manhãzitos,5 manhãzitos choco chips,Embalagem de 175 g,2.24,12.8,0,kg,€/Kg,https://driveimg1.intermarche.com/pt/Content/images/boitmal/produit/zoom/0AAF2F344E6BB2E2CE72DDB89E9BE7D6.jpg,,,,,,,2024-10-02T23:59:59.999999999+01:00,PROSPECTUS,13,2,,
21417,8410136003486,400.0,Pedigree,"Alimento húmido para cão, galinha e cordeiro",Embalagem de 400g,2.45,6.13,0,kg,€/Kg,https://driveimg1.intermarche.com/pt/Content/images/boitmal/produit/zoom/3591685DF3CE8F70C5DF9853F3C50774.jpg,,,,,,1000 Artigos,2024-10-04T23:59:59.999999999+01:00,PROSPECTUS,13,2,,
22395,8712100745614,412.0,Hellmann's,Mionese top down,Embalagem de 410g,3.14,7.62,0,kg,€/Kg,https://driveimg1.intermarche.com/pt/Content/images/boitmal/produit/zoom/C642A36EEC291CE47645FCCBF50ED41C.jpg,https://driveimg1.intermarche.com/pt/Content/images/boitmal/produit/zoom/8441A970BF19CB238C08CCCD9712CAB2.jpg,https://driveimg1.intermarche.com/pt/Content/images/boitmal/produit/zoom/8441A970BF19CB238C08CCCD9712CAB2.jpg,,,,,2024-10-02T23:59:59.999999999+01:00,PROSPECTUS,13,2,,
2292,5604260270323,500.0,PorSi,Paloco desfiado,Embalagem de 500 g,3.89,7.78,0,kg,€/Kg,https://driveimg1.intermarche.com/pt/Content/images/boitmal/produit/zoom/7B2EC034E43AFCAD1946C70C06A0AD5F.jpg,,,,,,1000 Artigos,2024-10-04T23:59:59.999999999+01:00,PROSPECTUS,13,2,,
22953,8411660670236,750.0,Sanytol,Desinfetante Multiusos,Embalagem de 750 ml,2.49,3.32,750,L,€/L,https://driveimg1.intermarche.com/pt/Content/images/boitmal/produit/zoom/4F59BDA8C1BC8BFF3ED00CA4247713EC.jpg,,,,,,,2024-10-02T23:59:59.999999999+01:00,PROSPECTUS,13,2,,
23469,8410500020453,280.0,Danonino Danone,"Danonino para levar, polpa de morango,  4 x 70 g",,2.14,7.64,0,kg,€/Kg,https://driveimg1.intermarche.com/pt/Content/images/boitmal/produit/zoom/BCB8B07B4A9632B9CA3C8436CD26979D.jpg,,,,,,1000 Artigos,2024-10-02T23:59:59.999999999+01:00,PROSPECTUS,13,2,,
2405,5608543000096,15.0,Tetley,Chá preto,Embalagem de 20g,0.74,49.33,0,kg,€/Kg,https://driveimg1.intermarche.com/pt/Content/images/boitmal/produit/zoom/B40D664132094CEE9391DB8865EC11A2.jpg,,,,,,,2024-10-02T23:59:59.999999999+01:00,PROSPECTUS,13,2,,
24368,5601050033021,620.0,Danone,"Iogurte líquido corpos danone,  4 x 155 g",,1.89,3.05,0,kg,€/Kg,https://driveimg1.intermarche.com/pt/Content/images/boitmal/produit/zoom/5B929BA979DAF1031F335D50613B8384.jpg,,,,,,,2024-10-02T23:59:59.999999999+01:00,PROSPECTUS,13,2,,
24410,8710908859502,750.0,Cif,Spray power&shine multiusos c/ lixívia,Garrafa de 750 ml,2.69,3.59,750,L,€/L,https://driveimg1.intermarche.com/pt/Content/images/boitmal/produit/zoom/BC1FC8E39B43E72D32F4657C6D001534.jpg,,,,,,1000 Artigos,2024-10-04T23:59:59.999999999+01:00,PROSPECTUS,13,2,,
24411,8410436297752,1300.0,Sonasol,"Lava tudo rosas e jasmim, 1,3l",,2.09,1.61,1300,L,€/L,https://driveimg1.intermarche.com/pt/Content/images/boitmal/produit/zoom/46E3798C4C5509E4EFB8DA2E52D80035.jpg,,,,,,1000 Artigos,2024-10-04T23:59:59.999999999+01:00,PROSPECTUS,13,2,,
24414,8410436297691,1300.0,Sonasol,"Lava tudo camomila e flor de laranjeira, 1,3l",,2.09,1.61,1300,L,€/L,https://driveimg1.intermarche.com/pt/Content/images/boitmal/produit/zoom/3B18B6CCDC35A0C75589B9509520BFD6.jpg,,,,,,1000 Artigos,2024-10-04T23:59:59.999999999+01:00,PROSPECTUS,13,2,,
24415,8410436299961,1300.0,Sonasol,"Lava tudo lavanda, 1,3l",,2.09,1.61,1300,L,€/L,https://driveimg1.intermarche.com/pt/Content/images/boitmal/produit/zoom/4C901B46EE167F7ABAA5D085E91578A1.jpg,,,,,,1000 Artigos,2024-10-04T23:59:59.999999999+01:00,PROSPECTUS,13,2,,
2445,5998749109113,270.0,Pedigree,Snack dentastix grande,Embalagem de 270 g,3.45,12.78,0,kg,€/Kg,https://driveimg1.intermarche.com/pt/Content/images/boitmal/produit/zoom/35241472DE7F17B0C520CB43E029E0A7.jpg,,,,,,,2024-10-02T23:59:59.999999999+01:00,PROSPECTUS,13,2,,
2458,7613031423583,625.0,Nestlé,Cereais nesquik,Embalagem de 625g,3.24,5.18,0,kg,€/Kg,https://driveimg1.intermarche.com/pt/Content/images/boitmal/produit/zoom/3F494F3C149F2147A07872C278BEDBC9.jpg,,,,,,1000 Artigos,2024-10-04T23:59:59.999999999+01:00,PROSPECTUS,13,2,,
25153,5000146400042,750.0,Harpic,Líquido wc duraguard pinho da montanha,Garrafa de 750 ml,1.99,2.65,750,L,€/L,https://driveimg1.intermarche.com/pt/Content/images/boitmal/produit/zoom/4436EFCC1EEADD9FE9996407752961F9.jpg,,,,,,,2024-10-02T23:59:59.999999999+01:00,PROSPECTUS,13,2,,
25187,8001090371980,,Evax,Pensos higiénicos liberty noite abas,Embalagem com 9 un.,2.79,2.79,0,,€/Unidade,https://driveimg1.intermarche.com/pt/Content/images/boitmal/produit/zoom/A6B2826A52D2ACC1159A56736009880F.jpg,,,,,,1000 Artigos,2024-10-04T23:59:59.999999999+01:00,PROSPECTUS,13,2,,
25753,5602445001250,750.0,Encosta das Perdizes,Vinho Branco Regional Alentejano,"Garrafa de 0,75 l",2.69,3.59,750,L,€/L,https://driveimg1.intermarche.com/pt/Content/images/boitmal/produit/zoom/83332249E615CCF8F99CA015A8A324A5.jpg,,,,,,1000 Artigos,2024-10-02T23:59:59.999999999+01:00,PROSPECTUS,13,2,,
25861,5603722509759,800.0,Mimosa,Leite C/ Chocolate,Embalagem de 4 x 200 ml,1.49,1.86,800,L,€/L,https://driveimg1.intermarche.com/pt/Content/images/boitmal/produit/zoom/754E59DFB7314FD42DB15B9A65008D5F.jpg,,,,,,1000 Artigos,2024-10-02T23:59:59.999999999+01:00,PROSPECTUS,13,2,,
26061,5601082041735,220.0,Delta,Café moagem universal angola,Embalagem de 220g,2.79,12.68,0,kg,€/Kg,https://driveimg1.intermarche.com/pt/Content/images/boitmal/produit/zoom/1C642C260D3CFB58C5169AA62CAB8A78.jpg,,,,,,,2024-10-02T23:59:59.999999999+01:00,PROSPECTUS,13,2,,
26341,5601012011920,750.0,Papa Figos,Vinho doc douro branco,Garrafa de 750 ml,5.89,7.85,750,L,€/L,https://driveimg1.intermarche.com/pt/Content/images/boitmal/produit/zoom/15253D5F0786CA5B0855DC3637BE99F1.jpg,,,,,,,2024-10-02T23:59:59.999999999+01:00,PROSPECTUS,13,2,,
26772,5449000106186,3500.0,Coca-Cola,Refrigerante c/ gás,pack 2 x 1.75 l,3.68,1.05,3500,L,€/L,https://driveimg1.intermarche.com/pt/Content/images/boitmal/produit/zoom/1D4EC82F15980642AA3BE6E246545A05.jpg,,,,,,,2024-10-02T23:59:59.999999999+01:00,PROSPECTUS,13,2,,
2749,8410063046532,350.0,Pescanova,Miolo de camarão 80/100,Embalagem de 350g,6.99,19.97,0,kg,€/Kg,https://driveimg1.intermarche.com/pt/Content/images/boitmal/produit/zoom/B1D2AEF816246B4D1E4F3A2363606A04.jpg,,,,,,1000 Artigos,2024-10-02T23:59:59.999999999+01:00,PROSPECTUS,13,2,,
2778,8410168399939,4000.0,Friskies,Ração para gato adulto com coelho,Embalagem de 4 kg,10.79,2.7,0,kg,€/Kg,https://driveimg1.intermarche.com/pt/Content/images/boitmal/produit/zoom/D77E234EEC231A513DCFB3E4E6B53BA0.jpg,,,,,,,2024-10-02T23:59:59.999999999+01:00,PROSPECTUS,13,2,,
27893,3600542117937,400.0,Fructis,Champô Hidra Bomb Aloe Vera,Embalagem de 400 ml,3.89,9.73,400,L,€/L,https://driveimg1.intermarche.com/pt/Content/images/boitmal/produit/zoom/0B39F24315B17E1C33DCF22900D87031.jpg,,,,,,,2024-10-02T23:59:59.999999999+01:00,PROSPECTUS,13,2,,
2805,8410376010701,400.0,Gullón,Maria diet nature,Embalagem de 400 g,2.04,5.1,0,kg,€/Kg,https://driveimg1.intermarche.com/pt/Content/images/boitmal/produit/zoom/C9688DE4A0BED7DDDF5557B81AD847F9.jpg,,,,,,,2024-10-02T23:59:59.999999999+01:00,PROSPECTUS,13,2,,
28507,8006540618752,,Dodot,Fralda Cueca Extra T6 | +14 kg,Embalagem c/ 48 un.,13.49,13.49,0,,€/Unidade,https://driveimg1.intermarche.com/pt/Content/images/boitmal/produit/zoom/0E81716B09BE4333C336DFF322751365.jpg,,,,,,1000 Artigos,2024-10-04T23:59:59.999999999+01:00,PROSPECTUS,13,2,,
29231,5010867203969,750.0,Altano,Vinho tinto doc douro,Garrafa de 0.75 l,3.99,5.32,750,L,€/L,https://driveimg1.intermarche.com/pt/Content/images/boitmal/produit/zoom/F5BDC16A3EDC0683378C0974A9413A1F.jpg,,,,,,,2024-10-02T23:59:59.999999999+01:00,PROSPECTUS,13,2,,
29280,5601897500014,,Matinados,Ovos de Galinha ao Ar Livre Classe M/L,6 unidades,1.49,1.49,0,,€/Unidade,https://driveimg1.intermarche.com/pt/Content/images/boitmal/produit/zoom/3048326652357C5FCFB75D3FB01965D7.jpg,,,,,,1000 Artigos,2024-10-02T23:59:59.999999999+01:00,PROSPECTUS,13,2,,
31429,5604321025336,13.0,Cemporcento,Cem porcento-chá infusão sem barriga,Embalagem de 13g,0.59,45.38,0,kg,€/Kg,https://driveimg1.intermarche.com/pt/Content/images/boitmal/produit/zoom/CDC98FB0179D0BAAD964B2A6D9D22C5F.jpg,,,,,,,2024-10-02T23:59:59.999999999+01:00,PROSPECTUS,13,2,,
32063,8712423038844,33.0,Knorr,"Knorr 1, 2, 3...Sabor! - Strogonoff",Embalagem de 33 g,0.99,30.0,0,kg,€/Kg,https://driveimg1.intermarche.com/pt/Content/images/boitmal/produit/zoom/81A54C5C6D0384E5FAF5D0CEB8A53972.jpg,,,,,,,2024-10-02T23:59:59.999999999+01:00,PROSPECTUS,13,2,,
32408,5601050034967,600.0,Danone,"Danacol aveia,  6 x 100 g",,2.99,4.98,0,kg,€/Kg,https://driveimg1.intermarche.com/pt/Content/images/boitmal/produit/zoom/D8B4CB4708653F3D4BB9B148DB6D8336.jpg,,,,,,1000 Artigos,2024-10-02T23:59:59.999999999+01:00,PROSPECTUS,13,2,,
32560,8006540808610,440.0,Fairy,Detergente Manual Loiça Maxi Poder Limão,440 ml,2.99,6.8,440,L,€/L,https://driveimg1.intermarche.com/pt/Content/images/boitmal/produit/zoom/76939BBBBC7A9CB088990F95841C1714.jpg,,,,,,,2024-10-02T23:59:59.999999999+01:00,PROSPECTUS,13,2,,
34469,5604260282937,750.0,Selecção de Enófilos,Vinho rosé regional península de Setúbal,Garrafa de 0.75 l,1.69,2.25,750,L,€/L,https://driveimg1.intermarche.com/pt/Content/images/boitmal/produit/zoom/47CFB05F3D3C532C54D3189B0B4B0BDA.jpg,,,,,,,2024-10-02T23:59:59.999999999+01:00,PROSPECTUS,13,2,,
35884,7613036886536,400.0,Yogolino,Yogolino morango banana 0% açúcares adicionados 4x100g,Embalagem de 400g,2.54,6.35,0,kg,€/Kg,https://driveimg1.intermarche.com/pt/Content/images/boitmal/produit/zoom/1DDE1756D894B8B13D4A52BB8BF1F1BE.jpg,,,,,,1000 Artigos,2024-10-02T23:59:59.999999999+01:00,PROSPECTUS,13,2,,
36657,5601217132673,500.0,Cillitbang,"Spray lixívia e higiene, de 500 ml",,2.49,4.98,500,L,€/L,https://driveimg1.intermarche.com/pt/Content/images/boitmal/produit/zoom/B883369E3F8FD2106485DC8F041B61F8.jpg,,,,,,1000 Artigos,2024-10-04T23:59:59.999999999+01:00,PROSPECTUS,13,2,,
36923,5604260298174,400.0,PorSi,Sopa de Legumes,Embalagem de 400 g,1.29,3.23,0,kg,€/Kg,https://driveimg1.intermarche.com/pt/Content/images/boitmal/produit/zoom/F5F2A26DD3250B7D55C7AB3ABF567DE5.jpg,,,,,,1000 Artigos,2024-10-02T23:59:59.999999999+01:00,PROSPECTUS,13,2,,
37046,5601217132666,500.0,Cillitbang,"Spray calcário e sujidade, garrafa de 500 ml",,2.49,4.98,500,L,€/L,https://driveimg1.intermarche.com/pt/Content/images/boitmal/produit/zoom/986A2CBBC3226B9670AD657A52B7E90F.jpg,,,,,,1000 Artigos,2024-10-04T23:59:59.999999999+01:00,PROSPECTUS,13,2,,
37990,8410063036175,1000.0,Pescanova,Caprichos do mar sem glúten,Embalagem de 1 kg,6.39,6.39,0,kg,€/Kg,https://driveimg1.intermarche.com/pt/Content/images/boitmal/produit/zoom/C821049F2FB4EBE63582B0B82BB259C5.jpg,,,,,,1000 Artigos,2024-10-04T23:59:59.999999999+01:00,PROSPECTUS,13,2,,
38049,8001841361079,340.0,Fairy,Detergente liquido para loiça limão,Embalagem de 340 ml,1.59,4.68,340,L,€/L,https://driveimg1.intermarche.com/pt/Content/images/boitmal/produit/zoom/BED1AA3039C8B605B08FD8155BD78E2E.jpg,,,,,,,2024-10-02T23:59:59.999999999+01:00,PROSPECTUS,13,2,,
3819,3250390727002,700.0,On/Off,Tequila,Garrafa de 70 cl,13.65,19.5,700,L,€/L,https://driveimg1.intermarche.com/pt/Content/images/boitmal/produit/zoom/997FF584E2D23FD608B64329027568B1.jpg,,,,,,,2024-10-02T23:59:59.999999999+01:00,PROSPECTUS,13,2,,
38557,5601027004764,315.0,Manhãzitos,Manhãzitos® planetus 9x2 un.,Embalagem de 315g,2.89,9.17,0,kg,€/Kg,https://driveimg1.intermarche.com/pt/Content/images/boitmal/produit/zoom/9668562796F86C61BB4FA95BDBF9C111.jpg,,,,,,,2024-10-02T23:59:59.999999999+01:00,PROSPECTUS,13,2,,
39524,5604321029310,13.0,Cemporcento,Chá infusão açaí,Embalagem de 13g,0.74,56.92,0,kg,€/Kg,https://driveimg1.intermarche.com/pt/Content/images/boitmal/produit/zoom/893E6470D75895B949B5384EAED6143F.jpg,,,,,,,2024-10-02T23:59:59.999999999+01:00,PROSPECTUS,13,2,,
39778,5604321034222,13.0,Cemporcento,Chá infusão tomilho bio,Embalagem de 13g,0.64,49.23,0,kg,€/Kg,https://driveimg1.intermarche.com/pt/Content/images/boitmal/produit/zoom/1701C92B331CBF24C0BF004CE5445002.jpg,,,,,,Produtos Bio,2024-10-02T23:59:59.999999999+01:00,PROSPECTUS,13,2,,
39871,5604321029303,13.0,Cemporcento,Chá infusão gengibre,Embalagem de 13g,0.64,49.23,0,kg,€/Kg,https://driveimg1.intermarche.com/pt/Content/images/boitmal/produit/zoom/3FB205D44E5CA4B5440FD30D85317A96.jpg,,,,,,,2024-10-02T23:59:59.999999999+01:00,PROSPECTUS,13,2,,
40825,7613038901954,7.0,Nescafé,Café Dolce Gusto Marrakech,Embalagem com 16 cápsulas,5.49,784.29,0,kg,€/Kg,https://driveimg1.intermarche.com/pt/Content/images/boitmal/produit/zoom/9084DC6531DE00DFA958339359EFC3B3.jpg,,,,,,,2024-10-02T23:59:59.999999999+01:00,PROSPECTUS,13,2,,
41080,8718951338333,1250.0,Ajax,"Detergente líquido lava tudo festa das flores montanha, embalagem de 1.25L",,2.24,1.79,1250,L,€/L,https://driveimg1.intermarche.com/pt/Content/images/boitmal/produit/zoom/9994C597530D04195747B334AB219D70.jpg,,,,,,1000 Artigos,2024-10-04T23:59:59.999999999+01:00,PROSPECTUS,13,2,,
41226,5601050036572,440.0,Danone,"Oikos morango, 4 x 110g",,1.99,4.52,0,kg,€/Kg,https://driveimg1.intermarche.com/pt/Content/images/boitmal/produit/zoom/8E4736FC7A27F857CF545D0499041B59.jpg,,,,,,1000 Artigos,2024-10-04T23:59:59.999999999+01:00,PROSPECTUS,13,2,,
41265,5411188122074,750.0,Alpro,Bebida Soja Chocolate Light,Embalagem de 3x250ml,2.49,3.32,750,L,€/L,https://driveimg1.intermarche.com/pt/Content/images/boitmal/produit/zoom/24A030ACCC569B6A2D4040A5E6B6BA79.jpg,,,,,,,2024-10-02T23:59:59.999999999+01:00,PROSPECTUS,13,2,,
41299,5601050036565,440.0,Danone,"Iogurte oikos maracujá,  4 x 110g",,1.99,4.52,0,kg,€/Kg,https://driveimg1.intermarche.com/pt/Content/images/boitmal/produit/zoom/FCB02F5884DDCB459FDF089F080D1348.jpg,,,,,,1000 Artigos,2024-10-04T23:59:59.999999999+01:00,PROSPECTUS,13,2,,
41581,5601050036619,440.0,Danone,"Iogurte grego maçã e canela,  4 x 110 g",,1.99,4.52,0,kg,€/Kg,https://driveimg1.intermarche.com/pt/Content/images/boitmal/produit/zoom/476B8D143F5CFE4C62609050F3DFBF48.jpg,,,,,,1000 Artigos,2024-10-04T23:59:59.999999999+01:00,PROSPECTUS,13,2,,
41718,5604260303823,90.0,PorSi,Saqueta de puré de fruta | maçã + manga + pêssego,90 g,0.74,8.22,0,kg,€/Kg,https://driveimg1.intermarche.com/pt/Content/images/boitmal/produit/zoom/002C0AF35BCBB9E50AC34B89735CDC2C.jpg,,,,,,1000 Artigos,2024-10-04T23:59:59.999999999+01:00,PROSPECTUS,13,2,,
42237,5604260304295,250.0,PorSi,Café lote normal moagem fina,Embalagem de 250 g,2.19,8.76,0,kg,€/Kg,https://driveimg1.intermarche.com/pt/Content/images/boitmal/produit/zoom/1DAE9902278B6B98C61D46E3F4DA4A03.jpg,https://driveimg1.intermarche.com/pt/Content/images/boitmal/produit/zoom/3020ABB88CFD30C23CBE2A199CA691C4.jpg,https://driveimg1.intermarche.com/pt/Content/images/boitmal/produit/zoom/3020ABB88CFD30C23CBE2A199CA691C4.jpg,https://driveimg1.intermarche.com/pt/Content/images/boitmal/produit/zoom/3020ABB88CFD30C23CBE2A199CA691C4.jpg,https://driveimg1.intermarche.com/pt/Content/images/boitmal/produit/zoom/3020ABB88CFD30C23CBE2A199CA691C4.jpg,,1000 Artigos,2024-10-04T23:59:59.999999999+01:00,PROSPECTUS,13,2,,
43215,5603722519802,300.0,Castelões,"Queijo curado fatias sem lactose, 2x150g",,3.49,11.63,0,kg,€/Kg,https://driveimg1.intermarche.com/pt/Content/images/boitmal/produit/zoom/A38E906AD622F9771DCC5D3D281D8943.jpg,,,,,,,2024-10-02T23:59:59.999999999+01:00,PROSPECTUS,13,2,,
43329,5604260310098,400.0,PorSi,Sopa de Agrião,Embalagem de 400g,1.29,3.23,0,kg,€/Kg,https://driveimg1.intermarche.com/pt/Content/images/boitmal/produit/zoom/5D96800BE5B7AC97A5540AD75888CBA0.jpg,https://driveimg1.intermarche.com/pt/Content/images/boitmal/produit/zoom/F91FE746E7285B80A613574BB16A67A2.jpg,https://driveimg1.intermarche.com/pt/Content/images/boitmal/produit/zoom/F91FE746E7285B80A613574BB16A67A2.jpg,https://driveimg1.intermarche.com/pt/Content/images/boitmal/produit/zoom/F91FE746E7285B80A613574BB16A67A2.jpg,https://driveimg1.intermarche.com/pt/Content/images/boitmal/produit/zoom/F91FE746E7285B80A613574BB16A67A2.jpg,https://driveimg1.intermarche.com/pt/Content/images/boitmal/produit/zoom/F91FE746E7285B80A613574BB16A67A2.jpg,,2024-10-02T23:59:59.999999999+01:00,PROSPECTUS,13,2,https://driveimg1.intermarche.com/pt/Content/images/boitmal/produit/zoom/F91FE746E7285B80A613574BB16A67A2.jpg,
43752,5411188124726,1000.0,Alpro,Bebida Vegetal Aveia-Amêndoa,Embalagem de 1 litro,1.99,1.99,1000,L,€/L,https://driveimg1.intermarche.com/pt/Content/images/boitmal/produit/zoom/41ED3A9A9EA0C04FB4F3A16FF6575B9C.jpg,,,,,,,2024-10-02T23:59:59.999999999+01:00,PROSPECTUS,13,2,,
43768,7613287121783,187.0,Smarties,"Smarties mini chocolate, 187g",,3.38,18.07,0,kg,€/Kg,https://driveimg1.intermarche.com/pt/Content/images/boitmal/produit/zoom/7A552A060795A355D30AAAB4BC193B70.jpg,https://driveimg1.intermarche.com/pt/Content/images/boitmal/produit/zoom/E8FEE980732B87942B93ED2D1ABFFA78.jpg,https://driveimg1.intermarche.com/pt/Content/images/boitmal/produit/zoom/E8FEE980732B87942B93ED2D1ABFFA78.jpg,,,,,2024-10-02T23:59:59.999999999+01:00,PROSPECTUS,13,2,,
43780,5900020036988,300.0,Nestlé,Cereais de Aveia Cheerios,Embalagem de 300g,2.99,9.97,0,kg,€/Kg,https://driveimg1.intermarche.com/pt/Content/images/boitmal/produit/zoom/C01C42152BE7C461AE7CBFEB3DD79DA4.jpg,,,,,,,2024-10-02T23:59:59.999999999+01:00,PROSPECTUS,13,2,,
44797,5601151971444,1000.0,Pepsi,Pepsi max lima,Garrafa de 1 l,0.99,0.99,1000,L,€/L,https://driveimg1.intermarche.com/pt/Content/images/boitmal/produit/zoom/657B12F1DF1E65D0997328121D02B203.jpg,,,,,,1000 Artigos,2024-10-04T23:59:59.999999999+01:00,PROSPECTUS,13,2,,
45212,5604260313440,,PorSi,Toalhitas Bebé Basic,Embalagem de 72 unidades,0.9,0.9,0,,€/Unidade,https://driveimg1.intermarche.com/pt/Content/images/boitmal/produit/zoom/856ACD070E028237EAE2C96F31396D77.jpg,,,,,,1000 Artigos,2024-10-04T23:59:59.999999999+01:00,PROSPECTUS,13,2,,
45380,5601050036954,620.0,Danone,"Iogurte Magro Corpos Danone Líquido Frutos Tropicais,  4 x 155 g",,1.89,3.05,0,kg,€/Kg,https://driveimg1.intermarche.com/pt/Content/images/boitmal/produit/zoom/231284A4A018EB1BDB97D1E53DC7ECFE.jpg,,,,,,,2024-10-02T23:59:59.999999999+01:00,PROSPECTUS,13,2,,
45856,8718951427358,500.0,Palmolive,"Gel de banho memories of nature, summer dreams",Embalagem de 500 ml,2.99,5.98,500,L,€/L,https://driveimg1.intermarche.com/pt/Content/images/boitmal/produit/zoom/8D6029F902784C79AAB06326C1871CE6.jpg,,,,,,,2024-10-02T23:59:59.999999999+01:00,PROSPECTUS,13,2,,
47470,8001841811925,75.0,Oral B,Dentífrico Pro-Expert Branqueamento,Embalagem de 75 ml,2.99,39.87,75,L,€/L,https://driveimg1.intermarche.com/pt/Content/images/boitmal/produit/zoom/11253ED47BC980DDB95B516B9CA9E0EE.jpg,,,,,,1000 Artigos,2024-10-04T23:59:59.999999999+01:00,PROSPECTUS,13,2,,
49221,5604260322602,90.0,PorSi,Saqueta puré de fruta,Embalagem de 90g,0.74,8.22,0,kg,€/Kg,https://driveimg1.intermarche.com/pt/Content/images/boitmal/produit/zoom/9893E2C7164F12F4E4974DE54879A4ED.jpg,,,,,,1000 Artigos,2024-10-04T23:59:59.999999999+01:00,PROSPECTUS,13,2,,
49225,5604260322657,90.0,PorSi,Saqueta puré de fruta,Embalagem de 90g,0.74,8.22,0,kg,€/Kg,https://driveimg1.intermarche.com/pt/Content/images/boitmal/produit/zoom/9AD870D1CAD79AE0716C1075F5C158F0.jpg,,,,,,1000 Artigos,2024-10-04T23:59:59.999999999+01:00,PROSPECTUS,13,2,,
49344,7622201638337,150.0,Triunfo,Bolachas Cobertas PiM's Laranja,Embalagem de 150g,1.69,11.27,0,kg,€/Kg,https://driveimg1.intermarche.com/pt/Content/images/boitmal/produit/zoom/2CADC4FA1B811C2F73323E31068EEFE9.jpg,,,,,,,2024-10-02T23:59:59.999999999+01:00,PROSPECTUS,13,2,,
49345,7622201639419,150.0,Triunfo,Bolachas Cobertas PiM's Framboesa,Embalagem de 150g,1.69,11.27,0,kg,€/Kg,https://driveimg1.intermarche.com/pt/Content/images/boitmal/produit/zoom/BCF859662FA47283BB32D3D428ED7C49.jpg,,,,,,,2024-10-02T23:59:59.999999999+01:00,PROSPECTUS,13,2,,
49359,5601146700066,6000.0,Sagres,Cerveja Mini,pack 24 x 0.25 l,11.49,1.92,6000,L,€/L,https://driveimg1.intermarche.com/pt/Content/images/boitmal/produit/zoom/6C2425FE0470CC14A198CD6F86FC4300.jpg,https://driveimg1.intermarche.com/pt/Content/images/boitmal/produit/zoom/B2E3D57423A20C8E7B4C1173F1457C2E.jpg,,,,,1000 Artigos,2024-10-04T23:59:59.999999999+01:00,PROSPECTUS,13,2,,
49411,5601151969571,600.0,Compal,Sumo 100% Laranja Espremida,Pack 3 x 200 ml,1.43,2.38,600,L,€/L,https://driveimg1.intermarche.com/pt/Content/images/boitmal/produit/zoom/BE6107A246758DDB948F9247FE27347E.jpg,,,,,,,2024-10-02T23:59:59.999999999+01:00,PROSPECTUS,13,2,,
49414,5601151969564,600.0,Compal,Sumo 100% Maçã,pack 3 x 200 ml,1.43,2.38,600,L,€/L,https://driveimg1.intermarche.com/pt/Content/images/boitmal/produit/zoom/CD31AD4E2832462B8D930F1F9879C4D7.jpg,,,,,,,2024-10-02T23:59:59.999999999+01:00,PROSPECTUS,13,3,,
49458,5603722505829,800.0,Mimosa,Leite c/ Chocolate Bem Especial 0% lactose,pack 4 x 200 ml,1.99,2.49,800,L,€/L,https://driveimg1.intermarche.com/pt/Content/images/boitmal/produit/zoom/273382DABD831386C0BB65AE2C8E8009.jpg,,,,,,,2024-10-02T23:59:59.999999999+01:00,PROSPECTUS,13,3,,
49475,5601146570027,3750.0,Sagres,Cerveja Mini,pack 15 x 25 cl,7.49,2.0,3750,L,€/L,https://driveimg1.intermarche.com/pt/Content/images/boitmal/produit/zoom/2A9CDD69C05CD0571DDBA8FAB1D27E24.jpg,,,,,,1000 Artigos,2024-10-04T23:59:59.999999999+01:00,PROSPECTUS,13,3,,
50377,8445290351357,,Nescafé,Dolce gusto sical espresso cafés,Embalagem de 16 unidades,4.99,4.99,0,,€/Unidade,https://driveimg1.intermarche.com/pt/Content/images/boitmal/produit/zoom/59ABD0BE756D706CBAA91B3DBDD3A34A.jpg,,,,,,,2024-10-02T23:59:59.999999999+01:00,PROSPECTUS,13,3,,
50378,7613031300655,375.0,Nestlé,"Cereais Nestlé Multicheerios, 375g",,3.74,9.97,0,kg,€/Kg,https://driveimg1.intermarche.com/pt/Content/images/boitmal/produit/zoom/87E2BA7ABED7C61C576BDF94326B21C9.jpg,,,,,,,2024-10-02T23:59:59.999999999+01:00,PROSPECTUS,13,3,,
50389,8445290351401,,Nescafé,Cápsulas Café Sical Extra Creme Int. 7,Embalagem de 30 unidades,8.99,8.99,30,,€/Unidade,https://driveimg1.intermarche.com/pt/Content/images/boitmal/produit/zoom/D965C0B28E0B826E88C1C747AF626B8F.jpg,,,,,,1000 Artigos,2024-10-04T23:59:59.999999999+01:00,PROSPECTUS,13,3,,
50392,5411188136552,1000.0,Alpro,Alpro not milk light,Garrafa de 1 l,1.99,1.99,1000,L,€/L,https://driveimg1.intermarche.com/pt/Content/images/boitmal/produit/zoom/E78C97386006D71EB10E1A7A7AC43ECB.jpg,,,,,,,2024-10-02T23:59:59.999999999+01:00,PROSPECTUS,13,3,,
50455,5603722521836,1208.0,Mimosa,"Iogurte Líquido Aroma Frutos Vermelhos, 8 x 151 ml",,2.79,2.31,1208,L,€/L,https://driveimg1.intermarche.com/pt/Content/images/boitmal/produit/zoom/59E0D473387DDCEB8299C04191FBB07E.jpg,,,,,,,2024-10-02T23:59:59.999999999+01:00,PROSPECTUS,13,3,,
51056,8006540614259,650.0,Fairy,Detergente líquido manual loiça ultra power,Embalagem de 650 ml,3.59,5.52,650,L,€/L,https://driveimg1.intermarche.com/pt/Content/images/boitmal/produit/zoom/CACB9D5403EEB234E1D0E6E86BEBB0A7.jpg,,,,,,,2024-10-02T23:59:59.999999999+01:00,PROSPECTUS,13,3,,
51113,8720181262784,500.0,Cif,"Limpa Casa Banho Spray Higiene c/ Lixívia, 500 ml",,1.99,3.98,500,L,€/L,https://driveimg1.intermarche.com/pt/Content/images/boitmal/produit/zoom/269947C1E7ED82654B4A41635C3A67E7.jpg,,,,,,1000 Artigos,2024-10-04T23:59:59.999999999+01:00,PROSPECTUS,13,3,,
51177,8410436440455,,Persil,Detergente máquina roupa sabão azul e branco,76 doses,9.99,9.99,0,,€/Unidade,https://driveimg1.intermarche.com/pt/Content/images/boitmal/produit/zoom/405B529427643132DC974A0DC45DDCCF.jpg,,,,,,1000 Artigos,2024-10-04T23:59:59.999999999+01:00,PROSPECTUS,13,3,,
51181,5601217137265,,Quanto,"Perfumador de Roupa Azul, 36 doses",,2.99,2.99,0,,€/Unidade,https://driveimg1.intermarche.com/pt/Content/images/boitmal/produit/zoom/D220904A5CC7339C1FC4FDBF74A24C1B.jpg,,,,,,1000 Artigos,2024-10-04T23:59:59.999999999+01:00,PROSPECTUS,13,3,,
5119,5601066200073,1000.0,Nacional,Farinha p/ bolos extra fina,Embalagem de 1 kg,1.04,1.04,0,kg,€/Kg,https://driveimg1.intermarche.com/pt/Content/images/boitmal/produit/zoom/0B9B49E51908C76AC70076ED3709B8D2.jpg,,,,,,,2024-10-02T23:59:59.999999999+01:00,PROSPECTUS,13,3,,
5145,5601096328303,750.0,Casal Garcia,Vinho verde rosé,Garrafa de 0.75 l,3.29,4.39,750,L,€/L,https://driveimg1.intermarche.com/pt/Content/images/boitmal/produit/zoom/20A894B5576B761A4D61341AC01C602C.jpg,,,,,,,2024-10-02T23:59:59.999999999+01:00,PROSPECTUS,13,3,,
5158,5601109211127,750.0,Porca de Murça,Vinho tinto douro,Garrafa de 750 ml,3.69,4.92,750,L,€/L,https://driveimg1.intermarche.com/pt/Content/images/boitmal/produit/zoom/30B67AC8E69DE198F7491E5F5BEA03A8.jpg,,,,,,,2024-10-02T23:59:59.999999999+01:00,PROSPECTUS,13,3,,
52221,8720181370427,,Surf,Detergente Máquina de Roupa Coco,45 cápsulas,8.99,8.99,0,,€/Unidade,https://driveimg1.intermarche.com/pt/Content/images/boitmal/produit/zoom/B89060F66F34B8E1C79FE5068E94C801.jpg,,,,,,1000 Artigos,2024-10-04T23:59:59.999999999+01:00,PROSPECTUS,13,3,,
52296,3023290072097,160.0,Lindahls,"Iogurte Sólido Proteico Stracciatella,  160 g",,0.98,6.13,0,kg,€/Kg,https://driveimg1.intermarche.com/pt/Content/images/boitmal/produit/zoom/1D58D41F174566840E8A77CBA42EC7F1.jpg,,,,,,,2024-10-02T23:59:59.999999999+01:00,PROSPECTUS,13,3,,
52337,8720181392955,,Comfort,Amaciador Roupa Concentrado Creations Flor de Lótus e Lima,76 Doses,3.99,3.99,0,,€/Unidade,https://driveimg1.intermarche.com/pt/Content/images/boitmal/produit/zoom/18DD584DA1A39A596C301D171EB7721A.jpg,,,,,,1000 Artigos,2024-10-04T23:59:59.999999999+01:00,PROSPECTUS,13,3,,
52338,8720181392931,,Comfort,Amaciador Roupa Concentrado Creations Jasmim e Mirtilo,76 Doses,3.99,3.99,0,,€/Unidade,https://driveimg1.intermarche.com/pt/Content/images/boitmal/produit/zoom/DED7323146382FF9F9D6D0F2196F9D63.jpg,,,,,,1000 Artigos,2024-10-04T23:59:59.999999999+01:00,PROSPECTUS,13,3,,
52357,5604260329946,820.0,PorSi,"Pão de Forma para Torradas, 820g",,1.59,1.94,0,kg,€/Kg,https://driveimg1.intermarche.com/pt/Content/images/boitmal/produit/zoom/F766A2DCE875CF25DC4CA1EAA7B861E9.jpg,,,,,,1000 Artigos,2024-10-04T23:59:59.999999999+01:00,PROSPECTUS,13,3,,
52897,8720181392917,1332.0,Comfort,"Amaciador Concentrado Essência Pure, 74 Doses",,3.49,2.62,1332,L,€/L,https://driveimg1.intermarche.com/pt/Content/images/boitmal/produit/zoom/6C81AB307354BD851AD24288672BBAB9.jpg,,,,,,1000 Artigos,2024-10-04T23:59:59.999999999+01:00,PROSPECTUS,13,3,,
52938,5601217137746,,Finish,"Detergente Loiça Máquina Power Regular, 60 unidades",,11.99,11.99,60,,€/Unidade,https://driveimg1.intermarche.com/pt/Content/images/boitmal/produit/zoom/E450243CCF850E82EF5ADC69AB281BA1.jpg,,,,,,1000 Artigos,2024-10-04T23:59:59.999999999+01:00,PROSPECTUS,13,3,,
52944,8720181392900,1332.0,Comfort,"Amaciador Concentrado Essência Azul, 74 Doses",,3.49,2.62,1332,L,€/L,https://driveimg1.intermarche.com/pt/Content/images/boitmal/produit/zoom/E11C27145AD703889B20EE3212D34D08.jpg,,,,,,1000 Artigos,2024-10-04T23:59:59.999999999+01:00,PROSPECTUS,13,3,,
53800,8410436435574,2250.0,Xtra,Detergente Máquina Roupa Líquido Gel Total Color,Embalagem de 50 Doses,7.99,3.55,2250,L,€/L,https://driveimg1.intermarche.com/pt/Content/images/boitmal/produit/zoom/4E596594043A409630F2B3B70BA9B24B.jpg,,,,,,1000 Artigos,2024-10-04T23:59:59.999999999+01:00,PROSPECTUS,13,3,,
54346,8435495843733,,Gama,"Detergente Roupa Máquina Líquido Cuidado Diário, 80D",,5.99,5.99,0,,€/Unidade,https://driveimg1.intermarche.com/pt/Content/images/boitmal/produit/zoom/89F3701956C1BC588CE89678ABB30513.jpg,,,,,,1000 Artigos,2024-10-04T23:59:59.999999999+01:00,PROSPECTUS,13,3,,
54361,8410104915186,,Finish,"Detergente Loiça Máquina Quantum Limão, 28 Pastilhas",,5.99,5.99,0,,€/Unidade,https://driveimg1.intermarche.com/pt/Content/images/boitmal/produit/zoom/1475A3F2DD398EC394FA4FC5F2649CB1.jpg,,,,,,1000 Artigos,2024-10-04T23:59:59.999999999+01:00,PROSPECTUS,13,3,,
5818,5604260063765,1000.0,PorSi,Macedonia de legumes,Embalagem de 1 kg,1.89,1.89,0,kg,€/Kg,https://driveimg1.intermarche.com/pt/Content/images/boitmal/produit/zoom/FB7C912619E696B4A0C61F64E6787D35.jpg,,,,,,1000 Artigos,2024-10-04T23:59:59.999999999+01:00,PROSPECTUS,13,3,,
6059,5608527000524,750.0,Dom Campos,Vinho branco reg. p.set. 0.75l,Garrafa 0.75L,1.99,2.65,750,L,€/L,https://driveimg1.intermarche.com/pt/Content/images/boitmal/produit/zoom/269BFA4392BD54B081D87E8DA7644186.jpg,,,,,,,2024-10-02T23:59:59.999999999+01:00,PROSPECTUS,13,3,,
6689,8435257022567,720.0,Longa vida,"Iogurte magro morango,  6 x 120 g",,2.29,3.18,0,kg,€/Kg,https://driveimg1.intermarche.com/pt/Content/images/boitmal/produit/zoom/116F7996F4B8C9E36A9C4D0EB83317F7.jpg,,,,,,1000 Artigos,2024-10-04T23:59:59.999999999+01:00,PROSPECTUS,13,3,,
7231,3059941005008,750.0,Harpic,Gel wc tripla ação c/ lixívia,Garrafa de 750 ml,1.99,2.65,750,L,€/L,https://driveimg1.intermarche.com/pt/Content/images/boitmal/produit/zoom/4F4DC0D04FEFE2E1C1396B2DF4E1E13C.jpg,,,,,,,2024-10-02T23:59:59.999999999+01:00,PROSPECTUS,13,3,,
7244,3073781050196,140.0,A Vaca Que Ri,Queijo em palitos,Embalagem de 140g,1.99,14.21,0,kg,€/Kg,https://driveimg1.intermarche.com/pt/Content/images/boitmal/produit/zoom/D85AB49CD10B93D1670A1C9148A74D22.jpg,,,,,,,2024-10-02T23:59:59.999999999+01:00,PROSPECTUS,13,3,,
8228,5600224301409,750.0,Duorum,Vinho tinto doc douro,Garrafa de 750 ml,3.79,5.05,750,L,€/L,https://driveimg1.intermarche.com/pt/Content/images/boitmal/produit/zoom/E44C74C4389AB08DA4FEFF480F94485E.jpg,,,,,,,2024-10-02T23:59:59.999999999+01:00,PROSPECTUS,13,3,,
8260,5600394180019,750.0,Herdade dos Grous,Vinho tinto regional alentejano,Garrafa de 750 ml,10.99,14.65,750,L,€/L,https://driveimg1.intermarche.com/pt/Content/images/boitmal/produit/zoom/C4511BA724098D17DB9EDFA78CFE28A2.jpg,,,,,,,2024-10-02T23:59:59.999999999+01:00,PROSPECTUS,13,3,,
8280,5601010111219,130.0,Ramirez,Sardinhas em óleo,Embalagem de 130g,1.04,8.0,0,kg,€/Kg,https://driveimg1.intermarche.com/pt/Content/images/boitmal/produit/zoom/708A96E75FA2DD9866B55D784B3683E8.jpg,,,,,,,2024-10-02T23:59:59.999999999+01:00,PROSPECTUS,13,3,,
8282,5601010111240,130.0,Ramirez,"Sardinhas em tomate, 130g",,1.04,8.0,0,kg,€/Kg,https://driveimg1.intermarche.com/pt/Content/images/boitmal/produit/zoom/E87EA420F2FF9FBD18B61ADFB58F50EC.jpg,,,,,,,2024-10-02T23:59:59.999999999+01:00,PROSPECTUS,13,3,,
8500,5601109211110,750.0,Porca de Murça,Vinho branco douro,Garrafa de 750 ml,3.69,4.92,750,L,€/L,https://driveimg1.intermarche.com/pt/Content/images/boitmal/produit/zoom/357A202AB590CC4A88C02B2D14AFB3ED.jpg,,,,,,,2024-10-02T23:59:59.999999999+01:00,PROSPECTUS,13,3,,
8794,5601237233220,750.0,JP,Vinho regional península de setúbal branco,Garrafa de 0.75 l,2.24,2.99,750,L,€/L,https://driveimg1.intermarche.com/pt/Content/images/boitmal/produit/zoom/056F6DB9A532825718031B0227D04223.jpg,,,,,,,2024-10-02T23:59:59.999999999+01:00,PROSPECTUS,13,3,,
8800,5601244201922,200.0,Terra Nostra,"Queijo em fatias, -50% gordura",Embalagem de 200g,2.29,11.45,0,kg,€/Kg,https://driveimg1.intermarche.com/pt/Content/images/boitmal/produit/zoom/85D15B5E2887AAA1EC03C6E7ECAD1482.jpg,,,,,,,2024-10-02T23:59:59.999999999+01:00,PROSPECTUS,13,3,,
8802,5601244202363,400.0,Terra Nostra,Queijo em fatias,Embalagem de 400g,3.99,9.98,0,kg,€/Kg,https://driveimg1.intermarche.com/pt/Content/images/boitmal/produit/zoom/B65A579FDF6F0A415C810CA406B71B6F.jpg,,,,,,1000 Artigos,2024-10-02T23:59:59.999999999+01:00,PROSPECTUS,13,3,,
9161,5602154002920,750.0,Adega de Borba,Vinho tinto alentejo,Garrafa de 0.75 l,8.99,11.99,750,L,€/L,https://driveimg1.intermarche.com/pt/Content/images/boitmal/produit/zoom/9D4E622CDEFB67E1BEC54DD1E1636255.jpg,,,,,,,2024-10-02T23:59:59.999999999+01:00,PROSPECTUS,13,3,,
9198,5602523161012,750.0,Mundus,Vinho regional lisboa tinto,"Garrafa de 0,75L",1.99,2.65,750,L,€/L,https://driveimg1.intermarche.com/pt/Content/images/boitmal/produit/zoom/B6C30FDDAF5CB6156793BD03082D5927.jpg,,,,,,,2024-10-02T23:59:59.999999999+01:00,PROSPECTUS,13,3,,
9250,5603089002214,200.0,Parmalat,Nata uht para bater,Embalagem de 200 ml,0.89,4.45,200,L,€/L,https://driveimg1.intermarche.com/pt/Content/images/boitmal/produit/zoom/564E6DE7CBEC64036F1973402627DACC.jpg,,,,,,,2024-10-02T23:59:59.999999999+01:00,PROSPECTUS,13,3,,
939,5601001315107,200.0,Nestlé,Mistura solúvel tofina despertar,Embalagem de 200g,2.84,14.2,0,kg,€/Kg,https://driveimg1.intermarche.com/pt/Content/images/boitmal/produit/zoom/5CE6D55625AEDC805A15D1C134965D0D.jpg,,,,,,1000 Artigos,2024-10-04T23:59:59.999999999+01:00,PROSPECTUS,13,3,,
9560,5604260246663,750.0,Selecção de Enófilos,Vinho DOC Tejo Reserva Tinto,Garrafa de 0.75 l,3.29,4.39,750,L,€/L,https://driveimg1.intermarche.com/pt/Content/images/boitmal/produit/zoom/71C061874915D997F9C4B520FE5A7166.jpg,,,,,,,2024-10-02T23:59:59.999999999+01:00,PROSPECTUS,13,3,,
974,5601024105051,3000.0,Fula,Óleo alimentar,Embalagem 3L,5.49,1.83,3000,L,€/L,https://driveimg1.intermarche.com/pt/Content/images/boitmal/produit/zoom/E8988831656F5EAF04A94786E82867B7.jpg,,,,,,1000 Artigos,2024-10-02T23:59:59.999999999+01:00,PROSPECTUS,13,3,,
11464,5601018003400,1000.0,Matinal,Leite Seleccionado Meio Gordo,Embalagem de 1L,0.98,0.98,1000,L,€/L,https://driveimg1.intermarche.com/pt/Content/images/boitmal/produit/zoom/2D40D4EB6EAF6BEF7329493925CCD97C.jpg,,,,,,,2024-10-02T23:59:59.999999999+01:00,PROSPECTUS,13,3,,
11961,5603722505607,1000.0,Mimosa,Leite s/ lactose meio gordo,Garrafa de 1 l,1.14,1.14,1000,L,€/L,https://driveimg1.intermarche.com/pt/Content/images/boitmal/produit/zoom/B50AD06E1D69691E134268704FD849E5.jpg,https://driveimg1.intermarche.com/pt/Content/images/boitmal/produit/zoom/4E57BFE09E8D859BDBE1705476BB9F1B.jpg,https://driveimg1.intermarche.com/pt/Content/images/boitmal/produit/zoom/E1F70144AAFCC0EAEBFF05614177D009.jpg,,,,1000 Artigos,2024-10-02T23:59:59.999999999+01:00,PROSPECTUS,13,3,,
42154,5604260304707,340.0,PorSi,Fiambre da perna extra,Pack Poupança de 2 x 170 g,3.31,9.74,0,kg,€/Kg,https://driveimg1.intermarche.com/pt/Content/images/boitmal/produit/zoom/522CF7C8AF248AB65F1CD031BC66A250.jpg,,,,,,1000 Artigos,2024-10-04T23:59:59.999999999+01:00,PROSPECTUS,13,3,,
5788,5604260033447,200.0,PorSi,Chouriço corrente,Embalagem de 200 g,1.35,6.75,0,kg,€/Kg,https://driveimg1.intermarche.com/pt/Content/images/boitmal/produit/zoom/6D1F24C972CEA3CB10523A1E14CFE37E.jpg,,,,,,1000 Artigos,2024-10-04T23:59:59.999999999+01:00,PROSPECTUS,13,3,,
49463,8445290250322,600.0,Nestum,Flocos Cereais Mel,Embalagem de 600g,3.79,6.32,0,kg,€/Kg,https://driveimg1.intermarche.com/pt/Content/images/boitmal/produit/zoom/9F028579C623CFF4FC3FA9CCEB955938.jpg,,,,,,1000 Artigos,2024-10-04T23:59:59.999999999+01:00,PROSPECTUS,13,3,,
980,5601024134488,750.0,Oliveira da Serra,Azeite virgem extra clássico,Embalagem de 750 ml,8.19,10.92,750,L,€/L,https://driveimg1.intermarche.com/pt/Content/images/boitmal/produit/zoom/01EF39EFE8396CC9ACA95DC25E9D3412.jpg,,,,,,1000 Artigos,2024-10-04T23:59:59.999999999+01:00,PROSPECTUS,13,3,,
13884,2891106000000,2000.0,PorSi Select,Frango do Campo Inteiro c/ Miúdos Programa Origens,Vendido ao peso,6.9,3.45,0,,€/Kg,https://driveimg1.intermarche.com/pt/Content/images/boitmal/produit/zoom/6B6825838652E244237081C091CB1D51.jpg,,,,,,,2024-10-02T23:59:59.999999999+01:00,PROSPECTUS,13,3,,
14858,2696002000000,250.0,PorSi,Baguete,250 g,0.44,1.76,0,kg,€/Kg,https://driveimg1.intermarche.com/pt/Content/images/boitmal/produit/zoom/8311AC325D7D7C5FB5753C9B337353B0.jpg,,,,,,,2024-10-02T23:59:59.999999999+01:00,PROSPECTUS,13,3,,
11524,5601051420028,250.0,Primor,Manteiga sem sal,Embalagem de 250g,1.97,7.88,0,kg,€/Kg,https://driveimg1.intermarche.com/pt/Content/images/boitmal/produit/zoom/B2FFA6A89B700950590104B0F7BA500E.jpg,,,,,,,2024-10-02T23:59:59.999999999+01:00,PROSPECTUS,13,3,,
18301,5604260278503,1280.0,PorSi,"Iogurte líquido morango,  8x160 ml",,2.59,2.02,1280,L,€/L,https://driveimg1.intermarche.com/pt/Content/images/boitmal/produit/zoom/82F4DF29967771E32A0D2A5BD395A808.jpg,,,,,,1000 Artigos,2024-10-04T23:59:59.999999999+01:00,PROSPECTUS,13,3,,
20918,5000116110964,840.0,Capitão Iglo,30 douradinhos,Embalagem de 840g,13.59,16.18,0,kg,€/Kg,https://driveimg1.intermarche.com/pt/Content/images/boitmal/produit/zoom/AEDD14052902A045272594F0C20ABD33.jpg,,,,,,Tipo de stockagem,2024-10-02T23:59:59.999999999+01:00,PROSPECTUS,13,3,,
29738,8410436324533,1300.0,Sonasol,"Lava Tudo Flores Montanha, 1.3 l",,2.09,1.61,1300,L,€/L,https://driveimg1.intermarche.com/pt/Content/images/boitmal/produit/zoom/619CC29EDCFB8BA35BEA4FA4EA1CE5DD.jpg,,,,,,1000 Artigos,2024-10-04T23:59:59.999999999+01:00,PROSPECTUS,13,3,,
2059,5604260303861,500.0,PorSi,Polpa de cebola e alho,Embalagem de 500 g,1.49,2.98,0,kg,€/Kg,https://driveimg1.intermarche.com/pt/Content/images/boitmal/produit/zoom/41444F01158BD1D91B444EE63E3C35F0.jpg,,,,,,1000 Artigos,2024-10-04T23:59:59.999999999+01:00,PROSPECTUS,13,3,,
51403,5604260325689,1000.0,PorSi,"Vinagre de limpeza, 1 litrp",,0.95,0.95,1000,L,€/L,https://driveimg1.intermarche.com/pt/Content/images/boitmal/produit/zoom/D97716AE40F4384225AEA397971D7BFD.jpg,,,,,,1000 Artigos,2024-10-04T23:59:59.999999999+01:00,PROSPECTUS,13,3,,
1189,5601119007987,250.0,Nobre,Salsichas de porco,Lata de 250g,1.67,6.68,0,kg,€/Kg,https://driveimg1.intermarche.com/pt/Content/images/boitmal/produit/zoom/098AB25EB23B66D623E253A97FD15BDF.jpg,,,,,,1000 Artigos,2024-10-02T23:59:59.999999999+01:00,PROSPECTUS,13,3,,
5096,5601050026429,300.0,Danonino Danone,"Queijinho danonino petitdino de morango/banana,  6 x 50 g",,1.49,4.97,0,kg,€/Kg,https://driveimg1.intermarche.com/pt/Content/images/boitmal/produit/zoom/FA8D1A9125B498992C62B9745CC5DD3D.jpg,,,,,,1000 Artigos,2024-10-02T23:59:59.999999999+01:00,PROSPECTUS,13,3,,
12519,8712100417054,416.0,Hellmann's,"Maionese, frasco",Embalagem de 420g,3.14,7.55,0,kg,€/Kg,https://driveimg1.intermarche.com/pt/Content/images/boitmal/produit/zoom/252D905CA391CC38A3FB504ED230564C.jpg,https://driveimg1.intermarche.com/pt/Content/images/boitmal/produit/zoom/6731B805B2B4B445CCCFD0D614219E37.jpg,https://driveimg1.intermarche.com/pt/Content/images/boitmal/produit/zoom/6731B805B2B4B445CCCFD0D614219E37.jpg,,,,1000 Artigos,2024-10-02T23:59:59.999999999+01:00,PROSPECTUS,13,3,,
20221,8410500020071,480.0,Danone,"Iogurte activia aveia nozes,  4 x 120 g",,1.99,4.15,0,kg,€/Kg,https://driveimg1.intermarche.com/pt/Content/images/boitmal/produit/zoom/E3646F8812C5353023D3951FE268028D.jpg,,,,,,1000 Artigos,2024-10-02T23:59:59.999999999+01:00,PROSPECTUS,13,3,,
9184,5602348062754,70.0,Damatta,Presunto sabor português fatiado,Embalagem de 70 g,2.29,32.71,0,kg,€/Kg,https://driveimg1.intermarche.com/pt/Content/images/boitmal/produit/zoom/0A14ED361A0023E1AFBFC3FC3C5833B1.jpg,,,,,,,2024-10-02T23:59:59.999999999+01:00,PROSPECTUS,13,3,,
49763,5601050037579,460.0,Danone,"Iogurte Activia Fibras Aveia & Frutos Secos, 4 x 120g",,1.99,4.33,0,kg,€/Kg,https://driveimg1.intermarche.com/pt/Content/images/boitmal/produit/zoom/D3105D0A7021B60785802EF13F61AE8F.jpg,,,,,,1000 Artigos,2024-10-02T23:59:59.999999999+01:00,PROSPECTUS,13,3,,
40741,5604260302918,3000.0,PorSi,"Óleo de girassol, garrafa de 3 litros",,4.5,1.5,3000,L,€/L,https://driveimg1.intermarche.com/pt/Content/images/boitmal/produit/zoom/F8F2282166953BFE9B7A3B071CD9B3CE.jpg,,,,,,1000 Artigos,2024-10-04T23:59:59.999999999+01:00,PROSPECTUS,13,3,,
48551,7613287300393,209.0,Nescafé,Cápsulas Café Buondi Int. 8,Embalagem de 209g,8.99,43.01,0,kg,€/Kg,https://driveimg1.intermarche.com/pt/Content/images/boitmal/produit/zoom/3C2972EF213A813C45BFB5F845259020.jpg,,,,,,1000 Artigos,2024-10-04T23:59:59.999999999+01:00,PROSPECTUS,13,3,,
16022,5601146703609,5000.0,Sagres,Cerveja Mini,20 x 0.25 l,9.99,2.0,5000,L,€/L,https://driveimg1.intermarche.com/pt/Content/images/boitmal/produit/zoom/FF51CCF9441973386AEED91491E4E439.jpg,,,,,,1000 Artigos,2024-10-04T23:59:59.999999999+01:00,PROSPECTUS,13,3,,
17174,2891285000000,1000.0,Novilho,Costeletão,Vendido ao peso a partir de 1 kg,6.99,6.99,0,,€/Kg,https://driveimg1.intermarche.com/pt/Content/images/boitmal/produit/zoom/3119B572BBCB66D5B0D8D4234718B722.jpg,,,,,,,2024-10-02T23:59:59.999999999+01:00,PROSPECTUS,13,3,,
13175,2893160000000,300.0,Marisco,Mexilhão Médio Fresco,Vendido ao peso,0.6,1.99,0,,€/Kg,https://driveimg1.intermarche.com/pt/Content/images/boitmal/produit/zoom/F14ACE9787BE0CEBB197A6DF9EBBAB4B.jpg,,,,,,,2024-10-02T23:59:59.999999999+01:00,PROSPECTUS,13,3,,
15879,5601164902282,3000.0,Super Bock,Cerveja Mini,Pack 15 x 0.20 L,6.99,2.33,3000,L,€/L,https://driveimg1.intermarche.com/pt/Content/images/boitmal/produit/zoom/B6A4FA8F12716114DD47B614825CAA6B.jpg,,,,,,1000 Artigos,2024-10-04T23:59:59.999999999+01:00,PROSPECTUS,13,3,,
2466,7613032142599,500.0,Cerelac,Farinha láctea cerelac,Embalagem de 500g,4.79,9.58,0,kg,€/Kg,https://driveimg1.intermarche.com/pt/Content/images/boitmal/produit/zoom/FAE48F9FC8C51C77AD6C82F23613A30C.jpg,,,,,,,2024-10-02T23:59:59.999999999+01:00,PROSPECTUS,13,3,,
5272,5601164902312,4800.0,Super Bock,Cerveja Mini,pack 24 x 0.20 l ,9.99,2.08,4800,L,€/L,https://driveimg1.intermarche.com/pt/Content/images/boitmal/produit/zoom/2912E3195E8AA342B174CBFEDFDDDFEF.jpg,https://driveimg1.intermarche.com/pt/Content/images/boitmal/produit/zoom/C2C2858ADC421F33AF17C6115D108100.jpg,,,,,1000 Artigos,2024-10-02T23:59:59.999999999+01:00,PROSPECTUS,13,3,,
5844,5604260129010,500.0,PorSi,"Detergente manual de loiça, ultra limão",Embalagem de 500 ml,1.29,2.58,500,L,€/L,https://driveimg1.intermarche.com/pt/Content/images/boitmal/produit/zoom/F5812DB73A356DF41E76F00AC1B3D632.jpg,,,,,,1000 Artigos,2024-10-04T23:59:59.999999999+01:00,PROSPECTUS,13,3,,
9294,5603722494215,1000.0,Mimosa,Leite Especial Crescimento 1-3 Anos,Garrafa de 1 l,1.49,1.49,1000,L,€/L,https://driveimg1.intermarche.com/pt/Content/images/boitmal/produit/zoom/E8EAAB44B3166FE020B43F64B725D8EB.jpg,https://driveimg1.intermarche.com/pt/Content/images/boitmal/produit/zoom/B8D0BEE13E0FA7481A224732CB88CE29.jpg,https://driveimg1.intermarche.com/pt/Content/images/boitmal/produit/zoom/CF47B7EE63F34663DCC396F54F91507B.jpg,,,,1000 Artigos,2024-10-02T23:59:59.999999999+01:00,PROSPECTUS,13,3,,
10826,2895082000000,250.0,Ilha Azul,Queijo Curado,Vendido ao peso a partir de 250 gr,2.0,7.99,0,,€/Kg,https://driveimg1.intermarche.com/pt/Content/images/boitmal/produit/zoom/3B62E6B6007870C37C76A52222AF902D.jpg,,,,,,,2024-10-02T23:59:59.999999999+01:00,PROSPECTUS,13,3,,
35542,7613036867405,210.0,Nescafé,Café em cápsulas dolce gusto ristreto intenso,Embalagem de 210g,9.99,47.57,0,kg,€/Kg,https://driveimg1.intermarche.com/pt/Content/images/boitmal/produit/zoom/267E125B7795F042AD3E2E89E4989A32.jpg,,,,,,1000 Artigos,2024-10-04T23:59:59.999999999+01:00,PROSPECTUS,13,3,,
848,5000189974579,200.0,Kit Kat,Chocolate mini,Embalagem de 200g,3.38,16.9,0,kg,€/Kg,https://driveimg1.intermarche.com/pt/Content/images/boitmal/produit/zoom/33F684DC544CDCED4E93A337A33052D5.jpg,,,,,,,2024-10-02T23:59:59.999999999+01:00,PROSPECTUS,13,3,,
50405,8445290489173,900.0,Cerelac,Papa Infantil + 6 meses,Embalagem de 900g,6.29,6.99,0,kg,€/Kg,https://driveimg1.intermarche.com/pt/Content/images/boitmal/produit/zoom/AC49BEE482A5844CB7C28462BEA4C70C.jpg,,,,,,1000 Artigos,2024-10-04T23:59:59.999999999+01:00,PROSPECTUS,13,3,,
51537,8410436441827,,Vernel,Amaciador Concentrado Maldivas,70 doses,3.49,3.49,0,,€/Unidade,https://driveimg1.intermarche.com/pt/Content/images/boitmal/produit/zoom/1E5954FABCBB04BE4B29CED1B30BFE51.jpg,,,,,,1000 Artigos,2024-10-04T23:59:59.999999999+01:00,PROSPECTUS,13,3,,
5095,5601050026405,300.0,Danone,"Queijinho dadoninho petitdino de morango,  6 x 50 g",,1.49,4.97,0,kg,€/Kg,https://driveimg1.intermarche.com/pt/Content/images/boitmal/produit/zoom/A996A3A25DAAE4625EF7D6D51278644F.jpg,,,,,,1000 Artigos,2024-10-02T23:59:59.999999999+01:00,PROSPECTUS,13,3,,
13000,2892533000000,1000.0,Legumes,Couve branca,1 un= 1 kg aprox,0.89,0.89,0,,€/Kg,https://driveimg1.intermarche.com/pt/Content/images/boitmal/produit/zoom/4A118CCD7A01ABE88026942CC385EB6B.jpg,,,,,,,2024-10-02T23:59:59.999999999+01:00,PROSPECTUS,13,3,,
14408,5601012004427,750.0,Trinca Bolotas,Vinho doc alentejo tinto,Garrafa de 0.75 l,4.99,6.65,750,L,€/L,https://driveimg1.intermarche.com/pt/Content/images/boitmal/produit/zoom/CE8D5D13DE743123565142F1E6733CF4.jpg,,,,,,,2024-10-02T23:59:59.999999999+01:00,PROSPECTUS,13,3,,
17892,5601082039800,220.0,Delta Q,Café xl qalidus cápsulas,Embalagem de 220g,14.99,68.14,0,kg,€/Kg,https://driveimg1.intermarche.com/pt/Content/images/boitmal/produit/zoom/366FA5D4E032D6F1950F570ABB5EB801.jpg,,,,,,1000 Artigos,2024-10-04T23:59:59.999999999+01:00,PROSPECTUS,13,3,,
36465,5601028023443,,Renova,Lenços de bolso kids,Embalagem sortida com 8 unidades + 2 grátis,1.09,1.09,0,,€/Unidade,https://driveimg1.intermarche.com/pt/Content/images/boitmal/produit/zoom/30B38CA5BCFBED1F2006209E885B8B81.jpg,https://driveimg1.intermarche.com/pt/Content/images/boitmal/produit/zoom/0CE1F27833749E5A2E2A6631A26FC1E0.jpg,https://driveimg1.intermarche.com/pt/Content/images/boitmal/produit/zoom/10669725004839CB519AC745D1B0A74F.jpg,https://driveimg1.intermarche.com/pt/Content/images/boitmal/produit/zoom/B68437CAB6470B905C65CD8F71745279.jpg,,,,2024-10-02T23:59:59.999999999+01:00,PROSPECTUS,13,3,,
41384,5601050036602,440.0,Danone,"Iogurte grego oikos stracciatella,  4 x 110 g",,1.99,4.52,0,kg,€/Kg,https://driveimg1.intermarche.com/pt/Content/images/boitmal/produit/zoom/A0A6F59B7D5832D67ED1CDB718D78849.jpg,,,,,,1000 Artigos,2024-10-04T23:59:59.999999999+01:00,PROSPECTUS,13,3,,
4987,5601012115505,750.0,Planalto,Vinho doc douro branco,Garrafa de 0.75 l,3.99,5.32,750,L,€/L,https://driveimg1.intermarche.com/pt/Content/images/boitmal/produit/zoom/6C726FDABB211E05C4F7D5DBE4A94D76.jpg,,,,,,1000 Artigos,2024-10-02T23:59:59.999999999+01:00,PROSPECTUS,13,3,,
16857,5603344531114,110.0,General,Atum natural,Embalagem de 110g,1.1,10.0,0,kg,€/Kg,https://driveimg1.intermarche.com/pt/Content/images/boitmal/produit/zoom/134BCB035260DA080E0EB7CE51D7253D.jpg,,,,,,,2024-10-02T23:59:59.999999999+01:00,PROSPECTUS,13,3,,
31141,3073781094930,140.0,A Vaca Que Ri,Queijo fundido vaca que ri palitos light 140g,Embalagem de 140g,1.99,14.21,0,kg,€/Kg,https://driveimg1.intermarche.com/pt/Content/images/boitmal/produit/zoom/4BFD7554CB8C51365C2135BFB8F8E399.jpg,,,,,,,2024-10-02T23:59:59.999999999+01:00,PROSPECTUS,13,3,,
49479,5601151969465,1750.0,Sumol,Refrigerante com Gás Laranja Sem Açúcar,Garrafa de 1.75 l,1.39,0.79,1750,L,€/L,https://driveimg1.intermarche.com/pt/Content/images/boitmal/produit/zoom/B1A5F916FFA77C7E7F9A1CB0E85C459E.jpg,,,,,,1000 Artigos,2024-10-04T23:59:59.999999999+01:00,PROSPECTUS,13,3,,
52326,8720181384776,,Skip,Detergente Máquina Roupa Líquido Active Clean,56 Doses,9.99,9.99,0,,€/Unidade,https://driveimg1.intermarche.com/pt/Content/images/boitmal/produit/zoom/FB959F644F3F5B9BCC6B250AF56B6E18.jpg,,,,,,1000 Artigos,2024-10-04T23:59:59.999999999+01:00,PROSPECTUS,13,3,,
931,5601001228100,300.0,Nestum,Nestum flocos de cereais com mel,Embalagem de 300g,2.24,7.47,0,kg,€/Kg,https://driveimg1.intermarche.com/pt/Content/images/boitmal/produit/zoom/3533A13BC534891673C8C96375839B78.jpg,,,,,,1000 Artigos,2024-10-02T23:59:59.999999999+01:00,PROSPECTUS,13,3,,
9946,7622300654177,170.0,Triunfo,Bolachas digestive go aveia,Embalagem de 170g,1.49,8.76,0,kg,€/Kg,https://driveimg1.intermarche.com/pt/Content/images/boitmal/produit/zoom/A892B3FDA3E33C2B1F68488502542539.jpg,,,,,,,2024-10-02T23:59:59.999999999+01:00,PROSPECTUS,13,3,,
2137,5604260253845,320.0,PorSi,"Hamburguers de frango, 4 x 80 g",Embalagem de 320g,2.99,9.34,0,kg,€/Kg,https://driveimg1.intermarche.com/pt/Content/images/boitmal/produit/zoom/0E9FEE646CDB4574773465E44BB91955.jpg,,,,,,1000 Artigos,2024-10-04T23:59:59.999999999+01:00,PROSPECTUS,13,3,,
49480,5601151969458,1750.0,Sumol,Refrigerante com Gás Ananás Sem Açúcar,Garrafa de 1.75 l,1.39,0.79,1750,L,€/L,https://driveimg1.intermarche.com/pt/Content/images/boitmal/produit/zoom/4A159117E2730F166C16E5A6DF517C87.jpg,,,,,,1000 Artigos,2024-10-04T23:59:59.999999999+01:00,PROSPECTUS,13,3,,
8222,5411188553304,1000.0,Alpro,Bebida Vegetal de Soja com Cálcio,Embalagem de 1 l,1.69,1.69,1000,L,€/L,https://driveimg1.intermarche.com/pt/Content/images/boitmal/produit/zoom/545BAB00502BFD84583926EFDBFE9F24.jpg,,,,,,,2024-10-02T23:59:59.999999999+01:00,PROSPECTUS,13,3,,
11687,5601244202158,400.0,Terra Nostra,Queijo fatias -50% gordura,Embalagem de 400g,4.09,10.23,0,kg,€/Kg,https://driveimg1.intermarche.com/pt/Content/images/boitmal/produit/zoom/CCCF8966A6691863BD8AEE552A96BE72.jpg,,,,,,,2024-10-02T23:59:59.999999999+01:00,PROSPECTUS,13,3,,
1465,5601286234773,250.0,Milaneza,Massa de letras,Embalagem de 250g,0.62,2.48,0,kg,€/Kg,https://driveimg1.intermarche.com/pt/Content/images/boitmal/produit/zoom/B041072B3650057DB6CDC9523E22E29B.jpg,,,,,,,2024-10-02T23:59:59.999999999+01:00,PROSPECTUS,13,3,,
19586,8435257028057,720.0,Longa vida,"Iogurte aroma 0% tutti fruti/coco,  6 x 120 g",,2.29,3.18,0,kg,€/Kg,https://driveimg1.intermarche.com/pt/Content/images/boitmal/produit/zoom/18D91A939DFD31509CD0E9DB0A5315E6.jpg,,,,,,1000 Artigos,2024-10-04T23:59:59.999999999+01:00,PROSPECTUS,13,3,,
21749,7613035766532,250.0,Nestum,Nestum chocolate,Embalagem de 250g,2.14,8.56,0,kg,€/Kg,https://driveimg1.intermarche.com/pt/Content/images/boitmal/produit/zoom/2985CAADA6D151AC0E20062A22E70429.jpg,,,,,,,2024-10-02T23:59:59.999999999+01:00,PROSPECTUS,13,3,,
37773,5604260290352,800.0,PorSi,Choco limpo 20/40,Embalagem de 800 g,7.99,9.99,0,kg,€/Kg,https://driveimg1.intermarche.com/pt/Content/images/boitmal/produit/zoom/A7B2CB43C8E640D590CB927CB7A41696.jpg,,,,,,Tipo de stockagem,2024-10-02T23:59:59.999999999+01:00,PROSPECTUS,13,4,,
41298,5601050036541,440.0,Danone,"Iogurte oikos natural,  4 x 110g",,2.49,5.66,0,kg,€/Kg,https://driveimg1.intermarche.com/pt/Content/images/boitmal/produit/zoom/1E39B56DE0869E56503E420B563E33DD.jpg,,,,,,1000 Artigos,2024-10-04T23:59:59.999999999+01:00,PROSPECTUS,13,4,,
13602,2893597000000,500.0,Peixaria,Pescada Média Argentina Congelada,+ de 500 g,2.0,3.99,0,,€/Kg,https://driveimg1.intermarche.com/pt/Content/images/boitmal/produit/zoom/0B666403B9A0F93B2C5A3F28805283FC.jpg,,,,,,Avantages !,2024-10-02T23:59:59.999999999+01:00,PROSPECTUS,13,4,,
14711,5601286402332,180.0,Nacional,Bolacha alfa,Embalagem de 180g,1.04,5.78,0,kg,€/Kg,https://driveimg1.intermarche.com/pt/Content/images/boitmal/produit/zoom/5276D08644D4F57D25BB338DF64F883B.jpg,,,,,,,2024-10-02T23:59:59.999999999+01:00,PROSPECTUS,13,4,,
16003,5000116109630,300.0,Capitão Iglo,12 douradinhos forníssimo,Embalagem de 300g,3.49,11.63,0,kg,€/Kg,https://driveimg1.intermarche.com/pt/Content/images/boitmal/produit/zoom/233E9FC9471A71F1B4977B2D8B4AFE95.jpg,,,,,,Tipo de stockagem,2024-10-02T23:59:59.999999999+01:00,PROSPECTUS,13,4,,
24370,5601050033052,620.0,Danone,"Iogurte líquido morango / framboesa corpos danone,  4 x 155 g",,1.89,3.05,0,kg,€/Kg,https://driveimg1.intermarche.com/pt/Content/images/boitmal/produit/zoom/944714BB6E54D611AAE53F4C9C525265.jpg,,,,,,,2024-10-02T23:59:59.999999999+01:00,PROSPECTUS,13,4,,
2520,7613033822827,250.0,Nestum,Nestum flocos de cereais integrais,Embalagem de 250g,2.14,8.56,0,kg,€/Kg,https://driveimg1.intermarche.com/pt/Content/images/boitmal/produit/zoom/C34EF83D0967AA6ED013672F2285D0CB.jpg,,,,,,,2024-10-02T23:59:59.999999999+01:00,PROSPECTUS,13,4,,
5008,5601028000383,,Renova,"Lenços de bolso sensi, brancos, 10 unidades",Uma embalagem de 6x10,0.89,0.89,0,,€/Unidade,https://driveimg1.intermarche.com/pt/Content/images/boitmal/produit/zoom/3285CC53F627C4EB44C93FFAC20FDBD5.jpg,,,,,,,2024-10-02T23:59:59.999999999+01:00,PROSPECTUS,13,4,,
944,5601001339301,200.0,Nestlé,Mistura solúvel mokambo,Embalagem de 200g,3.99,19.95,0,kg,€/Kg,https://driveimg1.intermarche.com/pt/Content/images/boitmal/produit/zoom/A8F3A8EB08BBF4181F15A95334F151A2.jpg,,,,,,1000 Artigos,2024-10-04T23:59:59.999999999+01:00,PROSPECTUS,13,4,,
12980,2892466000000,400.0,Legumes,Alface Roxa,1 un= 400 g (aprox.),1.2,2.99,0,,€/Kg,https://driveimg1.intermarche.com/pt/Content/images/boitmal/produit/zoom/07FC950D247B0FFA212FF8F152BAE023.jpg,,,,,,,2024-10-02T23:59:59.999999999+01:00,PROSPECTUS,13,4,,
36769,5604260298181,400.0,PorSi,Creme de Cenoura,Embalagem de 400 g,1.29,3.23,0,kg,€/Kg,https://driveimg1.intermarche.com/pt/Content/images/boitmal/produit/zoom/0D9E52B8E4B2F4CBA7B9E7054C9057A5.jpg,,,,,,1000 Artigos,2024-10-02T23:59:59.999999999+01:00,PROSPECTUS,13,4,,
47109,7613287218704,110.0,Nestlé,Bolsitas de puré de 4 frutas,Embalagem de 110g,0.84,7.64,0,kg,€/Kg,https://driveimg1.intermarche.com/pt/Content/images/boitmal/produit/zoom/AAE972318DF3C7B29E7A2F9B4E66DEFB.jpg,,,,,,,2024-10-02T23:59:59.999999999+01:00,PROSPECTUS,13,4,,
8672,5601164902589,5000.0,Super Bock,Cerveja Mini,Pack 20 x 25 cl,9.99,2.0,5000,L,€/L,https://driveimg1.intermarche.com/pt/Content/images/boitmal/produit/zoom/FD142F0CD2C15C33B72ED63E577444D5.jpg,,,,,,1000 Artigos,2024-10-04T23:59:59.999999999+01:00,PROSPECTUS,13,4,,
10666,8714789700472,360.0,Palmolive,Sabonete leite & mel,Embalagem de 4x90 g,3.59,9.97,0,kg,€/Kg,https://driveimg1.intermarche.com/pt/Content/images/boitmal/produit/zoom/6DA48FA699B13C5AAD7C8FEC3222BF79.jpg,,,,,,,2024-10-02T23:59:59.999999999+01:00,PROSPECTUS,13,4,,
14346,3387390406849,150.0,Nestlé,Barras cereais chocapic,Embalagem de 150g,2.99,19.93,0,kg,€/Kg,https://driveimg1.intermarche.com/pt/Content/images/boitmal/produit/zoom/62C7C838E38BFF97731D8D005E4F2D59.jpg,,,,,,,2024-10-02T23:59:59.999999999+01:00,PROSPECTUS,13,4,,
15489,7613031884247,4000.0,Friskies,"Ração para gato adulto com vaca, frango",Embalagem de 4kg,10.79,2.7,0,kg,€/Kg,https://driveimg1.intermarche.com/pt/Content/images/boitmal/produit/zoom/3758935B87F55535F41EEF08B41E8342.jpg,,,,,,,2024-10-02T23:59:59.999999999+01:00,PROSPECTUS,13,4,,
37948,5601217132697,500.0,Cillitbang,Spray limpeza casa de banho,Embalagem de 500 ml,2.49,4.98,500,L,€/L,https://driveimg1.intermarche.com/pt/Content/images/boitmal/produit/zoom/62E5A8E0A6D5CF81B7A29AA6D1070117.jpg,,,,,,1000 Artigos,2024-10-04T23:59:59.999999999+01:00,PROSPECTUS,13,4,,
46518,5000204208856,750.0,Pato,"Líquido sanitário ação total menta, 750 ml",,1.94,2.59,750,L,€/L,https://driveimg1.intermarche.com/pt/Content/images/boitmal/produit/zoom/0233D129A9EC0388789C44988374A6C5.jpg,,,,,,,2024-10-02T23:59:59.999999999+01:00,PROSPECTUS,13,4,,
51427,8410436441766,,Vernel,Amaciador Concentrado Lírio Irresistível,70 doses,3.49,3.49,0,,€/Unidade,https://driveimg1.intermarche.com/pt/Content/images/boitmal/produit/zoom/DE9021DA501490230A96ECEA8DFE738E.jpg,,,,,,1000 Artigos,2024-10-04T23:59:59.999999999+01:00,PROSPECTUS,13,4,,
9111,5601989001412,750.0,Monte Velho,Vinho regional alentejano tinto,Garrafa de 0.75 l,3.79,5.05,750,L,€/L,https://driveimg1.intermarche.com/pt/Content/images/boitmal/produit/zoom/71C75E8C8338510892305D4318796B26.jpg,,,,,,1000 Artigos,2024-10-02T23:59:59.999999999+01:00,PROSPECTUS,13,4,,
9286,5603722492068,1000.0,Mimosa,Leite especial crescimento +3 anos,Garrafa de 1 l,1.49,1.49,1000,L,€/L,https://driveimg1.intermarche.com/pt/Content/images/boitmal/produit/zoom/26A3BE41175D4F1900210BFF62BF081B.jpg,https://driveimg1.intermarche.com/pt/Content/images/boitmal/produit/zoom/C1DA16AEB6305B1844421608D84E82EB.jpg,https://driveimg1.intermarche.com/pt/Content/images/boitmal/produit/zoom/5674CBEBA359C0E43414CBEAA69D8774.jpg,,,,1000 Artigos,2024-10-02T23:59:59.999999999+01:00,PROSPECTUS,13,4,,
21767,7613035487871,90.0,Nestlé,Fruta para bebé multifrutas +4 meses,Embalagem de 90g,0.74,8.22,0,kg,€/Kg,https://driveimg1.intermarche.com/pt/Content/images/boitmal/produit/zoom/59D3B6826D610DDEB0688A4041A5FB71.jpg,,,,,,,2024-10-02T23:59:59.999999999+01:00,PROSPECTUS,13,4,,
22164,5601260254056,500.0,Saludães,Arroz doce especial,Embalagem de 500g,0.83,1.66,0,kg,€/Kg,https://driveimg1.intermarche.com/pt/Content/images/boitmal/produit/zoom/878854BE9F8FAA6F9C6C65945CC1655C.jpg,,,,,,,2024-10-02T23:59:59.999999999+01:00,PROSPECTUS,13,4,,
2506,7613033269707,400.0,Friskies,Ração para gato adulto com atum e legumes selecionados,Embalagem de 400g,1.86,4.65,0,kg,€/Kg,https://driveimg1.intermarche.com/pt/Content/images/boitmal/produit/zoom/312085192EC38A0CD177D73C362AF824.jpg,,,,,,,2024-10-02T23:59:59.999999999+01:00,PROSPECTUS,13,4,,
37761,5604260273638,1000.0,PorSi,Lasanha à bolonhesa,Embalagem de 1 kg,4.99,4.99,0,kg,€/Kg,https://driveimg1.intermarche.com/pt/Content/images/boitmal/produit/zoom/3D7D37CD2C2C955E887051D2A74CEAFC.jpg,,,,,,1000 Artigos,2024-10-04T23:59:59.999999999+01:00,PROSPECTUS,13,4,,
48556,7622210128362,250.0,Tuc,Crackers original,Embalagem de 250g,2.24,8.96,0,kg,€/Kg,https://driveimg1.intermarche.com/pt/Content/images/boitmal/produit/zoom/33AE27DABE60A5EA6AD911E164C1C6D6.jpg,,,,,,,2024-10-02T23:59:59.999999999+01:00,PROSPECTUS,13,4,,
49093,5601082049656,440.0,Delta Q,Cápsulas de Café Grand Qalidus,Embalagem com 80 cápsulas,24.99,56.8,0,kg,€/Kg,https://driveimg1.intermarche.com/pt/Content/images/boitmal/produit/zoom/8DEE7FD145D59AAEDF41BEFA511386BD.jpg,,,,,,1000 Artigos,2024-10-04T23:59:59.999999999+01:00,PROSPECTUS,13,4,,
49223,5604260322633,90.0,PorSi,Saqueta puré de fruta e bolacha,Embalagem de 90g,0.74,8.22,0,kg,€/Kg,https://driveimg1.intermarche.com/pt/Content/images/boitmal/produit/zoom/F218EA95CBA167422382632AB54B0FE0.jpg,,,,,,1000 Artigos,2024-10-04T23:59:59.999999999+01:00,PROSPECTUS,13,4,,
51429,8410436441582,,Vernel,Amaciador Concentrado Magia De Magnólia,70 doses,3.49,3.49,0,,€/Unidade,https://driveimg1.intermarche.com/pt/Content/images/boitmal/produit/zoom/62706D733A79A883B313F5BDFF7369D2.jpg,,,,,,1000 Artigos,2024-10-04T23:59:59.999999999+01:00,PROSPECTUS,13,4,,
52339,8720181392924,,Comfort,Amaciador Roupa Concentrado Creations Lírios e Morango,76 Doses,3.99,3.99,0,,€/Unidade,https://driveimg1.intermarche.com/pt/Content/images/boitmal/produit/zoom/8F3E1CB8E1F41E507DB7FBA8EF126461.jpg,,,,,,1000 Artigos,2024-10-04T23:59:59.999999999+01:00,PROSPECTUS,13,4,,
14510,5411188116592,1000.0,Alpro,Bebida Vegetal Coco,Embalagem de 1L,1.99,1.99,1000,L,€/L,https://driveimg1.intermarche.com/pt/Content/images/boitmal/produit/zoom/1987CA16F4DDFE322033D82C2A376E65.jpg,,,,,,,2024-10-02T23:59:59.999999999+01:00,PROSPECTUS,13,4,,
1466,5601286235770,250.0,Milaneza,Massa cuscus,Embalagem de 250g,0.62,2.48,0,kg,€/Kg,https://driveimg1.intermarche.com/pt/Content/images/boitmal/produit/zoom/C88D2492C00ABAD0495ACF6CE8960CC4.jpg,,,,,,,2024-10-02T23:59:59.999999999+01:00,PROSPECTUS,13,4,,
19046,5000116110414,480.0,Capitão Iglo,8 hamburguers s/ glúten frango,Embalagem de 480g,7.49,15.6,0,kg,€/Kg,https://driveimg1.intermarche.com/pt/Content/images/boitmal/produit/zoom/1C35A366EB207E26898D1AC0CE188CE6.jpg,,,,,,Tipo de stockagem,2024-10-02T23:59:59.999999999+01:00,PROSPECTUS,13,4,,
25214,7613035930551,90.0,Nestlé,Fruta para bebé maçã banana morango +8 meses,Embalagem de 90g,0.74,8.22,0,kg,€/Kg,https://driveimg1.intermarche.com/pt/Content/images/boitmal/produit/zoom/320AF02AD6CE8711C7912DB2FA781A00.jpg,,,,,,,2024-10-02T23:59:59.999999999+01:00,PROSPECTUS,13,4,,
2588,7622300270469,150.0,Milka,Bolachas de chocolate leite,Embalagem de 150g,1.94,12.93,0,kg,€/Kg,https://driveimg1.intermarche.com/pt/Content/images/boitmal/produit/zoom/68C2EAA0B61613263D0B262211481B16.jpg,,,,,,,2024-10-02T23:59:59.999999999+01:00,PROSPECTUS,13,4,,
26062,5601082041742,220.0,Delta,Café moagem universal timor,Embalagem de 220g,2.75,12.5,0,kg,€/Kg,https://driveimg1.intermarche.com/pt/Content/images/boitmal/produit/zoom/ADF6DAB3E877271F201912BF13D8C4E0.jpg,,,,,,,2024-10-02T23:59:59.999999999+01:00,PROSPECTUS,13,4,,
2676,8410000809831,160.0,Artiach,Bolachas chiquilin ositos de mel,Embalagem de 160g,1.64,10.25,0,kg,€/Kg,https://driveimg1.intermarche.com/pt/Content/images/boitmal/produit/zoom/B2E31B2D017B25AF7CB7406A9DED8959.jpg,,,,,,,2024-10-02T23:59:59.999999999+01:00,PROSPECTUS,13,4,,
32306,8718951202979,500.0,Palmolive,Gel de banho naturals amêndoa e leite,500 ml,2.69,5.38,500,L,€/L,https://driveimg1.intermarche.com/pt/Content/images/boitmal/produit/zoom/679D3CFCC9969DD874FD147C2208C882.jpg,,,,,,,2024-10-02T23:59:59.999999999+01:00,PROSPECTUS,13,4,,
36690,5604260286461,2000.0,PorSi,Ração seca para gato adulto de peixe,Embalagem 2 kg,3.99,2.0,0,kg,€/Kg,https://driveimg1.intermarche.com/pt/Content/images/boitmal/produit/zoom/62FABC3556B61D42E798E682190116C4.jpg,,,,,,1000 Artigos,2024-10-04T23:59:59.999999999+01:00,PROSPECTUS,13,4,,
41582,5601050036626,440.0,Danone,"Iogurte grego café,  4 x 110 g",,1.99,4.52,0,kg,€/Kg,https://driveimg1.intermarche.com/pt/Content/images/boitmal/produit/zoom/AA81C6F13D10195F1596F127A0BC3ACE.jpg,,,,,,1000 Artigos,2024-10-04T23:59:59.999999999+01:00,PROSPECTUS,13,4,,
476,3010470159020,400.0,Friskies,"Ração para gato adulto com coelho, frango e legumes",Embalagem de 400g,1.86,4.65,0,kg,€/Kg,https://driveimg1.intermarche.com/pt/Content/images/boitmal/produit/zoom/910C940E517160C08ABDD9D62AF704F9.jpg,,,,,,,2024-10-02T23:59:59.999999999+01:00,PROSPECTUS,13,4,,
51516,5000204242676,750.0,Pato,"Líquido Sanitário Biodegradável, 750 ml",,1.69,2.25,750,L,€/L,https://driveimg1.intermarche.com/pt/Content/images/boitmal/produit/zoom/A52D20BC4663DAC31D8BC9280D80BD62.jpg,,,,,,,2024-10-02T23:59:59.999999999+01:00,PROSPECTUS,13,4,,
