identifier,produitEan13,capacite,marque,libelle,conditionnement,prix,unitPrice,volume,typeProduit_uniteByCode,unit_value,pictogrammes_0,pictogrammes_libelleCategorie,images_0,images_1,images_2,images_3,avantages_dateFin,avantages_categorie,nro_paginas,page,images_4,images_5
36712,5604260294879,200.0,PorSi,"Queijo gouda fatias, 200 g",,1.69,8.45,0,kg,€/Kg,,,https://driveimg1.intermarche.com/pt/Content/images/boitmal/produit/zoom/DA95A9507FFD36014042570F7367B99A.jpg,,,,2025-06-11T23:59:59.999999999+01:00,PROSPECTUS,19,1,,
1293,5601151398104,630.0,Compal,"Pack de 3 embalagens de polpa de tomate, embalagem de 630g",,1.49,2.37,0,kg,€/Kg,,,https://driveimg1.intermarche.com/pt/Content/images/boitmal/produit/zoom/BC7D38B0892D2B72B99AEECF05E81523.jpg,,,,2025-06-11T23:59:59.999999999+01:00,PROSPECTUS,19,1,,
15125,2895006000000,150.0,Terra Nostra,Queijo Flamengo em Barra,1 un = 150 gr (aprox.),1.39,9.29,0,,€/Kg,,,https://driveimg1.intermarche.com/pt/Content/images/boitmal/produit/zoom/BF84618CA37316EE2612494B15F423CC.jpg,,,,2025-06-11T23:59:59.999999999+01:00,PROSPECTUS,19,1,,
11967,5601049612336,250.0,Mimosa,"Manteiga com sal, embalagem de 250g",,2.19,8.76,0,kg,€/Kg,,,https://driveimg1.intermarche.com/pt/Content/images/boitmal/produit/zoom/2C2D066D904F137421CA4F472DC07738.jpg,https://driveimg1.intermarche.com/pt/Content/images/boitmal/produit/zoom/B59AE74FD0DBE6C3112F001AFF69E867.jpg,https://driveimg1.intermarche.com/pt/Content/images/boitmal/produit/zoom/BB9196C3025886DBB6F20EDD70A1CA7A.jpg,,2025-06-11T23:59:59.999999999+01:00,PROSPECTUS,19,1,,
54578,5604260332847,200.0,Labell Men,"Desodorizante Antitranspirante Invisible, 200ml",,1.39,6.95,200,L,€/L,,,https://driveimg1.intermarche.com/pt/Content/images/boitmal/produit/zoom/6089B570557FEDB49C72B5ECFB5CAF3F.jpg,,,,2025-06-11T23:59:59.999999999+01:00,PROSPECTUS,19,1,,
13048,2893561000000,250.0,Marisco,Ameijoa Branca Vietnamita Congelada,Vendido a partir de 250 gr  (aprox.),0.5,1.99,0,,€/Kg,,Avantages !,https://driveimg1.intermarche.com/pt/Content/images/boitmal/produit/zoom/EB1BC296FF41180E6F3E1626AD4F78AA.jpg,,,,2025-06-11T23:59:59.999999999+01:00,PROSPECTUS,19,1,,
44956,2696878000000,,Padaria,Bola de mistura centeio Baviera,90 g,0.2,0.2,0,,€/Unidade,,,https://driveimg1.intermarche.com/pt/Content/images/boitmal/produit/zoom/09DB4B39AC0AAE5D11E868A906EFB364.jpg,,,,2025-06-11T23:59:59.999999999+01:00,PROSPECTUS,19,1,,
23524,5000204922851,750.0,Pato,"Líquido sanitário extra power, marinho, 750 ml",,1.69,2.25,750,L,€/L,,,https://driveimg1.intermarche.com/pt/Content/images/boitmal/produit/zoom/60268FF4016AF8FBA52DB6A9A88D181B.jpg,,,,2025-06-11T23:59:59.999999999+01:00,PROSPECTUS,19,1,,
6060,5608527000555,5000.0,Dom Campos,"Vinho tinto regional, península de setúbal, bag-in-box",Garrafa de 5 l,7.99,1.6,5000,L,€/L,,,https://driveimg1.intermarche.com/pt/Content/images/boitmal/produit/zoom/78079834B0E3726D7B386E02341FE7CB.jpg,,,,2025-06-11T23:59:59.999999999+01:00,PROSPECTUS,19,1,,
15489,7613031884247,4000.0,Friskies,"Ração para gato adulto com vaca, frango, embalagem de 4kg",,10.79,2.7,0,kg,€/Kg,,,https://driveimg1.intermarche.com/pt/Content/images/boitmal/produit/zoom/AA74DE430E0D577781082E763F8D5C13.jpg,,,,2025-06-11T23:59:59.999999999+01:00,PROSPECTUS,19,1,,
47109,7613287218704,110.0,Nestlé,"Bolsitas de puré de 4 frutas, embalagem de 110g",,0.73,6.64,0,kg,€/Kg,,,https://driveimg1.intermarche.com/pt/Content/images/boitmal/produit/zoom/AAE972318DF3C7B29E7A2F9B4E66DEFB.jpg,,,,2025-06-11T23:59:59.999999999+01:00,PROSPECTUS,19,1,,
24415,8410436299961,1300.0,Sonasol,"Lava tudo lavanda, 1,3l",,2.09,1.61,1300,L,€/L,,,https://driveimg1.intermarche.com/pt/Content/images/boitmal/produit/zoom/7357FEB6EC6D53B795AF0EA5889F5ADF.jpg,,,,2025-06-11T23:59:59.999999999+01:00,PROSPECTUS,19,1,,
1480,5601314000073,9000.0,Vitalis,"Água mineral sem gás, pack 6 x 1.5 l",,2.69,0.3,9000,L,€/L,,,https://driveimg1.intermarche.com/pt/Content/images/boitmal/produit/zoom/DA3E69EB6FBF3CE3F3256CE592DB9A52.jpg,,,,2025-06-11T23:59:59.999999999+01:00,PROSPECTUS,19,1,,
18595,8410500016012,400.0,Danonino Danone,"Iogurte líquido danonino morango, embalagem de 4 x 100g",,2.09,5.23,0,kg,€/Kg,,,https://driveimg1.intermarche.com/pt/Content/images/boitmal/produit/zoom/00E1EF11C0C6DBF4F5207E20D5392DA2.jpg,,,,2025-06-11T23:59:59.999999999+01:00,PROSPECTUS,19,1,,
54277,3600542571982,400.0,Garnier,"Shampoo Ultra Suave Água de Arroz, 400ml",,3.79,9.48,400,L,€/L,,,https://driveimg1.intermarche.com/pt/Content/images/boitmal/produit/zoom/BCD88ADADB3465B3B2A59EA32CB5BB9E.jpg,,,,2025-06-11T23:59:59.999999999+01:00,PROSPECTUS,19,1,,
10128,8006540836224,,Dodot,Toalhitas Pure 0% Plástico,Embalagem de 48 unidades,1.74,1.74,0,,€/Unidade,,,https://driveimg1.intermarche.com/pt/Content/images/boitmal/produit/zoom/A6A917F7D6C239B691DF2BB237C59C0C.jpg,,,,2025-06-11T23:59:59.999999999+01:00,PROSPECTUS,19,1,,
4687,5000116105212,375.0,Iglo,"Ervilhas, embalagem de 375g",,1.89,5.04,0,kg,€/Kg,,Tipo de stockagem,https://driveimg1.intermarche.com/pt/Content/images/boitmal/produit/zoom/6C528FEBBEDC5462386A3AB117EEBFD4.jpg,,,,2025-06-11T23:59:59.999999999+01:00,PROSPECTUS,19,1,,
41300,5601050036596,440.0,Danone,"Iogurte oikos manga papaya, embalagem de 4 x 110g",,1.99,4.52,0,kg,€/Kg,,,https://driveimg1.intermarche.com/pt/Content/images/boitmal/produit/zoom/407B76EA9B8AB5CE288E3F687A8DBF84.jpg,,,,2025-06-11T23:59:59.999999999+01:00,PROSPECTUS,19,1,,
15945,7613034291127,45.0,Felix,"Snack para gato crispies vaca e frango, embalagem de 50g",,1.49,33.11,0,kg,€/Kg,,,https://driveimg1.intermarche.com/pt/Content/images/boitmal/produit/zoom/4D055FFDE0172D6DB0FAB1C37A84FAD7.jpg,,,,2025-06-11T23:59:59.999999999+01:00,PROSPECTUS,19,1,,
17402,8412600027233,700.0,Bimbo,Pão forma familiar normal,embalagem de 700 g,1.99,2.84,0,kg,€/Kg,,,https://driveimg1.intermarche.com/pt/Content/images/boitmal/produit/zoom/BD26753EF23D0DF0FDC14FCDC181B902.jpg,,,,2025-06-11T23:59:59.999999999+01:00,PROSPECTUS,19,1,,
12997,2892527000000,300.0,Legumes,Courgette Categoria II,,0.3,0.99,0,,€/Kg,,,https://driveimg1.intermarche.com/pt/Content/images/boitmal/produit/zoom/323B806C0CB557ED0F5B2CB32A998FDE.jpg,,,,2025-06-11T23:59:59.999999999+01:00,PROSPECTUS,19,1,,
14408,5601012004427,750.0,Trinca Bolotas,"Vinho doc alentejo tinto, garrafa de 0.75 l",,5.99,7.99,750,L,€/L,,,https://driveimg1.intermarche.com/pt/Content/images/boitmal/produit/zoom/CE8D5D13DE743123565142F1E6733CF4.jpg,,,,2025-06-11T23:59:59.999999999+01:00,PROSPECTUS,19,1,,
13914,2891225000000,350.0,Frango,Perna com Costa,1 un. = 300 g (aprox.),0.8,2.29,0,,€/Kg,,,https://driveimg1.intermarche.com/pt/Content/images/boitmal/produit/zoom/D1297D1CD095629263E582A65B4C3857.jpg,,,,2025-06-11T23:59:59.999999999+01:00,PROSPECTUS,19,1,,
12940,2892083000000,200.0,Fruta,Lima,1 un = 200 gr (aprox.),0.58,2.89,0,,€/Kg,,,https://driveimg1.intermarche.com/pt/Content/images/boitmal/produit/zoom/2DD3A3AD2AC0E0F4144D0C1CF845306C.jpg,,,,2025-06-11T23:59:59.999999999+01:00,PROSPECTUS,19,1,,
14897,2892245000000,4000.0,Fruta,Melancia Riscada,Vendido ao peso | 1 un = 4kg (aprox.),5.56,1.39,0,,€/Kg,,,https://driveimg1.intermarche.com/pt/Content/images/boitmal/produit/zoom/499A6B9B1699D69723890E8129338912.jpg,,,,2025-06-11T23:59:59.999999999+01:00,PROSPECTUS,19,1,,
48862,5604260320592,600.0,PorSi Viva Bem,"Iogurte líquido magro morango,  4x150 ml",,1.35,2.25,600,L,€/L,,,https://driveimg1.intermarche.com/pt/Content/images/boitmal/produit/zoom/6E2158069C8CF147F08FEAD2346409FC.jpg,,,,2025-06-11T23:59:59.999999999+01:00,PROSPECTUS,19,1,,
13934,2891062000000,250.0,Porco,Rojões,1 un = 250 gr  (aprox.),1.16,4.65,0,,€/Kg,,,https://driveimg1.intermarche.com/pt/Content/images/boitmal/produit/zoom/925F2FDC1F925A7FD71EE6165315B22E.jpg,,,,2025-06-11T23:59:59.999999999+01:00,PROSPECTUS,19,1,,
14921,2892534000000,400.0,Legumes,Couve Bróculo,Vendido ao peso,0.76,1.89,0,,€/Kg,,,https://driveimg1.intermarche.com/pt/Content/images/boitmal/produit/zoom/4F48873F332B6ECE759CD88793270811.jpg,,,,2025-06-11T23:59:59.999999999+01:00,PROSPECTUS,19,1,,
52770,5604260331420,410.0,PorSi,Pizza Fiambre e Queijo em Forno de Pedra,Embalagem de 410g,2.49,6.07,0,kg,€/Kg,,,https://driveimg1.intermarche.com/pt/Content/images/boitmal/produit/zoom/016F4D84B46374F84F0E6B94E3EE8A67.jpg,,,,2025-06-11T23:59:59.999999999+01:00,PROSPECTUS,19,1,,
52771,5604260331437,410.0,PorSi,Pizza Romana em Forno de Pedra,Embalagem de 410g,2.45,5.98,0,kg,€/Kg,,,https://driveimg1.intermarche.com/pt/Content/images/boitmal/produit/zoom/5600D90A72040F0B3DF39AA1F8D17DB0.jpg,,,,2025-06-11T23:59:59.999999999+01:00,PROSPECTUS,19,1,,
19447,5604260278473,640.0,PorSi,"Iogurte líquido de frutos vermelhos,  4 x 160 g",,1.29,2.02,0,kg,€/Kg,,,https://driveimg1.intermarche.com/pt/Content/images/boitmal/produit/zoom/E5E8E165201F83E6573606F360D4FBE1.jpg,,,,2025-06-11T23:59:59.999999999+01:00,PROSPECTUS,19,1,,
28607,5604260278442,640.0,PorSi,"Iogurte líquido morango/banana,  4 x 160 g",,1.29,2.02,0,kg,€/Kg,,,https://driveimg1.intermarche.com/pt/Content/images/boitmal/produit/zoom/447BBD3B74588222DD6837C3B2BE4D8D.jpg,,,,2025-06-11T23:59:59.999999999+01:00,PROSPECTUS,19,1,,
28608,5604260282821,160.0,PorSi,"Iogurte Líquido Frutos Tropicais, 4 x 160g",,1.29,8.06,0,kg,€/Kg,,,https://driveimg1.intermarche.com/pt/Content/images/boitmal/produit/zoom/98DAB469B1CF7CBC9019272104A0FF20.jpg,,,,2025-06-11T23:59:59.999999999+01:00,PROSPECTUS,19,1,,
18295,5604260278411,640.0,PorSi,"Iogurte líquido morango/cereais,  4 x 160 g",,1.29,2.02,0,kg,€/Kg,,,https://driveimg1.intermarche.com/pt/Content/images/boitmal/produit/zoom/77FF2EFA6010C76FAECF5B9D28E76BCE.jpg,,,,2025-06-11T23:59:59.999999999+01:00,PROSPECTUS,19,1,,
19022,5603722509742,800.0,Agros,"Leite com chocolate, embalagem de 4 x 200 ml",,1.56,1.95,800,L,€/L,,,https://driveimg1.intermarche.com/pt/Content/images/boitmal/produit/zoom/86A34AF1051A1750347A4FF58912A923.jpg,,,,2025-06-11T23:59:59.999999999+01:00,PROSPECTUS,19,1,,
36774,5604260300686,640.0,PorSi,"Iogurte liquido stracciatella,  4 x 160 g",,1.35,2.11,0,kg,€/Kg,,,https://driveimg1.intermarche.com/pt/Content/images/boitmal/produit/zoom/6CC82B08FFB7D4379F1B37DDDE2A4AE9.jpg,,,,2025-06-11T23:59:59.999999999+01:00,PROSPECTUS,19,1,,
41651,5604260303229,1000.0,PorSi,Batata pré-frita palitos finos,Embalagem de 1 kg,1.85,1.85,0,kg,€/Kg,,Tipo de stockagem,https://driveimg1.intermarche.com/pt/Content/images/boitmal/produit/zoom/F51FA693BED4E1C77A9C13BCD5F78809.jpg,,,,2025-06-11T23:59:59.999999999+01:00,PROSPECTUS,19,1,,
12888,2892090000000,500.0,Fruta,Manga Avião,1 un=500 gr (aprox.),2.0,3.99,0,,€/Kg,,,https://driveimg1.intermarche.com/pt/Content/images/boitmal/produit/zoom/A3E5B8447376E0E91C2C4BB7B1444B76.jpg,https://driveimg1.intermarche.com/pt/Content/images/boitmal/produit/zoom/842EA0C904154D230A3A6F63A245D264.jpg,,,2025-06-11T23:59:59.999999999+01:00,PROSPECTUS,19,1,,
13262,2893247000000,200.0,Peixaria,Sardinha Fresca,1 un = 200 gr (aprox.),0.85,4.25,0,,€/Kg,,,https://driveimg1.intermarche.com/pt/Content/images/boitmal/produit/zoom/66B3AFDFB78EAEB8A16C084E7A27E749.jpg,,,,2025-06-11T23:59:59.999999999+01:00,PROSPECTUS,19,1,,
14198,5604260273683,800.0,PorSi,Bolacha tostada,Embalagem de 800g,1.69,2.11,0,kg,€/Kg,,,https://driveimg1.intermarche.com/pt/Content/images/boitmal/produit/zoom/B2D5FAAB4BD35CE24623ED7F165261C0.jpg,,,,2025-06-11T23:59:59.999999999+01:00,PROSPECTUS,19,1,,
14862,2696029000000,70.0,Padaria,Carcaça Rústica 70 g,,0.2,2.86,0,kg,€/Kg,,,https://driveimg1.intermarche.com/pt/Content/images/boitmal/produit/zoom/6A03940B6FE85C788180114F1E701715.jpg,,,,2025-06-11T23:59:59.999999999+01:00,PROSPECTUS,19,1,,
24838,5601164903722,7500.0,Super Bock,"Cerveja com álcool, pack 30 x 0.25 l",,14.49,1.93,7500,L,€/L,,,https://driveimg1.intermarche.com/pt/Content/images/boitmal/produit/zoom/F70F225DD8BCAD2EFB4E63DAAFD05BBF.jpg,,,,2025-06-11T23:59:59.999999999+01:00,PROSPECTUS,19,1,,
34875,5604260285457,1500.0,PorSi,Maçã golden categoria II Programa Origens,Embalagem de 1.5 kg,1.89,1.26,0,kg,€/Kg,,,https://driveimg1.intermarche.com/pt/Content/images/boitmal/produit/zoom/56695A5FACFB945E46B511CB21214202.jpg,,,,2025-06-11T23:59:59.999999999+01:00,PROSPECTUS,19,1,,
42152,5604260309009,200.0,PorSi,Tiras de bacon fumado,Embalagem de 2 x 100 g,1.79,8.95,0,kg,€/Kg,,,https://driveimg1.intermarche.com/pt/Content/images/boitmal/produit/zoom/370FF2BC2013B8923987037050A2F519.jpg,,,,2025-06-11T23:59:59.999999999+01:00,PROSPECTUS,19,1,,
5096,5601050026429,300.0,Danonino Danone,"Queijinho danonino petitdino de morango/banana, embalagem de 6 x 50g",,1.99,6.63,0,kg,€/Kg,,,https://driveimg1.intermarche.com/pt/Content/images/boitmal/produit/zoom/FA8D1A9125B498992C62B9745CC5DD3D.jpg,,,,2025-06-11T23:59:59.999999999+01:00,PROSPECTUS,19,1,,
51781,5604260327652,1000.0,PorSi,"Iogurte liquido morango,  1 kg",,1.59,1.59,0,kg,€/Kg,,,https://driveimg1.intermarche.com/pt/Content/images/boitmal/produit/zoom/CC88AAD4451E8700447A902943123884.jpg,,,,2025-06-11T23:59:59.999999999+01:00,PROSPECTUS,19,1,,
8388,5601049152993,1000.0,Mimosa,"Leite especial cálcio + vitamina d m/g, de 1l",,1.0,1.0,1000,L,€/L,,,https://driveimg1.intermarche.com/pt/Content/images/boitmal/produit/zoom/AE995344CF7D57F674EA8EE465C57CA4.jpg,,,,2025-06-11T23:59:59.999999999+01:00,PROSPECTUS,19,1,,
1188,5601119007970,200.0,Nobre,"Salsichas de porco, lata de 200g",,1.39,6.95,0,kg,€/Kg,,,https://driveimg1.intermarche.com/pt/Content/images/boitmal/produit/zoom/F480FC52D56464F3C1B867155F4A37B9.jpg,,,,2025-06-11T23:59:59.999999999+01:00,PROSPECTUS,19,1,,
11923,5603089001354,200.0,Parmalat,"Natas uht com cogumelos, embalagem de 200 ml",,1.05,5.25,200,L,€/L,,,https://driveimg1.intermarche.com/pt/Content/images/boitmal/produit/zoom/7656C24D7DAFA0C6E3337C6F803E6E46.jpg,,,,2025-06-11T23:59:59.999999999+01:00,PROSPECTUS,19,1,,
1270,5601151023150,500.0,Compal,"Polpa de tomate com cebola e alho, embalagem de 500g",,1.49,2.98,0,kg,€/Kg,,,https://driveimg1.intermarche.com/pt/Content/images/boitmal/produit/zoom/195ABA90C0C8B2FE1D9EE0202B59D28C.jpg,,,,2025-06-11T23:59:59.999999999+01:00,PROSPECTUS,19,1,,
13625,2893620000000,300.0,Peixaria,Salmão de viveiro à posta,1 un. = 300 g (aprox.),3.6,11.99,0,,€/Kg,,,https://driveimg1.intermarche.com/pt/Content/images/boitmal/produit/zoom/A170DAF9DE78983CFA7E8DD1EFE6A371.jpg,,,,2025-06-11T23:59:59.999999999+01:00,PROSPECTUS,19,1,,
14903,2892152000000,250.0,Fruta,Alperce,Vendido a partir de 250 gr,0.75,2.99,0,,€/Kg,,,https://driveimg1.intermarche.com/pt/Content/images/boitmal/produit/zoom/48C77A4910DEACBCDF01D24B88EFD40C.jpg,,,,2025-06-11T23:59:59.999999999+01:00,PROSPECTUS,19,1,,
18296,5604260278428,640.0,PorSi,"Iogurte líquido pinacolada,  4 x 160 g",,1.29,2.02,0,kg,€/Kg,,,https://driveimg1.intermarche.com/pt/Content/images/boitmal/produit/zoom/18CCE0A2A676FEB83BAB491960F20E9E.jpg,,,,2025-06-11T23:59:59.999999999+01:00,PROSPECTUS,19,1,,
18298,5604260278459,640.0,PorSi,"Iogurte líquido morango,  4 x 160 g",,1.29,2.02,0,kg,€/Kg,,,https://driveimg1.intermarche.com/pt/Content/images/boitmal/produit/zoom/5AA15072FFE4E6E4A9DFE7A08632C5BC.jpg,,,,2025-06-11T23:59:59.999999999+01:00,PROSPECTUS,19,1,,
20202,5601151976456,1000.0,Frize,"Água com gás limão/pepino/gengibre, pack 4 x 0.25 l",,2.09,2.09,1000,L,€/L,,,https://driveimg1.intermarche.com/pt/Content/images/boitmal/produit/zoom/8CC607BECDA933771553297655559077.jpg,,,,2025-06-11T23:59:59.999999999+01:00,PROSPECTUS,19,1,,
20939,5602125000344,300.0,Legumes,Cogumelo Portobello Pequeno,embalagem de 300 g,1.69,5.63,0,kg,€/Kg,,,https://driveimg1.intermarche.com/pt/Content/images/boitmal/produit/zoom/498EFA86C0C334205FFF2827730CD254.jpg,,,,2025-06-11T23:59:59.999999999+01:00,PROSPECTUS,19,1,,
40363,5605378200042,500.0,Legumes,Cebolinha,Embalagem de 500 g,1.39,2.78,0,kg,€/Kg,,,https://driveimg1.intermarche.com/pt/Content/images/boitmal/produit/zoom/2613FBE015EC64C03F4B8952DC8F4B8C.jpg,,,,2025-06-11T23:59:59.999999999+01:00,PROSPECTUS,19,1,,
4947,5449000054227,1000.0,Coca-Cola,"Refrigerante com Gás Cola, 1L",,1.35,1.35,1000,L,€/L,,,https://driveimg1.intermarche.com/pt/Content/images/boitmal/produit/zoom/3281D4D34500D6DBD7784B7DAA420E55.jpg,,,,2025-06-11T23:59:59.999999999+01:00,PROSPECTUS,19,1,,
52767,5604260331413,410.0,PorSi,Pizza Atum e Bacon em Forno de Pedra,Embalagem de 410g,2.52,6.15,0,kg,€/Kg,,,https://driveimg1.intermarche.com/pt/Content/images/boitmal/produit/zoom/9E9D5B2F0315729FE8E3D46FFAEC5366.jpg,,,,2025-06-11T23:59:59.999999999+01:00,PROSPECTUS,19,1,,
54908,8720181468452,720.0,Dove,"Gel De Banho Silky Velvet, 720ml",,4.79,6.65,720,L,€/L,,,https://driveimg1.intermarche.com/pt/Content/images/boitmal/produit/zoom/B4B8973AC1CFAE2318D36A45878739E2.jpg,,,,2025-06-11T23:59:59.999999999+01:00,PROSPECTUS,19,1,,
8400,5601050033779,620.0,Danone,"Iogurte activia líquido cereais, embalagem de 4 x 155 g",,1.99,3.21,0,kg,€/Kg,,,https://driveimg1.intermarche.com/pt/Content/images/boitmal/produit/zoom/3AC3707CF655B8CC61D2C80E4828D7C8.jpg,,,,2025-06-11T23:59:59.999999999+01:00,PROSPECTUS,19,1,,
8413,8410500008932,600.0,Danone,"Actimel iogurte líquido de morango, de 6 x 100g",,2.99,4.98,0,kg,€/Kg,,,https://driveimg1.intermarche.com/pt/Content/images/boitmal/produit/zoom/F5F985DE2C1FEBCCE4ED6002098F416C.jpg,,,,2025-06-11T23:59:59.999999999+01:00,PROSPECTUS,19,1,,
9279,5603533652002,1000.0,Frize,"Água com gás limão, pack 4 x 0.25 l",,2.09,2.09,1000,L,€/L,,,https://driveimg1.intermarche.com/pt/Content/images/boitmal/produit/zoom/11B7A1FE3C8011649267813E9487639D.jpg,,,,2025-06-11T23:59:59.999999999+01:00,PROSPECTUS,19,1,,
931,5601001228100,300.0,Nestum,Nestum flocos de cereais com mel,Embalagem de 300g,2.24,7.47,0,kg,€/Kg,,,https://driveimg1.intermarche.com/pt/Content/images/boitmal/produit/zoom/82B368094FF4C269D04DE75FB30D7775.jpg,,,,2025-06-11T23:59:59.999999999+01:00,PROSPECTUS,19,1,,
973,5601024105020,1000.0,Fula,Óleo alimentar,Embalagem 1L,1.99,1.99,1000,L,€/L,,,https://driveimg1.intermarche.com/pt/Content/images/boitmal/produit/zoom/322383F88535C8A24498724B92188318.jpg,,,,2025-06-11T23:59:59.999999999+01:00,PROSPECTUS,19,1,,
978,5601024134136,750.0,Oliveira da Serra,Azeite,Embalagem de 750 ml,3.99,5.32,750,L,€/L,,,https://driveimg1.intermarche.com/pt/Content/images/boitmal/produit/zoom/9CC9A85673AA0BF0B09481F106398AA6.jpg,,,,2025-06-11T23:59:59.999999999+01:00,PROSPECTUS,19,1,,
11466,5601018004605,200.0,Gresso,Nata uht para bater 200 ml,,0.85,4.25,200,L,€/L,,,https://driveimg1.intermarche.com/pt/Content/images/boitmal/produit/zoom/6D55411BE639B830632A68D20D002036.jpg,,,,2025-06-11T23:59:59.999999999+01:00,PROSPECTUS,19,1,,
11501,5601049612084,125.0,Mimosa,"Manteiga com sal, embalagem de 130g",,1.39,11.12,0,kg,€/Kg,,,https://driveimg1.intermarche.com/pt/Content/images/boitmal/produit/zoom/C0A3DF0B7623AAEE8B7C1B9626AECDDA.jpg,https://driveimg1.intermarche.com/pt/Content/images/boitmal/produit/zoom/1207D37BB442FDD5C918BE023189F00C.jpg,,,2025-06-11T23:59:59.999999999+01:00,PROSPECTUS,19,1,,
1191,5601119009660,180.0,Nobre,"Mini salsichas cocktail, lata de 180g",,1.79,9.94,0,kg,€/Kg,,,https://driveimg1.intermarche.com/pt/Content/images/boitmal/produit/zoom/FEBC979069AC159E9B8E5F8DD02E763D.jpg,,,,2025-06-11T23:59:59.999999999+01:00,PROSPECTUS,19,1,,
12299,8003520013064,300.0,Palmolive,"Sabonete líquido de leite de amêndoas, recarga, 300 ml",,1.79,5.97,300,L,€/L,,,https://driveimg1.intermarche.com/pt/Content/images/boitmal/produit/zoom/35D2E48138CCA33503CE2D19DC83E44D.jpg,,,,2025-06-11T23:59:59.999999999+01:00,PROSPECTUS,19,1,,
13095,2893071000000,100.0,Peixaria,Carapau Pequeno,1 un = 100 g (aprox.),0.35,3.49,0,,€/Kg,,,https://driveimg1.intermarche.com/pt/Content/images/boitmal/produit/zoom/07606BE143D22CF4796A63CA9C752E5B.jpg,,,,2025-06-11T23:59:59.999999999+01:00,PROSPECTUS,19,1,,
13602,2893597000000,500.0,Peixaria,Pescada Média Argentina Congelada,+ de 500 g,2.0,3.99,0,,€/Kg,,Avantages !,https://driveimg1.intermarche.com/pt/Content/images/boitmal/produit/zoom/0D3A6A42D4C22CDA932A00A286926BF6.jpg,,,,2025-06-11T23:59:59.999999999+01:00,PROSPECTUS,19,1,,
13990,2696200000000,,Pastelaria,Folhado de salsichas,1 unidade = 110 g,0.99,0.99,0,,€/Unidade,,,https://driveimg1.intermarche.com/pt/Content/images/boitmal/produit/zoom/4DCF72DC736051BE772FEB48C9B7E455.jpg,,,,2025-06-11T23:59:59.999999999+01:00,PROSPECTUS,19,1,,
1427,5601255322128,1000.0,Caçarola,"Arroz agulha, embalagem de 1 kg",,1.35,1.35,0,kg,€/Kg,,,https://driveimg1.intermarche.com/pt/Content/images/boitmal/produit/zoom/5909BD82C9A83624AB1295F48ED2D005.jpg,,,,2025-06-11T23:59:59.999999999+01:00,PROSPECTUS,19,1,,
14545,5606293100295,100.0,Vitacress,"Salada aromática, embalagem de 100 g",,1.69,16.9,0,kg,€/Kg,,,https://driveimg1.intermarche.com/pt/Content/images/boitmal/produit/zoom/8B774925D3C426E499C84729B9F86DF2.jpg,,,,2025-06-11T23:59:59.999999999+01:00,PROSPECTUS,19,1,,
14641,5603722513879,1500.0,Pleno,"Tisana de chá verde/limão light, de 1,5 l",,1.59,1.06,1500,L,€/L,,,https://driveimg1.intermarche.com/pt/Content/images/boitmal/produit/zoom/F6BF791EA11EAC23396FF6DFA2CA04B8.jpg,,,,2025-06-11T23:59:59.999999999+01:00,PROSPECTUS,19,1,,
19607,7613035376625,90.0,Nestlé,Fruta para bebé maçã banana aveia +6 meses,Embalagem de 90g,0.65,7.22,0,kg,€/Kg,,,https://driveimg1.intermarche.com/pt/Content/images/boitmal/produit/zoom/63EF160EDC28D2A349A30B7555DC57D7.jpg,,,,2025-06-11T23:59:59.999999999+01:00,PROSPECTUS,19,1,,
20918,5000116110964,840.0,Capitão Iglo,"30 douradinhos, embalagem de 840g",,8.99,10.7,0,kg,€/Kg,,Tipo de stockagem,https://driveimg1.intermarche.com/pt/Content/images/boitmal/produit/zoom/3C52B0905F2F1ACE3D67359B13FE0331.jpg,,,,2025-06-11T23:59:59.999999999+01:00,PROSPECTUS,19,1,,
21767,7613035487871,90.0,Nestlé,"Fruta para bebé multifrutas +4 meses, embalagem de 90g",,0.65,7.22,0,kg,€/Kg,,,https://driveimg1.intermarche.com/pt/Content/images/boitmal/produit/zoom/1B1A7DCEC52C23E2760C4FE3A24A75EE.jpg,,,,2025-06-11T23:59:59.999999999+01:00,PROSPECTUS,19,1,,
23469,8410500020453,280.0,Danone,"Danonino para levar, polpa de morango, embalagem de 4 x 70 g",,2.19,7.82,0,kg,€/Kg,,,https://driveimg1.intermarche.com/pt/Content/images/boitmal/produit/zoom/3E7A122EA567C89446D113FF66BFA0AE.jpg,,,,2025-06-11T23:59:59.999999999+01:00,PROSPECTUS,19,1,,
24411,8410436297752,1300.0,Sonasol,"Lava tudo rosas e jasmim, 1,3l",,2.09,1.61,1300,L,€/L,,,https://driveimg1.intermarche.com/pt/Content/images/boitmal/produit/zoom/A8DAC5F038BB6C2FB23FB3C7F35CC590.jpg,,,,2025-06-11T23:59:59.999999999+01:00,PROSPECTUS,19,1,,
25054,5603722516597,480.0,Mimosa,"Iogurte magro + gelatina morango, embalagem de 4 x 120g",,1.69,3.52,0,kg,€/Kg,,,https://driveimg1.intermarche.com/pt/Content/images/boitmal/produit/zoom/DAE62B86085E7357EAC285F9FA275047.jpg,,,,2025-06-11T23:59:59.999999999+01:00,PROSPECTUS,19,1,,
28609,5604260282951,55.0,PorSi,Café em cápsulas ristreto,Embalagem de 55g,2.29,41.64,0,kg,€/Kg,,,https://driveimg1.intermarche.com/pt/Content/images/boitmal/produit/zoom/98A2B27B97561600F2789C49300E14CC.jpg,,,,2025-06-11T23:59:59.999999999+01:00,PROSPECTUS,19,1,,
29613,5604260283538,1000.0,PorSi Viva Bem,Bebida de Aveia,1 l,0.99,0.99,1000,L,€/L,,,https://driveimg1.intermarche.com/pt/Content/images/boitmal/produit/zoom/1EE40BC1DA49C5CE3D084214B1D3D3B9.jpg,,,,2025-06-11T23:59:59.999999999+01:00,PROSPECTUS,19,1,,
29738,8410436324533,1300.0,Sonasol,"Lava Tudo Flores Montanha, 1.3 l",,2.09,1.61,1300,L,€/L,,,https://driveimg1.intermarche.com/pt/Content/images/boitmal/produit/zoom/13FBFB2C777E7C44B0340328520A2D41.jpg,,,,2025-06-11T23:59:59.999999999+01:00,PROSPECTUS,19,1,,
34877,5604260285464,1500.0,PorSi,Maçã royal gala categoria II Programa Origens,Embalagem de 1.5 kg,1.89,1.26,0,kg,€/Kg,,,https://driveimg1.intermarche.com/pt/Content/images/boitmal/produit/zoom/F091E3663EBAE6E7A8981702DFBCC609.jpg,,,,2025-06-11T23:59:59.999999999+01:00,PROSPECTUS,19,1,,
37923,5604260300990,1000.0,PorSi Viva Bem,Bebida de Amêndoa,1 litro,1.09,1.09,1000,L,€/L,,,https://driveimg1.intermarche.com/pt/Content/images/boitmal/produit/zoom/74B05726BD16B03D5A528D4778757940.jpg,,,,2025-06-11T23:59:59.999999999+01:00,PROSPECTUS,19,1,,
405,8712566410910,275.0,Calvé,"Ketchup, embalagem de 275g",,1.48,5.38,0,kg,€/Kg,,,https://driveimg1.intermarche.com/pt/Content/images/boitmal/produit/zoom/9E63EED4B27A252289B8979C188F5B40.jpg,https://driveimg1.intermarche.com/pt/Content/images/boitmal/produit/zoom/0D7B165FF00CA45BD8F6AC077E3CA1EC.jpg,https://driveimg1.intermarche.com/pt/Content/images/boitmal/produit/zoom/0D7B165FF00CA45BD8F6AC077E3CA1EC.jpg,https://driveimg1.intermarche.com/pt/Content/images/boitmal/produit/zoom/0D7B165FF00CA45BD8F6AC077E3CA1EC.jpg,2025-06-11T23:59:59.999999999+01:00,PROSPECTUS,19,1,,
41299,5601050036565,440.0,Danone,"Iogurte oikos maracujá, embalagem de 4 x 110g",,1.99,4.52,0,kg,€/Kg,,,https://driveimg1.intermarche.com/pt/Content/images/boitmal/produit/zoom/29553156A2F0422FEBEDFC7E0CF7883D.jpg,,,,2025-06-11T23:59:59.999999999+01:00,PROSPECTUS,19,1,,
43215,5603722519802,300.0,Castelões,"Queijo curado fatias sem lactose, 2x150g",,3.49,11.63,0,kg,€/Kg,,,https://driveimg1.intermarche.com/pt/Content/images/boitmal/produit/zoom/00AFD4E031A3F72FB642915439BD8EFE.jpg,,,,2025-06-11T23:59:59.999999999+01:00,PROSPECTUS,19,1,,
438,8722700140139,20.0,Lipton,"20 saquetas infusão de cidreira, embalagem de 20g",,1.49,74.5,0,kg,€/Kg,,,https://driveimg1.intermarche.com/pt/Content/images/boitmal/produit/zoom/75772B648D442A3C0BB5D4E8A4601B76.jpg,,,,2025-06-11T23:59:59.999999999+01:00,PROSPECTUS,19,1,,
45380,5601050036954,620.0,Danone,"Iogurte magro corpos danone líquido frutos tropicais, 4 x 155 g",,1.89,3.05,0,kg,€/Kg,,,https://driveimg1.intermarche.com/pt/Content/images/boitmal/produit/zoom/231284A4A018EB1BDB97D1E53DC7ECFE.jpg,,,,2025-06-11T23:59:59.999999999+01:00,PROSPECTUS,19,1,,
46228,7613287530813,300.0,Nestlé,Cereais chocolate,Embalagem de 300g,2.14,7.13,0,kg,€/Kg,,,https://driveimg1.intermarche.com/pt/Content/images/boitmal/produit/zoom/F97E591C38F55CB2175E550B1869F227.jpg,,,,2025-06-11T23:59:59.999999999+01:00,PROSPECTUS,19,1,,
47636,8412600018323,300.0,Bimbo,Bimbo® bagels sementes 4 un.,Embalagem de 300g,2.34,7.8,0,kg,€/Kg,,,https://driveimg1.intermarche.com/pt/Content/images/boitmal/produit/zoom/BF6C29E8954E6CC8FE9F7A9ADC699919.jpg,,,,2025-06-11T23:59:59.999999999+01:00,PROSPECTUS,19,1,,
48426,4005900845702,50.0,Nivea Men,"Desodorizante roll on cool kick, 50 ml",,2.69,53.8,50,L,€/L,,,https://driveimg1.intermarche.com/pt/Content/images/boitmal/produit/zoom/9A906FA410C547B80F0C3BC1C3C86CB6.jpg,,,,2025-06-11T23:59:59.999999999+01:00,PROSPECTUS,19,1,,
49767,5601151969106,1000.0,Frize,"Água com gás ananás, pack 4 x 0.25 l",,2.09,2.09,1000,L,€/L,,,https://driveimg1.intermarche.com/pt/Content/images/boitmal/produit/zoom/894FBD4D289713EED7DB570E33675A74.jpg,,,,2025-06-11T23:59:59.999999999+01:00,PROSPECTUS,19,1,,
5036,5601028012164,,Renova,"Papel higiénico compacto, extra xxl, 6 rolos",Uma embalagem,2.96,2.96,0,,€/Unidade,,,https://driveimg1.intermarche.com/pt/Content/images/boitmal/produit/zoom/9367736D84791631B6A81B574D2BBA50.jpg,https://driveimg1.intermarche.com/pt/Content/images/boitmal/produit/zoom/1F9398A5B85712D9E30015F112CCAF6E.jpg,https://driveimg1.intermarche.com/pt/Content/images/boitmal/produit/zoom/84ED764CBC37072F87BD089140194A37.jpg,,2025-06-11T23:59:59.999999999+01:00,PROSPECTUS,19,1,,
51279,5602348103709,650.0,Izidoro,"Salsicha aves 9 unidades izidoro, embalagem de 360g",,2.84,4.37,0,kg,€/Kg,,,https://driveimg1.intermarche.com/pt/Content/images/boitmal/produit/zoom/6B9158791C3A03CA7863EA4B794B6564.jpg,,,,2025-06-11T23:59:59.999999999+01:00,PROSPECTUS,19,1,,
52766,5604260331406,380.0,PorSi,Pizza 4 Queijos em Forno de Pedra,Embalagem de 380g,2.65,6.97,0,kg,€/Kg,,,https://driveimg1.intermarche.com/pt/Content/images/boitmal/produit/zoom/5E1EA1405D60B451233CAD21DBFCF0CA.jpg,,,,2025-06-11T23:59:59.999999999+01:00,PROSPECTUS,19,1,,
52934,5603722522550,600.0,Agros,"Bebida láctea café, 3 x 200ml",,1.85,3.08,600,L,€/L,,,https://driveimg1.intermarche.com/pt/Content/images/boitmal/produit/zoom/933624CF1FEE0BDFC20D8185815B8800.jpg,,,,2025-06-11T23:59:59.999999999+01:00,PROSPECTUS,19,1,,
54278,3600542572149,400.0,Garnier,"Amaciador Ultra Suave Água de Arroz, 400ml",,3.79,9.48,400,L,€/L,,,https://driveimg1.intermarche.com/pt/Content/images/boitmal/produit/zoom/A86CED3E0B61626CE5D60EEC23668E3A.jpg,https://driveimg1.intermarche.com/pt/Content/images/boitmal/produit/zoom/32BA9B6F3920F2215322EF0E0FE99C85.jpg,,,2025-06-11T23:59:59.999999999+01:00,PROSPECTUS,19,2,,
54524,8720181510038,1000.0,Vaseline,"Gel de Banho Derma Care, 1L",,3.94,3.94,1000,L,€/L,,,https://driveimg1.intermarche.com/pt/Content/images/boitmal/produit/zoom/A5C816DAC9EF50E8B6CE349A163065C8.jpg,,,,2025-06-11T23:59:59.999999999+01:00,PROSPECTUS,19,2,,
54539,8700216236669,,Fairy,"Detergente Máquina Loiça Pastilhas Platinum Plus Tudo em 1 Limão, 19D",,5.98,5.98,0,,€/Unidade,,,https://driveimg1.intermarche.com/pt/Content/images/boitmal/produit/zoom/8EF65916B83E06C892876A46E53055E1.jpg,,,,2025-06-11T23:59:59.999999999+01:00,PROSPECTUS,19,2,,
6061,5608527000562,5000.0,Dom Campos,"Vinho branco região da península de setúbal, bag in box",Garrafa de 5 l,7.99,1.6,5000,L,€/L,,,https://driveimg1.intermarche.com/pt/Content/images/boitmal/produit/zoom/BA44EC5E1422F4CEC2E3E732DF2E9AB6.jpg,,,,2025-06-11T23:59:59.999999999+01:00,PROSPECTUS,19,2,,
8391,5601049159992,1000.0,Mimosa,"Leite especial cálcio + vitamina d magro, de 1l",,1.0,1.0,1000,L,€/L,,,https://driveimg1.intermarche.com/pt/Content/images/boitmal/produit/zoom/22E6964D6A2F2B922BCB40BB341AE902.jpg,,,,2025-06-11T23:59:59.999999999+01:00,PROSPECTUS,19,2,,
8434,5601050033731,620.0,Danone,"Iogurte activia líquido 0% lima/limão, embalagem de 4 x 155g",,1.99,3.21,0,kg,€/Kg,,,https://driveimg1.intermarche.com/pt/Content/images/boitmal/produit/zoom/B41EA750EA9360556362913E488E9E4D.jpg,,,,2025-06-11T23:59:59.999999999+01:00,PROSPECTUS,19,2,,
10273,8410436240130,50.0,Sonasol,Bloco sanitário blue activ higiene,Embalagem de 50 g,1.98,39.6,0,kg,€/Kg,,,https://driveimg1.intermarche.com/pt/Content/images/boitmal/produit/zoom/030C25BBFC0551A8A26341A0DB18F1E8.jpg,,,,2025-06-11T23:59:59.999999999+01:00,PROSPECTUS,19,2,,
10702,8714789925349,75.0,Colgate,"Pasta dentífrica máxima proteção, fresca, embalagem de 75 ml",,1.99,26.53,75,L,€/L,,,https://driveimg1.intermarche.com/pt/Content/images/boitmal/produit/zoom/25ADA59A95A3FDAF86D88BFBC2F69BCB.jpg,,,,2025-06-11T23:59:59.999999999+01:00,PROSPECTUS,19,2,,
10849,2895261000000,250.0,Dom Pedro,Queijo meio gordo,Vendido ao peso a partir de 250 gr,2.5,9.99,0,,€/Kg,,,https://driveimg1.intermarche.com/pt/Content/images/boitmal/produit/zoom/2E32C351CB5E4755DE882B4BFEA56EE3.jpg,,,,2025-06-11T23:59:59.999999999+01:00,PROSPECTUS,19,2,,
11749,5601385504852,,Polident,"Pasta de limpeza com oxigénio activo, 48 unidades",Uma embalagem,4.49,4.49,0,,€/Unidade,,,https://driveimg1.intermarche.com/pt/Content/images/boitmal/produit/zoom/AF13A44C2E9C454AC1F7532003898135.jpg,,,,2025-06-11T23:59:59.999999999+01:00,PROSPECTUS,19,2,,
1187,5601119007963,120.0,Nobre,"6 salsichas de porco, lata de 120g",,1.04,8.67,0,kg,€/Kg,,,https://driveimg1.intermarche.com/pt/Content/images/boitmal/produit/zoom/024D21F90F760BFDC12CBD7EB02BECC6.jpg,,,,2025-06-11T23:59:59.999999999+01:00,PROSPECTUS,19,2,,
11930,5603089003679,200.0,Parmalat,"Nata uht carbonara, embalagem de 200 ml",,1.05,5.25,200,L,€/L,,,https://driveimg1.intermarche.com/pt/Content/images/boitmal/produit/zoom/1933ECF81D43BC98B904C36872874CA5.jpg,,,,2025-06-11T23:59:59.999999999+01:00,PROSPECTUS,19,2,,
11942,5603533492202,1000.0,Frize,"Água com gás groselha, pack 4 x 0.25 l",,2.09,2.09,1000,L,€/L,,,https://driveimg1.intermarche.com/pt/Content/images/boitmal/produit/zoom/9F272D120CD1620A52E8FDFD1398797A.jpg,,,,2025-06-11T23:59:59.999999999+01:00,PROSPECTUS,19,2,,
1281,5601151136140,1000.0,Compal,"Nectar vital equilibrio ananásemcoco, embalagem de 1l",,1.49,1.49,1000,L,€/L,,,https://driveimg1.intermarche.com/pt/Content/images/boitmal/produit/zoom/8767C13FE6BC314E1156E753BCDBEE55.jpg,,,,2025-06-11T23:59:59.999999999+01:00,PROSPECTUS,19,2,,
12990,2892510000000,250.0,Legumes,Beterraba sem Rama,1 un=250 gr (aprox.),0.37,1.49,0,,€/Kg,,,https://driveimg1.intermarche.com/pt/Content/images/boitmal/produit/zoom/FE38D0A0EDE44D01AA1FA1361EAB5312.jpg,,,,2025-06-11T23:59:59.999999999+01:00,PROSPECTUS,19,2,,
1300,5601151653456,1000.0,Compal,"Néctar vital equilibrio laranja/maracujá, embalagem de 1l",,1.49,1.49,1000,L,€/L,,,https://driveimg1.intermarche.com/pt/Content/images/boitmal/produit/zoom/66D7AD0BA2BE04FFDAEDA995E24E80A5.jpg,,,,2025-06-11T23:59:59.999999999+01:00,PROSPECTUS,19,2,,
1305,5601151862155,500.0,Compal,Polpa de tomate 500g,,1.19,2.38,0,kg,€/Kg,,,https://driveimg1.intermarche.com/pt/Content/images/boitmal/produit/zoom/D9FD9B4F4905971874C5E4127C57C62E.jpg,,,,2025-06-11T23:59:59.999999999+01:00,PROSPECTUS,19,2,,
1307,5601151962152,1000.0,Compal,"Polpa de tomate, embalagem de 1 kg",,1.99,1.99,0,kg,€/Kg,,,https://driveimg1.intermarche.com/pt/Content/images/boitmal/produit/zoom/7F25D2B47A4922FBF9D4F475FD193D2F.jpg,,,,2025-06-11T23:59:59.999999999+01:00,PROSPECTUS,19,2,,
1310,5601151979969,140.0,Compal,"Compal da horta concentrado tomate, embalagem de 140g",,0.99,7.07,0,kg,€/Kg,,,https://driveimg1.intermarche.com/pt/Content/images/boitmal/produit/zoom/AFB213C2AE47899B42B45E2988A779B7.jpg,,,,2025-06-11T23:59:59.999999999+01:00,PROSPECTUS,19,2,,
13566,2893560000000,250.0,Congelado de Aquicultura,Camarão Congelado 20/30,1 un = 250 gr  (aprox.),2.5,9.99,0,,€/Kg,,Avantages !,https://driveimg1.intermarche.com/pt/Content/images/boitmal/produit/zoom/863DB9F10BE616A55736AB7A17BC6BB5.jpg,,,,2025-06-11T23:59:59.999999999+01:00,PROSPECTUS,19,2,,
14202,5604260273942,500.0,PorSi,Pao brioche fatiado,Embalagem 500G,2.79,5.58,0,kg,€/Kg,,,https://driveimg1.intermarche.com/pt/Content/images/boitmal/produit/zoom/DC79C0DA633B2DF5CA7AC0982CBE9A64.jpg,,,,2025-06-11T23:59:59.999999999+01:00,PROSPECTUS,19,2,,
14275,8411800376950,1500.0,Trina,"Refrigerante sem gás frutos tropicais, garrafa de 1,5 l",,1.76,1.17,1500,L,€/L,,,https://driveimg1.intermarche.com/pt/Content/images/boitmal/produit/zoom/A2EF24E638786185FA4E5BE9EC56BB2E.jpg,,,,2025-06-11T23:59:59.999999999+01:00,PROSPECTUS,19,2,,
14302,5000116109104,500.0,Iglo,"Ervilhas primavera, embalagem de 500g",,2.98,5.96,0,kg,€/Kg,,Tipo de stockagem,https://driveimg1.intermarche.com/pt/Content/images/boitmal/produit/zoom/331AE4FF3620F211D8048BD43B1F93FF.jpg,,,,2025-06-11T23:59:59.999999999+01:00,PROSPECTUS,19,2,,
14340,3387390326291,141.0,Nestlé,"Barras fitness com morango, embalagem de 140g",,2.39,16.95,0,kg,€/Kg,,,https://driveimg1.intermarche.com/pt/Content/images/boitmal/produit/zoom/3A9BF700A100B0328316208A3B97640F.jpg,,,,2025-06-11T23:59:59.999999999+01:00,PROSPECTUS,19,2,,
14684,0000080177173,350.0,Nutella,"Creme para barrar de avelãs e cacau, embalagem de 350g",,2.99,8.54,0,kg,€/Kg,,,https://driveimg1.intermarche.com/pt/Content/images/boitmal/produit/zoom/3F068C295F3B09B89A4B75830D497BA1.jpg,,,,2025-06-11T23:59:59.999999999+01:00,PROSPECTUS,19,2,,
14950,2891247000000,100.0,Peru,Peru Costeletas,1 un = 100 gr (aprox.),0.38,3.79,0,,€/Kg,,,https://driveimg1.intermarche.com/pt/Content/images/boitmal/produit/zoom/5B1BD8BC73E46B1A5046441E54C2F5BD.jpg,,,,2025-06-11T23:59:59.999999999+01:00,PROSPECTUS,19,2,,
15052,2892600000000,200.0,Legumes,Tomate Alongado,1 un = 200 gr (aprox.),0.3,1.49,0,,€/Kg,,,https://driveimg1.intermarche.com/pt/Content/images/boitmal/produit/zoom/38D21D4EBC59DA4208AABB9D11AF0901.jpg,,,,2025-06-11T23:59:59.999999999+01:00,PROSPECTUS,19,2,,
15886,5601027003859,210.0,Manhãzitos,Manhãzitos original,Embalagem 6x2 unidades,2.44,11.62,0,kg,€/Kg,,,https://driveimg1.intermarche.com/pt/Content/images/boitmal/produit/zoom/E3BD264A0F36C19CDFE09BE15A0F5910.jpg,,,,2025-06-11T23:59:59.999999999+01:00,PROSPECTUS,19,2,,
17150,8436048440416,120.0,Artiach,"Bolacha infantil dinossaurus mini chocolate, 120g",,1.49,12.42,0,kg,€/Kg,,,https://driveimg1.intermarche.com/pt/Content/images/boitmal/produit/zoom/CC8423CB8DDD3F032D5216356FFB1237.jpg,,,,2025-06-11T23:59:59.999999999+01:00,PROSPECTUS,19,2,,
17665,8712100745591,754.0,Calvé,"Maionese top down, embalagem de 753 g",,3.49,4.63,0,kg,€/Kg,,,https://driveimg1.intermarche.com/pt/Content/images/boitmal/produit/zoom/C6F00A8AA4D7D21E56D34CFA61170423.jpg,,,,2025-06-11T23:59:59.999999999+01:00,PROSPECTUS,19,2,,
18083,5601008200017,258.0,Vieira,Bolacha digestive aveia 258g,,1.84,7.13,0,kg,€/Kg,,,https://driveimg1.intermarche.com/pt/Content/images/boitmal/produit/zoom/74BF051807707504BF4C099005DC7DC3.jpg,,,,2025-06-11T23:59:59.999999999+01:00,PROSPECTUS,19,2,,
18084,5601008100539,300.0,Vieira,"Bolacha maria doces, embalagem de 300g",,2.09,6.97,0,kg,€/Kg,,,https://driveimg1.intermarche.com/pt/Content/images/boitmal/produit/zoom/D2F14C3854C93614A1A86C670F377C2D.jpg,,,,2025-06-11T23:59:59.999999999+01:00,PROSPECTUS,19,2,,
18426,3600541887817,400.0,Garnier,Champô Ultra Suave Delicias de Aveia,Embalagem de 400 ml,3.79,9.48,400,L,€/L,,,https://driveimg1.intermarche.com/pt/Content/images/boitmal/produit/zoom/FB3520AB0507187656A408B0D650CF4F.jpg,,,,2025-06-11T23:59:59.999999999+01:00,PROSPECTUS,19,2,,
19940,7613035619456,300.0,Nestlé,Granola aveia fitness mel,Embalagem de 300g,3.29,10.97,0,kg,€/Kg,,,https://driveimg1.intermarche.com/pt/Content/images/boitmal/produit/zoom/EAEAF515FE565B8F35270BCD3427077E.jpg,,,,2025-06-11T23:59:59.999999999+01:00,PROSPECTUS,19,2,,
2009,5604260127313,300.0,PorSi,20 mini rissóis de camarão,Embalagem de 300 g,2.29,7.63,0,kg,€/Kg,,Tipo de stockagem,https://driveimg1.intermarche.com/pt/Content/images/boitmal/produit/zoom/648D5FF2795BC9832AD06448AD4ED56B.jpg,,,,2025-06-11T23:59:59.999999999+01:00,PROSPECTUS,19,2,,
2010,5604260127320,300.0,PorSi,"Mini rissóis de carne, 20 unidades",Embalagem de 300 g,2.29,7.63,0,kg,€/Kg,,Tipo de stockagem,https://driveimg1.intermarche.com/pt/Content/images/boitmal/produit/zoom/42A54F6F1748C2ADE7D49FFEEA1280AC.jpg,,,,2025-06-11T23:59:59.999999999+01:00,PROSPECTUS,19,2,,
20620,7613031497126,375.0,Nestlé,"Cereais fitness chocolate preto, embalagem de 375g",,3.99,10.64,0,kg,€/Kg,,,https://driveimg1.intermarche.com/pt/Content/images/boitmal/produit/zoom/20CCA311279667ADD25FA01E9050F1D6.jpg,,,,2025-06-11T23:59:59.999999999+01:00,PROSPECTUS,19,2,,
21051,8435257034300,640.0,Nestlé,"Iogurte líquido yoggi, sem lactose, morango, embalagem de 4 x 160g",,2.19,3.42,0,kg,€/Kg,,,https://driveimg1.intermarche.com/pt/Content/images/boitmal/produit/zoom/D5CB31CBF064EE8A66067DB03B82499E.jpg,,,,2025-06-11T23:59:59.999999999+01:00,PROSPECTUS,19,2,,
22154,5603722514432,480.0,Mimosa,"Iogurte magro + gelatina framboesa, 4 x 120 g",,1.69,3.52,0,kg,€/Kg,,,https://driveimg1.intermarche.com/pt/Content/images/boitmal/produit/zoom/4B8FFB70093D642C712341C27C8C2BEC.jpg,,,,2025-06-11T23:59:59.999999999+01:00,PROSPECTUS,19,2,,
22155,5603722514418,480.0,Mimosa,"Iogurte magro + gelatina maracujá, embalagem de 4 x 120g",,1.69,3.52,0,kg,€/Kg,,,https://driveimg1.intermarche.com/pt/Content/images/boitmal/produit/zoom/B2A7B7AB3B93EF04DC4E40A9914CBC92.jpg,,,,2025-06-11T23:59:59.999999999+01:00,PROSPECTUS,19,2,,
22335,5000116110940,420.0,Capitão Iglo,"15 douradinhos, embalagem de 420g",,4.99,11.88,0,kg,€/Kg,,Tipo de stockagem,https://driveimg1.intermarche.com/pt/Content/images/boitmal/produit/zoom/3973A8C90F686ECB72E76C3B0A0492D4.jpg,,,,2025-06-11T23:59:59.999999999+01:00,PROSPECTUS,19,2,,
2279,5604260270095,55.0,PorSi,Café em cápsulas descafeinado,Embalagem de 55g,1.89,34.36,0,kg,€/Kg,,,https://driveimg1.intermarche.com/pt/Content/images/boitmal/produit/zoom/D26303CA655FAD23B73DEC3CCA6C621F.jpg,,,,2025-06-11T23:59:59.999999999+01:00,PROSPECTUS,19,2,,
23515,5600258596079,360.0,Feno,"Sabonete, embalagem de 4x90g",,3.33,9.25,0,kg,€/Kg,,,https://driveimg1.intermarche.com/pt/Content/images/boitmal/produit/zoom/7990DD6B57A8B1A02F5D528DA063FFFB.jpg,,,,2025-06-11T23:59:59.999999999+01:00,PROSPECTUS,19,2,,
24412,8410436297660,1300.0,Sonasol,"Lava tudo aloe vera e flores brancas, 1,3l",,2.09,1.61,1300,L,€/L,,,https://driveimg1.intermarche.com/pt/Content/images/boitmal/produit/zoom/1CF7718543DB6BCDD620E4F3293279BF.jpg,,,,2025-06-11T23:59:59.999999999+01:00,PROSPECTUS,19,2,,
24414,8410436297691,1300.0,Sonasol,"Lava tudo camomila e flor de laranjeira, 1,3l",,2.09,1.61,1300,L,€/L,,,https://driveimg1.intermarche.com/pt/Content/images/boitmal/produit/zoom/C67C521AD0B096D9F596A17B56363CA4.jpg,,,,2025-06-11T23:59:59.999999999+01:00,PROSPECTUS,19,2,,
2458,7613031423583,625.0,Nestlé,Cereais nesquik,Embalagem de 625g,3.24,5.18,0,kg,€/Kg,,,https://driveimg1.intermarche.com/pt/Content/images/boitmal/produit/zoom/154B8C74F4EECBF4F38F20B4618C4981.jpg,,,,2025-06-11T23:59:59.999999999+01:00,PROSPECTUS,19,2,,
24583,3600541946262,400.0,Fructis,Champô hidra caracóis,Embalagem de 400 ml,3.89,9.73,400,L,€/L,,,https://driveimg1.intermarche.com/pt/Content/images/boitmal/produit/zoom/F45C286B6B8330CEB5E45C88E611688B.jpg,,,,2025-06-11T23:59:59.999999999+01:00,PROSPECTUS,19,2,,
24594,3600550835809,50.0,Narta,"Desodorizante roll-on impecável, 50 ml",,2.39,47.8,50,L,€/L,,,https://driveimg1.intermarche.com/pt/Content/images/boitmal/produit/zoom/EED4B2BAC954892F98C714A7E44BD790.jpg,,,,2025-06-11T23:59:59.999999999+01:00,PROSPECTUS,19,2,,
24674,5604260281671,200.0,PorSi Viva Bem,Mini tortitas milho c/ sal,Embalagem de 200g,1.89,9.45,0,kg,€/Kg,,,https://driveimg1.intermarche.com/pt/Content/images/boitmal/produit/zoom/95EAC6B629D221A7E084588714F1135D.jpg,,,,2025-06-11T23:59:59.999999999+01:00,PROSPECTUS,19,2,,
2474,7613032408602,85.0,Purina Gourmet,"Comida húmida para gato vaca e frango, embalagem de 90g",,0.87,10.24,0,kg,€/Kg,,,https://driveimg1.intermarche.com/pt/Content/images/boitmal/produit/zoom/571C1A9D6D5EE4C101463565EC0CDDDE.jpg,,,,2025-06-11T23:59:59.999999999+01:00,PROSPECTUS,19,2,,
2508,7613033279430,2000.0,Friskies,Ração para gato adulto com atum e legumes selecionados,Embalagem de 2 kg,6.74,3.37,0,kg,€/Kg,,,https://driveimg1.intermarche.com/pt/Content/images/boitmal/produit/zoom/0F913FD1C5AA9D0E2034D5E2B4F52E67.jpg,,,,2025-06-11T23:59:59.999999999+01:00,PROSPECTUS,19,2,,
25275,5775345121578,700.0,Sunquick,Concentrado de laranja,Garrafa de 700 ml,5.19,7.41,700,L,€/L,,,https://driveimg1.intermarche.com/pt/Content/images/boitmal/produit/zoom/60CE4BBE254D671FC1E542A0A73849E2.jpg,,,,2025-06-11T23:59:59.999999999+01:00,PROSPECTUS,19,2,,
25338,3600542075350,400.0,Garnier,Condicionador Ultra Suave Leite de Coco e Macadâmia,Embalagem de 400 ml,3.79,9.48,400,L,€/L,,,https://driveimg1.intermarche.com/pt/Content/images/boitmal/produit/zoom/2F14B38993C3AECCDBAF4177D1E202C3.jpg,,,,2025-06-11T23:59:59.999999999+01:00,PROSPECTUS,19,2,,
26274,5601027002609,175.0,Bollycao,5 manhãzitos,Embalagem com 175 g,2.24,12.8,0,kg,€/Kg,,,https://driveimg1.intermarche.com/pt/Content/images/boitmal/produit/zoom/699653388328E6911C7212A499A4EF65.jpg,,,,2025-06-11T23:59:59.999999999+01:00,PROSPECTUS,19,2,,
2786,8410199150905,100.0,Cheetos,"Aperitivos rolitos, embalagem de 100g",,1.49,14.9,0,kg,€/Kg,,,https://driveimg1.intermarche.com/pt/Content/images/boitmal/produit/zoom/F470A36FD76D61EC69758C933CF291DA.jpg,,,,2025-06-11T23:59:59.999999999+01:00,PROSPECTUS,19,2,,
27893,3600542117937,400.0,Fructis,Champô Hidra Bomb Aloe Vera,Embalagem de 400 ml,3.89,9.73,400,L,€/L,,,https://driveimg1.intermarche.com/pt/Content/images/boitmal/produit/zoom/0B39F24315B17E1C33DCF22900D87031.jpg,,,,2025-06-11T23:59:59.999999999+01:00,PROSPECTUS,19,2,,
28061,2895093000000,1000.0,Milhafre,Queijo Curado Vaca Cremoso Ilha Terceira,1 un = 1 kg (aprox.),10.99,10.99,0,kg,€/Kg,,,https://driveimg1.intermarche.com/pt/Content/images/boitmal/produit/zoom/FDB1554A8220C7DD03C25D7A47079B19.jpg,,,,2025-06-11T23:59:59.999999999+01:00,PROSPECTUS,19,2,,
28062,5603722516764,150.0,Castelões,"Queijo sem lactose fatiado, 150g",,1.85,12.33,0,kg,€/Kg,,,https://driveimg1.intermarche.com/pt/Content/images/boitmal/produit/zoom/8EBB127CA4F30289FAEAD0130F803FFA.jpg,,,,2025-06-11T23:59:59.999999999+01:00,PROSPECTUS,19,2,,
282,0000080361497,85.0,Purina Gourmet,"Comida húmida para gato pedacinhos em molho com salmão, embalagem de 90g",,0.87,10.24,0,kg,€/Kg,,,https://driveimg1.intermarche.com/pt/Content/images/boitmal/produit/zoom/F3269BDBEA9617D986C45DC8EC354AB3.jpg,,,,2025-06-11T23:59:59.999999999+01:00,PROSPECTUS,19,2,,
28880,5602182360139,750.0,Monte da Ravasqueira,Vinho tinto regional alentejano superior,Garrafa de 750 ml,4.99,6.65,750,L,€/L,,,https://driveimg1.intermarche.com/pt/Content/images/boitmal/produit/zoom/6FF671489AD108ACE18CD76A49E812FC.jpg,,,,2025-06-11T23:59:59.999999999+01:00,PROSPECTUS,19,2,,
29356,8718951202856,500.0,Palmolive,"Gel de banho natural leite e mel, 500 ml",,2.69,5.38,500,L,€/L,,,https://driveimg1.intermarche.com/pt/Content/images/boitmal/produit/zoom/6CB5E843C7A08E2ECE1293E08A53478D.jpg,,,,2025-06-11T23:59:59.999999999+01:00,PROSPECTUS,19,2,,
30348,3600524029920,400.0,Elvive,Champô Hidra Hialurónico,400 ml,3.94,9.85,400,L,€/L,,,https://driveimg1.intermarche.com/pt/Content/images/boitmal/produit/zoom/00D7F464F5357E3A8D0AC719ED012FCF.jpg,,,,2025-06-11T23:59:59.999999999+01:00,PROSPECTUS,19,2,,
30414,4015400917304,480.0,Fairy,Detergente Liquido Loiça Original,480 ml,2.54,5.29,480,L,€/L,,,https://driveimg1.intermarche.com/pt/Content/images/boitmal/produit/zoom/BDA62A6B9333A70897E09AEAD0B62BBF.jpg,,,,2025-06-11T23:59:59.999999999+01:00,PROSPECTUS,19,2,,
32155,4005900547316,150.0,Nivea,"Desodorizante spray black & white invisible, 150 ml",,3.45,23.0,150,L,€/L,,,https://driveimg1.intermarche.com/pt/Content/images/boitmal/produit/zoom/99538E8BD4D7F8723E5754A0D789E622.jpg,,,,2025-06-11T23:59:59.999999999+01:00,PROSPECTUS,19,2,,
32402,4005900542557,50.0,Nivea,"Desodorizante roll on black & white invisible silky smooth, 50 ml",,3.14,62.8,50,L,€/L,,,https://driveimg1.intermarche.com/pt/Content/images/boitmal/produit/zoom/38BC337DF80EFF7BB0EAAC1C90FD7BD0.jpg,,,,2025-06-11T23:59:59.999999999+01:00,PROSPECTUS,19,2,,
35138,5603722517655,960.0,Mimosa,"Iogurte sólido aroma morango, ananás e banana, 8 x 120 g",,1.97,2.05,0,kg,€/Kg,,,https://driveimg1.intermarche.com/pt/Content/images/boitmal/produit/zoom/7070B93AC2DB23DCF61734D801E40E6D.jpg,,,,2025-06-11T23:59:59.999999999+01:00,PROSPECTUS,19,2,,
35297,5601314223205,500.0,Vitalis,"Água sem gás, garrafa de 0.5 l",,0.33,0.66,500,L,€/L,,,https://driveimg1.intermarche.com/pt/Content/images/boitmal/produit/zoom/7FE52B99CA553391F86364EECEA547A5.jpg,,,,2025-06-11T23:59:59.999999999+01:00,PROSPECTUS,19,2,,
35483,8410436343435,500.0,Sonasol,Spray desengordurante,Embalagem de 500 ml,1.99,3.98,500,L,€/L,,,https://driveimg1.intermarche.com/pt/Content/images/boitmal/produit/zoom/47473DD6CCCCC8BCBCC650E05B76EF50.jpg,,,,2025-06-11T23:59:59.999999999+01:00,PROSPECTUS,19,2,,
35754,3574661435367,500.0,Johnson's Baby,Gel de banho para bebé cuidado completo,Embalagem de 500 ml,4.19,8.38,500,L,€/L,,,https://driveimg1.intermarche.com/pt/Content/images/boitmal/produit/zoom/6A94AFA801375F9764DB74204698DC8D.jpg,,,,2025-06-11T23:59:59.999999999+01:00,PROSPECTUS,19,2,,
35849,5601050035353,440.0,Danone,"Iogurte oikos cheesecake de mirtilo, embalagem de 4 x 110g",,1.99,4.52,0,kg,€/Kg,,,https://driveimg1.intermarche.com/pt/Content/images/boitmal/produit/zoom/4A1EC89AAD14F77718D5CC67F571432A.jpg,,,,2025-06-11T23:59:59.999999999+01:00,PROSPECTUS,19,2,,
36263,5601027973060,480.0,Bimbo,Pão de forma integral,Embalagem de 480 g,1.89,3.94,0,kg,€/Kg,,,https://driveimg1.intermarche.com/pt/Content/images/boitmal/produit/zoom/34F016B3F162809D8E0423F1C3245DFD.jpg,,,,2025-06-11T23:59:59.999999999+01:00,PROSPECTUS,19,2,,
37443,7613037040869,250.0,Nestum,"Nestum zero espelta/aveia, embalagem de 250g",,2.24,8.96,0,kg,€/Kg,,,https://driveimg1.intermarche.com/pt/Content/images/boitmal/produit/zoom/BF80E2BF1A95765256612BEC5A65D8DD.jpg,,,,2025-06-11T23:59:59.999999999+01:00,PROSPECTUS,19,2,,
37510,7613036841498,90.0,Nestlé,"Pacote maçã e pêssego, embalagem de 90g",,0.65,7.22,0,kg,€/Kg,,,https://driveimg1.intermarche.com/pt/Content/images/boitmal/produit/zoom/E9135C730A89C3C259880AD7C684D6EF.jpg,,,,2025-06-11T23:59:59.999999999+01:00,PROSPECTUS,19,2,,
37512,7613036923361,250.0,Nestum,Nestum zero arroz,Embalagem de 250 g,2.99,11.96,0,kg,€/Kg,,,https://driveimg1.intermarche.com/pt/Content/images/boitmal/produit/zoom/611B100659AC37EDE48D259974C3AB31.jpg,,,,2025-06-11T23:59:59.999999999+01:00,PROSPECTUS,19,2,,
38648,5449000195906,1000.0,Coca-Cola,"Refrigerante zero, garrafa de 1 l",,1.22,1.22,1000,L,€/L,,,https://driveimg1.intermarche.com/pt/Content/images/boitmal/produit/zoom/4A88AB6803A9F950A0FE19DD551ED58E.jpg,,,,2025-06-11T23:59:59.999999999+01:00,PROSPECTUS,19,2,,
40121,8410076481825,185.0,Old El Paso,"Queijo chips, 185g",,2.39,12.92,0,kg,€/Kg,,,https://driveimg1.intermarche.com/pt/Content/images/boitmal/produit/zoom/B48B295FE352E2196B154716F7AF2C3E.jpg,,,,2025-06-11T23:59:59.999999999+01:00,PROSPECTUS,19,2,,
40347,8410076471604,350.0,Old El Paso,"6 tortilhas de trigo wrap, embalagem de 350g",,2.69,7.69,0,kg,€/Kg,,,https://driveimg1.intermarche.com/pt/Content/images/boitmal/produit/zoom/1EB2056E778DEB67B0CA58563B07CF9B.jpg,,,,2025-06-11T23:59:59.999999999+01:00,PROSPECTUS,19,2,,
40348,8410076481597,185.0,Old El Paso,"Nachips, 185g",,2.39,12.92,0,kg,€/Kg,,,https://driveimg1.intermarche.com/pt/Content/images/boitmal/produit/zoom/5D0BB0FFEBC832CC2B7352D32F3DE088.jpg,,,,2025-06-11T23:59:59.999999999+01:00,PROSPECTUS,19,2,,
40895,8001665127707,350.0,Rana,Lasanha ricotta/espinafre 350g,,2.99,8.54,0,kg,€/Kg,,,https://driveimg1.intermarche.com/pt/Content/images/boitmal/produit/zoom/B18E1E4F3387BD4B7259318AE15BF6E0.jpg,,,,2025-06-11T23:59:59.999999999+01:00,PROSPECTUS,19,2,,
40925,8710522652138,240.0,Calvé,"Maionese top down, embalagem de 240g",,1.48,6.17,0,kg,€/Kg,,,https://driveimg1.intermarche.com/pt/Content/images/boitmal/produit/zoom/ECF2C8ABFC985CAC5B87AA78A2E96931.jpg,https://driveimg1.intermarche.com/pt/Content/images/boitmal/produit/zoom/8E23B17512BCD2C444A6228885CC4217.jpg,https://driveimg1.intermarche.com/pt/Content/images/boitmal/produit/zoom/8E23B17512BCD2C444A6228885CC4217.jpg,https://driveimg1.intermarche.com/pt/Content/images/boitmal/produit/zoom/8E23B17512BCD2C444A6228885CC4217.jpg,2025-06-11T23:59:59.999999999+01:00,PROSPECTUS,19,2,https://driveimg1.intermarche.com/pt/Content/images/boitmal/produit/zoom/8E23B17512BCD2C444A6228885CC4217.jpg,
40969,5601151972557,1000.0,Frize,"Água com gás sabor a maracujá, pack 4x 0,25l",,2.09,2.09,1000,L,€/L,,,https://driveimg1.intermarche.com/pt/Content/images/boitmal/produit/zoom/AF6318AC77392E694BAA2AC34B4CAA04.jpg,,,,2025-06-11T23:59:59.999999999+01:00,PROSPECTUS,19,2,,
41149,8710522571477,225.0,Linic,"Champô para homem oleosidade, embalagem de 225 ml",,3.32,14.76,225,L,€/L,,,https://driveimg1.intermarche.com/pt/Content/images/boitmal/produit/zoom/B14FEECAAF1AB05F6A47FD9FA1FDD524.jpg,,,,2025-06-11T23:59:59.999999999+01:00,PROSPECTUS,19,2,,
41226,5601050036572,440.0,Danone,"Oikos morango, embalagem de 4 x 110g",,1.99,4.52,0,kg,€/Kg,,,https://driveimg1.intermarche.com/pt/Content/images/boitmal/produit/zoom/2653493E2B1190B7D8AE6B95BAB9D958.jpg,,,,2025-06-11T23:59:59.999999999+01:00,PROSPECTUS,19,2,,
41625,5604260309399,252.0,PorSi,6 argolas com cobertura glace,Embalagem de 252g,1.99,7.9,0,kg,€/Kg,,,https://driveimg1.intermarche.com/pt/Content/images/boitmal/produit/zoom/A79B4B72CFEEB3D0D1247BBD854BED6A.jpg,,,,2025-06-11T23:59:59.999999999+01:00,PROSPECTUS,19,2,,
41874,8718951313316,75.0,Colgate,"Pasta dentífrica cool mint, 75 ml",,2.16,28.8,75,L,€/L,,,https://driveimg1.intermarche.com/pt/Content/images/boitmal/produit/zoom/2DAA61BE6D06A4399D41EFB19DA0D088.jpg,,,,2025-06-11T23:59:59.999999999+01:00,PROSPECTUS,19,2,,
4254,3600521848449,50.0,L'oreal Men Expert,Desodorizante roll-on fresh extra,Embalagem de 50 ml,2.69,53.8,50,L,€/L,,,https://driveimg1.intermarche.com/pt/Content/images/boitmal/produit/zoom/E57536F1DBA38F68B80006805ED4ECFF.jpg,,,,2025-06-11T23:59:59.999999999+01:00,PROSPECTUS,19,2,,
43314,8710604741835,38.0,Knorr,"Esparguete à bolonhesa 1, 2, 3...sabor!, embalagem de 38g",,1.19,31.32,0,kg,€/Kg,,,https://driveimg1.intermarche.com/pt/Content/images/boitmal/produit/zoom/1108EABAA6B7A67AA2379F447F3FDFD8.jpg,,,,2025-06-11T23:59:59.999999999+01:00,PROSPECTUS,19,2,,
43407,8710847961137,360.0,Linic,"Champô cabelos oleosos para mulher, 360 ml",,4.94,13.72,360,L,€/L,,,https://driveimg1.intermarche.com/pt/Content/images/boitmal/produit/zoom/D99FE8D2453A231FCFB1F4A24A0F5403.jpg,,,,2025-06-11T23:59:59.999999999+01:00,PROSPECTUS,19,2,,
43500,5604260309436,330.0,PorSi Bio,Bio doce de morango,Embalagem de 330g,2.59,7.85,0,kg,€/Kg,,Produtos Bio,https://driveimg1.intermarche.com/pt/Content/images/boitmal/produit/zoom/1EF19F8EC76B45EBB9ADD81D20FDEA94.jpg,https://driveimg1.intermarche.com/pt/Content/images/boitmal/produit/zoom/EAE59109BAA999CBD1E9EB5D9057ECD1.jpg,https://driveimg1.intermarche.com/pt/Content/images/boitmal/produit/zoom/EAE59109BAA999CBD1E9EB5D9057ECD1.jpg,https://driveimg1.intermarche.com/pt/Content/images/boitmal/produit/zoom/EAE59109BAA999CBD1E9EB5D9057ECD1.jpg,2025-06-11T23:59:59.999999999+01:00,PROSPECTUS,19,2,https://driveimg1.intermarche.com/pt/Content/images/boitmal/produit/zoom/EAE59109BAA999CBD1E9EB5D9057ECD1.jpg,
43516,8001090970497,50.0,Old Spice,Desodorizante Stick Captain,Embalagem de 50 ml,3.49,69.8,50,L,€/L,,,https://driveimg1.intermarche.com/pt/Content/images/boitmal/produit/zoom/8CBCB0EAB22454D96F1BCFAD4F27D968.jpg,,,,2025-06-11T23:59:59.999999999+01:00,PROSPECTUS,19,2,,
4362,3600541221147,200.0,Fructis,Creme tratamento hydra caracóis,Embalagem de 200 ml,3.49,17.45,200,L,€/L,,,https://driveimg1.intermarche.com/pt/Content/images/boitmal/produit/zoom/F41E1F1598E3D0E982BDFB3924B8C2FB.jpg,,,,2025-06-11T23:59:59.999999999+01:00,PROSPECTUS,19,2,,
44241,5601050036886,120.0,Danone,"Iogrute twix, embalagem de 120g",,0.99,8.25,0,kg,€/Kg,,,https://driveimg1.intermarche.com/pt/Content/images/boitmal/produit/zoom/E4E89664DF24BCB428B25457942D3E4C.jpg,,,,2025-06-11T23:59:59.999999999+01:00,PROSPECTUS,19,2,,
44895,8710604741842,33.0,Knorr,"Chili com carne 1, 2, 3...sabor!, embalagem de 33g",,1.19,36.06,0,kg,€/Kg,,,https://driveimg1.intermarche.com/pt/Content/images/boitmal/produit/zoom/E0FC3FD038BB457F02AE1D4A0906FFDD.jpg,,,,2025-06-11T23:59:59.999999999+01:00,PROSPECTUS,19,2,,
45032,5054563098795,75.0,Sensodyne,Pasta dentífrica repair&protect,Embalagem de 75 ml,4.19,55.87,75,L,€/L,,,https://driveimg1.intermarche.com/pt/Content/images/boitmal/produit/zoom/76D41495665EAB67980545B32E3813D6.jpg,,,,2025-06-11T23:59:59.999999999+01:00,PROSPECTUS,19,2,,
46305,5604260315017,500.0,PorSi,Brócolos cortados,500 g,1.87,3.74,0,kg,€/Kg,,,https://driveimg1.intermarche.com/pt/Content/images/boitmal/produit/zoom/81005B8EDD9F9BE2AB985BEC9DC64302.jpg,,,,2025-06-11T23:59:59.999999999+01:00,PROSPECTUS,19,2,,
46306,5604260315000,500.0,PorSi,Brócolos e couve-flor cortados,500 g,1.87,3.74,0,kg,€/Kg,,,https://driveimg1.intermarche.com/pt/Content/images/boitmal/produit/zoom/8C271325A66865A5963027880DF66EE1.jpg,,,,2025-06-11T23:59:59.999999999+01:00,PROSPECTUS,19,2,,
46517,5000204208917,750.0,Pato,"Líquido sanitário ação total pinho, 750 ml",,1.94,2.59,750,L,€/L,,,https://driveimg1.intermarche.com/pt/Content/images/boitmal/produit/zoom/08C17A1F547C898E2E6E9CBB3441BB2A.jpg,,,,2025-06-11T23:59:59.999999999+01:00,PROSPECTUS,19,2,,
46620,5604260317066,,PorSi,Guardanapos brancos folha tripla 33x33 cm,70 unidades,1.59,1.59,0,,€/Unidade,,,https://driveimg1.intermarche.com/pt/Content/images/boitmal/produit/zoom/E42AA52575E13D427D3038FDA07BA4A6.jpg,,,,2025-06-11T23:59:59.999999999+01:00,PROSPECTUS,19,2,,
46641,8410436364058,,Bref,Bloco Sanitário Blue Active Floral,Embalagem de 3 un.,4.39,4.39,0,,€/Unidade,,,https://driveimg1.intermarche.com/pt/Content/images/boitmal/produit/zoom/A3DC5C4838E8BD49AEB43EB2DC739F2D.jpg,,,,2025-06-11T23:59:59.999999999+01:00,PROSPECTUS,19,2,,
46886,8006540286999,,Dodot,Fraldas Activity Extra T6 |+14 kg,44 Unidades,14.99,14.99,0,,€/Unidade,,,https://driveimg1.intermarche.com/pt/Content/images/boitmal/produit/zoom/2D0CA062C4FE6F575DB7E6378E708727.jpg,,,,2025-06-11T23:59:59.999999999+01:00,PROSPECTUS,19,2,,
47102,5603722520198,250.0,Mimosa,"Manteiga com sal e sem lactose, embalagem de 250g",,2.44,9.76,0,kg,€/Kg,,,https://driveimg1.intermarche.com/pt/Content/images/boitmal/produit/zoom/93C16F859411D0EBAFBF43E49FD1DA1B.jpg,https://driveimg1.intermarche.com/pt/Content/images/boitmal/produit/zoom/03F85375587D6FDFB4925819A11BDAE0.jpg,https://driveimg1.intermarche.com/pt/Content/images/boitmal/produit/zoom/851EE75BBBA7A9986AE9578DEC17E3F9.jpg,,2025-06-11T23:59:59.999999999+01:00,PROSPECTUS,19,3,,
476,3010470159020,400.0,Friskies,"Ração para gato adulto com coelho, frango e legumes",Embalagem de 400g,1.86,4.65,0,kg,€/Kg,,,https://driveimg1.intermarche.com/pt/Content/images/boitmal/produit/zoom/14A83E0B863A6F9B6D934AF2C5E8BC68.jpg,,,,2025-06-11T23:59:59.999999999+01:00,PROSPECTUS,19,3,,
47635,8412600018316,300.0,Bimbo,Bimbo® bagels clássico 4 un.,Embalagem de 300g,2.34,7.8,0,kg,€/Kg,,,https://driveimg1.intermarche.com/pt/Content/images/boitmal/produit/zoom/E29B7F13889FE8AF18A9C1C0F8DAA10D.jpg,,,,2025-06-11T23:59:59.999999999+01:00,PROSPECTUS,19,3,,
48011,5603722520068,800.0,Agros,"Leite com chocolate meio gordo sem lactose, 4 x 200 ml",,1.99,2.49,800,L,€/L,,,https://driveimg1.intermarche.com/pt/Content/images/boitmal/produit/zoom/534AAD13A7F896FDBA98EB7001B680B9.jpg,,,,2025-06-11T23:59:59.999999999+01:00,PROSPECTUS,19,3,,
48018,7613287492111,340.0,Felix,Comida Húmida Gato Seleção do Campo Gelatina,Embalagem de 4 x 85 g,2.24,6.59,0,kg,€/Kg,,,https://driveimg1.intermarche.com/pt/Content/images/boitmal/produit/zoom/C0DE4D13141D71FBD5B676052866AD04.jpg,,,,2025-06-11T23:59:59.999999999+01:00,PROSPECTUS,19,3,,
48030,7613287495259,1020.0,Felix,"Fantastic seleção de peixes em gelatina, embalagem de 12x100g",,5.99,5.87,0,kg,€/Kg,,,https://driveimg1.intermarche.com/pt/Content/images/boitmal/produit/zoom/6C8C86286E27A01458DD382E5FE02A80.jpg,,,,2025-06-11T23:59:59.999999999+01:00,PROSPECTUS,19,3,,
48600,4000388179004,500.0,Dove,"Recarga sabonete líquido, 500 ml",,3.14,6.28,500,L,€/L,,,https://driveimg1.intermarche.com/pt/Content/images/boitmal/produit/zoom/D262232B25CEAC8C1D619B24AE0214C4.jpg,,,,2025-06-11T23:59:59.999999999+01:00,PROSPECTUS,19,3,,
48918,5604260320905,,PorSi,Tampão super,Embalagem de 32 unidades,1.89,1.89,32,,€/Unidade,,,https://driveimg1.intermarche.com/pt/Content/images/boitmal/produit/zoom/90B8F6662219C89C88E7788A6B9D64AC.jpg,https://driveimg1.intermarche.com/pt/Content/images/boitmal/produit/zoom/1CD06FF772DA863064B46F160C279828.jpg,https://driveimg1.intermarche.com/pt/Content/images/boitmal/produit/zoom/1CD06FF772DA863064B46F160C279828.jpg,https://driveimg1.intermarche.com/pt/Content/images/boitmal/produit/zoom/1CD06FF772DA863064B46F160C279828.jpg,2025-06-11T23:59:59.999999999+01:00,PROSPECTUS,19,3,https://driveimg1.intermarche.com/pt/Content/images/boitmal/produit/zoom/1CD06FF772DA863064B46F160C279828.jpg,
49177,3600523966752,150.0,Elvive,Spray Protetor de Calor Cabelo Comprido e Liso,150 ml,5.59,37.27,150,L,€/L,,,https://driveimg1.intermarche.com/pt/Content/images/boitmal/produit/zoom/210A21B9957FF3EBFDB7D3F2679513DF.jpg,,,,2025-06-11T23:59:59.999999999+01:00,PROSPECTUS,19,3,,
49179,3600524029661,300.0,Elvive,Condicionador Hidra Hialurónico,300 ml,3.89,12.97,300,L,€/L,,,https://driveimg1.intermarche.com/pt/Content/images/boitmal/produit/zoom/358E669EEAD046E20A951D3F73537685.jpg,,,,2025-06-11T23:59:59.999999999+01:00,PROSPECTUS,19,3,,
49272,7613287494368,340.0,Felix,Comida húmida gato gelatinas seleções peixes,Embalagem de 4 x 85 g,2.24,6.59,0,kg,€/Kg,,,https://driveimg1.intermarche.com/pt/Content/images/boitmal/produit/zoom/3C2E56D05EBF932F594A6A4250517820.jpg,,,,2025-06-11T23:59:59.999999999+01:00,PROSPECTUS,19,3,,
49326,5603722520594,180.0,Milhafre,Queijo açoriano com -50% gordura,Embalagem de 180g,2.19,12.17,0,kg,€/Kg,,,https://driveimg1.intermarche.com/pt/Content/images/boitmal/produit/zoom/47969256C6F61652CFCE8A9B10492F28.jpg,,,,2025-06-11T23:59:59.999999999+01:00,PROSPECTUS,19,3,,
49387,4001724039235,375.0,Dr. Oetker,Pizza Ristorante Bolognese,Embalagem de 375g,3.69,9.84,0,kg,€/Kg,,Tipo de stockagem,https://driveimg1.intermarche.com/pt/Content/images/boitmal/produit/zoom/46053FB4E0DC2CE725978B30687992F4.jpg,,,,2025-06-11T23:59:59.999999999+01:00,PROSPECTUS,19,3,,
49775,8445290217240,90.0,Gerber,"Nutrição infantil manga bio, 90g",,0.89,9.89,0,kg,€/Kg,,,https://driveimg1.intermarche.com/pt/Content/images/boitmal/produit/zoom/34F2B4E83940FFE495C18EAECEE39019.jpg,,,,2025-06-11T23:59:59.999999999+01:00,PROSPECTUS,19,3,,
49825,5601066302234,500.0,Nacional,"Macarronete massa com vegetais, embalagem de 500g",,1.16,2.32,0,kg,€/Kg,,,https://driveimg1.intermarche.com/pt/Content/images/boitmal/produit/zoom/6E14B48CA2E900B684C68FD6BE4D6E3B.jpg,,,,2025-06-11T23:59:59.999999999+01:00,PROSPECTUS,19,3,,
49826,5601066301787,500.0,Nacional,"Massa espirais com vegetais, 500g",,1.16,2.32,0,kg,€/Kg,,,https://driveimg1.intermarche.com/pt/Content/images/boitmal/produit/zoom/5551BCF3EF67AECF1B14581611B9E3A4.jpg,,,,2025-06-11T23:59:59.999999999+01:00,PROSPECTUS,19,3,,
5040,5601029001310,115.0,Pitéu,"Mexilhão escabeche, embalagem de 115g",,1.8,15.65,0,kg,€/Kg,,,https://driveimg1.intermarche.com/pt/Content/images/boitmal/produit/zoom/BD3FC46F63E363AEC58C281136A05ECE.jpg,,,,2025-06-11T23:59:59.999999999+01:00,PROSPECTUS,19,3,,
50454,5603722521829,1208.0,Mimosa,"Iogurte líquido aroma banana e morango, 8 x 151 ml",,2.69,2.23,1208,L,€/L,,,https://driveimg1.intermarche.com/pt/Content/images/boitmal/produit/zoom/AA12AF3CF07E84D8BB18D68CC6DFA3EB.jpg,,,,2025-06-11T23:59:59.999999999+01:00,PROSPECTUS,19,3,,
50455,5603722521836,1208.0,Mimosa,"Iogurte líquido aroma frutos vermelhos, 8 x 151 ml",,2.69,2.23,1208,L,€/L,,,https://driveimg1.intermarche.com/pt/Content/images/boitmal/produit/zoom/A6953937AF5119023F20E170D85D8AFD.jpg,,,,2025-06-11T23:59:59.999999999+01:00,PROSPECTUS,19,3,,
50457,5603722520891,125.0,Mimosa,"Manteiga com salsa e alho, embalagem de 125g",,1.59,12.72,0,kg,€/Kg,,,https://driveimg1.intermarche.com/pt/Content/images/boitmal/produit/zoom/AD07C14D6EFB1FFAE444B8C7DD272173.jpg,https://driveimg1.intermarche.com/pt/Content/images/boitmal/produit/zoom/E035A762B58CBA6C1ACDD8E79E8BA0FE.jpg,https://driveimg1.intermarche.com/pt/Content/images/boitmal/produit/zoom/0BD538C4D562B7FA21A6743239B7FBB5.jpg,,2025-06-11T23:59:59.999999999+01:00,PROSPECTUS,19,3,,
5079,5601036310726,200.0,Ambre Solaire,Óleo Bronzeador Coco,Embalagem de 200 ml,10.14,50.7,200,L,€/L,,,https://driveimg1.intermarche.com/pt/Content/images/boitmal/produit/zoom/0D10B62A011EFBA0FB2342AC5CD32FA7.jpg,,,,2025-06-11T23:59:59.999999999+01:00,PROSPECTUS,19,3,,
5093,5601050033755,620.0,Danone,"Iogurte activia líquido 0% morango/kiwi, embalagem de 4 x 155 g",,1.99,3.21,0,kg,€/Kg,,,https://driveimg1.intermarche.com/pt/Content/images/boitmal/produit/zoom/29B41AE598716D0550D815AA0FE86025.jpg,,,,2025-06-11T23:59:59.999999999+01:00,PROSPECTUS,19,3,,
51322,8720608014231,34.0,Lipton,"20 saquetas chá de manga e groselha preta, 20 g",,2.09,61.47,0,kg,€/Kg,,,https://driveimg1.intermarche.com/pt/Content/images/boitmal/produit/zoom/E586BFB900AA6B45FA4CA8012C492CC2.jpg,https://driveimg1.intermarche.com/pt/Content/images/boitmal/produit/zoom/54670F288113566CC397FD3E7B1EF07C.jpg,https://driveimg1.intermarche.com/pt/Content/images/boitmal/produit/zoom/54670F288113566CC397FD3E7B1EF07C.jpg,,2025-06-11T23:59:59.999999999+01:00,PROSPECTUS,19,3,,
5158,5601109211127,750.0,Porca de Murça,Vinho tinto douro,Garrafa de 750 ml,3.69,4.92,750,L,€/L,,,https://driveimg1.intermarche.com/pt/Content/images/boitmal/produit/zoom/587F8C4D255FC74322AC5F8AED00CD39.jpg,,,,2025-06-11T23:59:59.999999999+01:00,PROSPECTUS,19,3,,
51782,5604260327669,1000.0,PorSi,"Iogurte Liquido Pinacolada,  1 kg",,1.59,1.59,0,kg,€/Kg,,,https://driveimg1.intermarche.com/pt/Content/images/boitmal/produit/zoom/72DCBF92FB9FC3FE1A0ADB9C5783A0CE.jpg,,,,2025-06-11T23:59:59.999999999+01:00,PROSPECTUS,19,3,,
51783,5604260327676,1000.0,PorSi,"Iogurte Liquido Morango e Banana, 1 kg",,1.59,1.59,0,kg,€/Kg,,,https://driveimg1.intermarche.com/pt/Content/images/boitmal/produit/zoom/568FFCB442AD5B312FACD9B2980ADD4A.jpg,,,,2025-06-11T23:59:59.999999999+01:00,PROSPECTUS,19,3,,
51917,8410500020644,280.0,Danone,Iogurte infantil danonino morango banana 4x70g,,2.19,7.82,0,kg,€/Kg,,,https://driveimg1.intermarche.com/pt/Content/images/boitmal/produit/zoom/3220973BC3DB4CAD23E73E6374D1D5D5.jpg,,,,2025-06-11T23:59:59.999999999+01:00,PROSPECTUS,19,3,,
52088,7613032881313,85.0,Purina Gourmet,Comida húmida para gato gourmet gold com coelho 85g,,0.87,10.24,0,kg,€/Kg,,,https://driveimg1.intermarche.com/pt/Content/images/boitmal/produit/zoom/C00E78B2201EC475A2889804E65AE983.jpg,,,,2025-06-11T23:59:59.999999999+01:00,PROSPECTUS,19,3,,
52302,3600542512428,400.0,Garnier,Champô Ultra Suave Carvão,Embalagem de 400ml,3.79,9.48,400,L,€/L,,Produtos Bio,https://driveimg1.intermarche.com/pt/Content/images/boitmal/produit/zoom/C53BE5FF3815607BB10E6D7A8D669C09.jpg,,,,2025-06-11T23:59:59.999999999+01:00,PROSPECTUS,19,3,,
52317,8720181213854,200.0,Rexona men,"Desodorizante spray men invisible 72h, embalagem de 200ml",,3.29,16.45,200,L,€/L,,,https://driveimg1.intermarche.com/pt/Content/images/boitmal/produit/zoom/5E8C6ACC0717D3191FDDFB855F93AA9E.jpg,,,,2025-06-11T23:59:59.999999999+01:00,PROSPECTUS,19,3,,
52768,5604260331444,410.0,PorSi,Pizza Barbecue em Forno de Pedra,Embalagem de 410g,2.86,6.98,0,kg,€/Kg,,,https://driveimg1.intermarche.com/pt/Content/images/boitmal/produit/zoom/835FF4259E1C2C4EE8703481351F4FE5.jpg,,,,2025-06-11T23:59:59.999999999+01:00,PROSPECTUS,19,3,,
52769,5604260331390,415.0,PorSi,Pizza Carbonara em Forno de Pedra,Embalagem de 415g,2.79,6.72,0,kg,€/Kg,,,https://driveimg1.intermarche.com/pt/Content/images/boitmal/produit/zoom/2C94AA05FFE95FFA57433A85A9B1141E.jpg,,,,2025-06-11T23:59:59.999999999+01:00,PROSPECTUS,19,3,,
52780,8711327621015,825.0,Carte DOr,"Gelado stracciatella, 825 ml",,5.99,7.26,825,L,€/L,,Tipo de stockagem,https://driveimg1.intermarche.com/pt/Content/images/boitmal/produit/zoom/9077E20C19CAF03342D46F370AD9A5BA.jpg,https://driveimg1.intermarche.com/pt/Content/images/boitmal/produit/zoom/96ACD079643DD28D2A3D30A5732CD591.jpg,https://driveimg1.intermarche.com/pt/Content/images/boitmal/produit/zoom/96ACD079643DD28D2A3D30A5732CD591.jpg,,2025-06-11T23:59:59.999999999+01:00,PROSPECTUS,19,3,,
52916,8720181291715,150.0,Dove,"Desodorizante spray original 72h, 150 ml",,3.59,23.93,150,L,€/L,,,https://driveimg1.intermarche.com/pt/Content/images/boitmal/produit/zoom/35748730AEAB41F7BBB3C7AF42D88737.jpg,,,,2025-06-11T23:59:59.999999999+01:00,PROSPECTUS,19,3,,
52917,8720181291869,150.0,Dove,"Desodorizante spray invisible care 72h, 150 ml",,3.59,23.93,150,L,€/L,,,https://driveimg1.intermarche.com/pt/Content/images/boitmal/produit/zoom/E4C7316630BB7D9EE2823582CE682A3C.jpg,,,,2025-06-11T23:59:59.999999999+01:00,PROSPECTUS,19,3,,
52957,5449000273666,1000.0,Coca-Cola,Refrigerante zero com gás lima de 1 litro,,1.22,1.22,1000,L,€/L,,,https://driveimg1.intermarche.com/pt/Content/images/boitmal/produit/zoom/8811CE5F5F34EDCF194A9D8CB568CB91.jpg,https://driveimg1.intermarche.com/pt/Content/images/boitmal/produit/zoom/3EDDFFF905A664833A2724EDFA3DF928.jpg,https://driveimg1.intermarche.com/pt/Content/images/boitmal/produit/zoom/3EDDFFF905A664833A2724EDFA3DF928.jpg,,2025-06-11T23:59:59.999999999+01:00,PROSPECTUS,19,3,,
53111,8719200265363,225.0,Becel,"Creme vegetal sabor a manteiga, 225g",,1.99,8.84,0,kg,€/Kg,,,https://driveimg1.intermarche.com/pt/Content/images/boitmal/produit/zoom/71ED12B72ED539E4329172F183CC7125.jpg,https://driveimg1.intermarche.com/pt/Content/images/boitmal/produit/zoom/FA519325BFCA20987555199B2C1C344E.jpg,https://driveimg1.intermarche.com/pt/Content/images/boitmal/produit/zoom/FA519325BFCA20987555199B2C1C344E.jpg,https://driveimg1.intermarche.com/pt/Content/images/boitmal/produit/zoom/FA519325BFCA20987555199B2C1C344E.jpg,2025-06-11T23:59:59.999999999+01:00,PROSPECTUS,19,3,,
53261,8445290042125,2800.0,Purina One,"Ração para Gato Junior, 2.8 kg",,15.59,5.57,0,kg,€/Kg,,,https://driveimg1.intermarche.com/pt/Content/images/boitmal/produit/zoom/043A9C58978C34750AF76A83E9D0BAAD.jpg,https://driveimg1.intermarche.com/pt/Content/images/boitmal/produit/zoom/E81A6F8459939103F6BC984A253914A3.jpg,https://driveimg1.intermarche.com/pt/Content/images/boitmal/produit/zoom/E81A6F8459939103F6BC984A253914A3.jpg,https://driveimg1.intermarche.com/pt/Content/images/boitmal/produit/zoom/E81A6F8459939103F6BC984A253914A3.jpg,2025-06-11T23:59:59.999999999+01:00,PROSPECTUS,19,3,,
53292,8719200265424,450.0,Becel,"Creme vegetal culinária, 450g",,2.49,5.53,0,kg,€/Kg,,,https://driveimg1.intermarche.com/pt/Content/images/boitmal/produit/zoom/731104623BFBA291592C36763AD2ACB6.jpg,https://driveimg1.intermarche.com/pt/Content/images/boitmal/produit/zoom/FE0F50DA9FD82BB1CA28828D6783A017.jpg,https://driveimg1.intermarche.com/pt/Content/images/boitmal/produit/zoom/FE0F50DA9FD82BB1CA28828D6783A017.jpg,https://driveimg1.intermarche.com/pt/Content/images/boitmal/produit/zoom/FE0F50DA9FD82BB1CA28828D6783A017.jpg,2025-06-11T23:59:59.999999999+01:00,PROSPECTUS,19,3,,
53331,4009175912176,,Bufalo,Esponja Calçado Brilho Incolor,,2.35,2.35,0,,€/Unidade,,,https://driveimg1.intermarche.com/pt/Content/images/boitmal/produit/zoom/503E1F7F5A556399F4D7C1A21D14F9C9.jpg,https://driveimg1.intermarche.com/pt/Content/images/boitmal/produit/zoom/762161A8FDB3509A81173371F8199095.jpg,https://driveimg1.intermarche.com/pt/Content/images/boitmal/produit/zoom/762161A8FDB3509A81173371F8199095.jpg,,2025-06-11T23:59:59.999999999+01:00,PROSPECTUS,19,3,,
53466,5601028000406,,Renova,"Lenços Faciais Active 3 Folhas, 46 unidades",,0.69,0.69,46,,€/Unidade,,,https://driveimg1.intermarche.com/pt/Content/images/boitmal/produit/zoom/F53C87A60B24DBBCFF32F83645C53E87.jpg,,,,2025-06-11T23:59:59.999999999+01:00,PROSPECTUS,19,3,,
53551,8001480721326,,Neoblanc,"Lixívia Gentil, 18 Pastilhas",,3.24,3.24,18,,€/Unidade,,,https://driveimg1.intermarche.com/pt/Content/images/boitmal/produit/zoom/A250B24F09D54E26FB8EFE2CB51932C0.jpg,,,,2025-06-11T23:59:59.999999999+01:00,PROSPECTUS,19,3,,
53561,8006540836255,,Dodot,"Toalhitas Bebé Aqua Pure 0% Plástico, 144 unidades",,4.69,4.69,144,,€/Unidade,,,https://driveimg1.intermarche.com/pt/Content/images/boitmal/produit/zoom/5657565D45492F867B39202DCD30D576.jpg,,,,2025-06-11T23:59:59.999999999+01:00,PROSPECTUS,19,3,,
53626,3600542509596,340.0,Garnier,Máscara Cabelo Ultra Suave Gama Maravilhosa,Embalagem de 340ml,4.74,13.94,340,L,€/L,,,https://driveimg1.intermarche.com/pt/Content/images/boitmal/produit/zoom/A2A1CFA5E77CBE04FF25DF4E2615ECC1.jpg,,,,2025-06-11T23:59:59.999999999+01:00,PROSPECTUS,19,3,,
53672,5054563155535,75.0,Parodontax,"Pasta de Dentes Gengivas, Sensibilidade, Hálito e Branqueadora",Embalagem de 75ml,5.19,69.2,75,L,€/L,,,https://driveimg1.intermarche.com/pt/Content/images/boitmal/produit/zoom/87A987E57450CCF1EBBCAD737517FAB5.jpg,https://driveimg1.intermarche.com/pt/Content/images/boitmal/produit/zoom/45919E21211034CFC9DCF75D551CD73E.jpg,https://driveimg1.intermarche.com/pt/Content/images/boitmal/produit/zoom/45919E21211034CFC9DCF75D551CD73E.jpg,https://driveimg1.intermarche.com/pt/Content/images/boitmal/produit/zoom/45919E21211034CFC9DCF75D551CD73E.jpg,2025-06-11T23:59:59.999999999+01:00,PROSPECTUS,19,3,https://driveimg1.intermarche.com/pt/Content/images/boitmal/produit/zoom/45919E21211034CFC9DCF75D551CD73E.jpg,https://driveimg1.intermarche.com/pt/Content/images/boitmal/produit/zoom/45919E21211034CFC9DCF75D551CD73E.jpg
53673,5054563165008,75.0,Sensodyne,"Pasta de Dentes Sensibilidade, Gengivas e Esmalte",Embalagem de 75ml,3.95,52.67,75,L,€/L,,,https://driveimg1.intermarche.com/pt/Content/images/boitmal/produit/zoom/F5ABBB429E7224E38F564855CA9B1B26.jpg,https://driveimg1.intermarche.com/pt/Content/images/boitmal/produit/zoom/1C6D3DA6400E71115D7D0C249255C6E4.jpg,https://driveimg1.intermarche.com/pt/Content/images/boitmal/produit/zoom/1C6D3DA6400E71115D7D0C249255C6E4.jpg,https://driveimg1.intermarche.com/pt/Content/images/boitmal/produit/zoom/1C6D3DA6400E71115D7D0C249255C6E4.jpg,2025-06-11T23:59:59.999999999+01:00,PROSPECTUS,19,3,https://driveimg1.intermarche.com/pt/Content/images/boitmal/produit/zoom/1C6D3DA6400E71115D7D0C249255C6E4.jpg,https://driveimg1.intermarche.com/pt/Content/images/boitmal/produit/zoom/1C6D3DA6400E71115D7D0C249255C6E4.jpg
54234,8410104882679,38.0,Air Wick,"Ambientador Eléctrico Delícias de Verão Recarga, 2x19ml",,5.19,136.58,38,L,€/L,,,https://driveimg1.intermarche.com/pt/Content/images/boitmal/produit/zoom/B556ED2219FA1FF0B6987F8333E98AD5.jpg,https://driveimg1.intermarche.com/pt/Content/images/boitmal/produit/zoom/C8DDA33289997E47DBFE45FC9DFA0415.jpg,https://driveimg1.intermarche.com/pt/Content/images/boitmal/produit/zoom/C8DDA33289997E47DBFE45FC9DFA0415.jpg,https://driveimg1.intermarche.com/pt/Content/images/boitmal/produit/zoom/C8DDA33289997E47DBFE45FC9DFA0415.jpg,2025-06-11T23:59:59.999999999+01:00,PROSPECTUS,19,3,https://driveimg1.intermarche.com/pt/Content/images/boitmal/produit/zoom/C8DDA33289997E47DBFE45FC9DFA0415.jpg,
543,3228881083241,30.0,Lipton,"20 saquetas chá digestão fácil, embalagem de 30g",,2.09,69.67,0,kg,€/Kg,,,https://driveimg1.intermarche.com/pt/Content/images/boitmal/produit/zoom/62C3C7BA99F1F998410EDAE6BAC40CDF.jpg,,,,2025-06-11T23:59:59.999999999+01:00,PROSPECTUS,19,3,,
54352,8015100563067,,Bref,"Bloco Sanitário Poder Activo Pinho, 1un.",,1.98,1.98,0,,€/Unidade,,,https://driveimg1.intermarche.com/pt/Content/images/boitmal/produit/zoom/6548556EC6635D4135DFA79429658369.jpg,,,,2025-06-11T23:59:59.999999999+01:00,PROSPECTUS,19,3,,
5438,5601314222222,1980.0,Vitalis,"Água mineral sem gás, pack 6 x 0.33 l",,1.39,0.7,1980,L,€/L,,,https://driveimg1.intermarche.com/pt/Content/images/boitmal/produit/zoom/33D50EDEE051731540B4213BFFB43642.jpg,,,,2025-06-11T23:59:59.999999999+01:00,PROSPECTUS,19,3,,
5439,5601314228248,750.0,Vitalis,"Água mineral sem gás sport, garrafa de 750 ml",,0.57,0.76,750,L,€/L,,,https://driveimg1.intermarche.com/pt/Content/images/boitmal/produit/zoom/010F08729D04976DF26AE7ABDA2D160B.jpg,,,,2025-06-11T23:59:59.999999999+01:00,PROSPECTUS,19,3,,
544,3228881083326,30.0,Lipton,"20 saquetas chá noite tranquila, embalagem de 30g",,2.09,69.67,0,kg,€/Kg,,,https://driveimg1.intermarche.com/pt/Content/images/boitmal/produit/zoom/918429936BF1A7F518EA4E4A9580CA69.jpg,,,,2025-06-11T23:59:59.999999999+01:00,PROSPECTUS,19,3,,
54438,3600542571623,340.0,Garnier,"Máscara Cabelo Ultra Suave Água De Arroz, 340ml",,4.74,13.94,340,L,€/L,,,https://driveimg1.intermarche.com/pt/Content/images/boitmal/produit/zoom/53AC93BE57D606A0E2C6693D3B775B25.jpg,https://driveimg1.intermarche.com/pt/Content/images/boitmal/produit/zoom/B2D5358DF2EBD1C6ED63ACCA1DEC794D.jpg,https://driveimg1.intermarche.com/pt/Content/images/boitmal/produit/zoom/B2D5358DF2EBD1C6ED63ACCA1DEC794D.jpg,https://driveimg1.intermarche.com/pt/Content/images/boitmal/produit/zoom/B2D5358DF2EBD1C6ED63ACCA1DEC794D.jpg,2025-06-11T23:59:59.999999999+01:00,PROSPECTUS,19,3,https://driveimg1.intermarche.com/pt/Content/images/boitmal/produit/zoom/B2D5358DF2EBD1C6ED63ACCA1DEC794D.jpg,
54448,8710522323007,400.0,Tresemmé,"Champô liso keratina smooth, 400ml",,3.79,9.48,400,L,€/L,,,https://driveimg1.intermarche.com/pt/Content/images/boitmal/produit/zoom/A0CFCB6F402225ED49AAA65602D62346.jpg,,,,2025-06-11T23:59:59.999999999+01:00,PROSPECTUS,19,3,,
54450,8720181449185,400.0,Tresemmé,"Condicionador rich moisture, 400ml",,3.79,9.48,400,L,€/L,,,https://driveimg1.intermarche.com/pt/Content/images/boitmal/produit/zoom/FEF0C5A9329BAAA82759E31E8542AFE0.jpg,,,,2025-06-11T23:59:59.999999999+01:00,PROSPECTUS,19,3,,
54522,8720181509988,750.0,Vaseline,"Gel de banho hidra essencial, 750ml",,3.19,4.25,750,L,€/L,,,https://driveimg1.intermarche.com/pt/Content/images/boitmal/produit/zoom/AD31D1AC1C03A164A4B17AFAD559A4D0.jpg,,,,2025-06-11T23:59:59.999999999+01:00,PROSPECTUS,19,3,,
54540,5000204331660,,Pato,"Discos Sanitários Ativos Gel Dispensador + Recargas Água Azul, 1un.",,2.49,2.49,0,,€/Unidade,,,https://driveimg1.intermarche.com/pt/Content/images/boitmal/produit/zoom/DABD1FAE99B4D7B5B01E813F05047FA7.jpg,,,,2025-06-11T23:59:59.999999999+01:00,PROSPECTUS,19,3,,
54560,5604260332854,200.0,Labell,"Desodorizante Baunilha, 200ml",,1.39,6.95,200,L,€/L,,,https://driveimg1.intermarche.com/pt/Content/images/boitmal/produit/zoom/0FFE43F4E50399E1F999F62A6C8676D3.jpg,,,,2025-06-11T23:59:59.999999999+01:00,PROSPECTUS,19,3,,
54579,5604260332823,200.0,Labell Men,"Desodorizante Energy, 200ml",,1.39,6.95,200,L,€/L,,,https://driveimg1.intermarche.com/pt/Content/images/boitmal/produit/zoom/D65AEFFA3E695F6087A751C8F90810AA.jpg,,,,2025-06-11T23:59:59.999999999+01:00,PROSPECTUS,19,3,,
54607,4006000095790,750.0,Nivea,"Gel de banho bath care & dimond, 750ml",,4.99,6.65,750,L,€/L,,,https://driveimg1.intermarche.com/pt/Content/images/boitmal/produit/zoom/BDDDCB2032FEBBA666451071F3E53554.jpg,,,,2025-06-11T23:59:59.999999999+01:00,PROSPECTUS,19,3,,
54616,8700216322089,,Fairy,"Detergente Máquina Loiça Pastilhas Platinum Plus Tudo em 1 Limão, 30D",,8.99,8.99,0,,€/Unidade,,,https://driveimg1.intermarche.com/pt/Content/images/boitmal/produit/zoom/094A75AC8A071DA408FC35BE073E31DE.jpg,,,,2025-06-11T23:59:59.999999999+01:00,PROSPECTUS,19,3,,
54632,5603722523045,1000.0,Gresso,"Leite UHT Meio Gordo, 1L",,0.87,0.87,1000,L,€/L,,,https://driveimg1.intermarche.com/pt/Content/images/boitmal/produit/zoom/ECF816693AC2579C9FB595FD8ABD96D7.jpg,,,,2025-06-11T23:59:59.999999999+01:00,PROSPECTUS,19,3,,
54762,8720182845283,285.0,Calvé,"Molho barbeque, 285 g",,1.94,6.81,0,kg,€/Kg,,,https://driveimg1.intermarche.com/pt/Content/images/boitmal/produit/zoom/574635A0ADAC7191A1DBEEC4B02151C7.jpg,,,,2025-06-11T23:59:59.999999999+01:00,PROSPECTUS,19,3,,
54891,8700216443647,325.0,Pantene,"Champô Pro-V Active Nutri-Plex Anticaspa, 325ml",,3.94,12.12,325,L,€/L,,,https://driveimg1.intermarche.com/pt/Content/images/boitmal/produit/zoom/866D8EA218892925315346F23B26BAF5.jpg,,,,2025-06-11T23:59:59.999999999+01:00,PROSPECTUS,19,3,,
55035,5000116127092,1075.0,Iglo,"Douradinhos de Frango, 1075g",,10.99,10.22,0,kg,€/Kg,,Tipo de stockagem,https://driveimg1.intermarche.com/pt/Content/images/boitmal/produit/zoom/FAB61321DC690D849D3EB2146912C9EF.jpg,,,,2025-06-11T23:59:59.999999999+01:00,PROSPECTUS,19,3,,
55156,8719200274150,500.0,Vaqueiro,"Creme Culinário, 500g",,1.99,3.98,0,kg,€/Kg,,,https://driveimg1.intermarche.com/pt/Content/images/boitmal/produit/zoom/EE4037CFA60F756DCD627E782CDE4558.jpg,,,,2025-06-11T23:59:59.999999999+01:00,PROSPECTUS,19,3,,
55715,8436048965575,118.0,Artiach,"Bolachas Filipinos Caramelo Salgado, 118g",,1.49,12.63,0,kg,€/Kg,,,https://driveimg1.intermarche.com/pt/Content/images/boitmal/produit/zoom/72CF06F89514BCE7B1CA4F6864790490.jpg,,,,2025-06-11T23:59:59.999999999+01:00,PROSPECTUS,19,3,,
55716,8436048965513,120.0,Artiach,"Bolachas Filipinos de Leite, 120g",,1.49,12.42,0,kg,€/Kg,,,https://driveimg1.intermarche.com/pt/Content/images/boitmal/produit/zoom/DF088B6B0F678D7C88ED192F9118C7FD.jpg,,,,2025-06-11T23:59:59.999999999+01:00,PROSPECTUS,19,3,,
5977,5604260274086,,PorSi,"Acendalha branca, 32 cubos",,1.15,1.15,0,,€/Unidade,,,https://driveimg1.intermarche.com/pt/Content/images/boitmal/produit/zoom/5D848885F4F58352BFD5FA139BD7FC0A.jpg,https://driveimg1.intermarche.com/pt/Content/images/boitmal/produit/zoom/1FFF9F1373872F7DE961EE146FD1DAB4.jpg,https://driveimg1.intermarche.com/pt/Content/images/boitmal/produit/zoom/1FFF9F1373872F7DE961EE146FD1DAB4.jpg,,2025-06-11T23:59:59.999999999+01:00,PROSPECTUS,19,3,,
5985,5604422145209,1000.0,Macieira,"Brandy, garrafa de 1l",,15.49,15.49,1000,L,€/L,,,https://driveimg1.intermarche.com/pt/Content/images/boitmal/produit/zoom/37C436F862C365D2BAC7E678CC3E6C1F.jpg,,,,2025-06-11T23:59:59.999999999+01:00,PROSPECTUS,19,3,,
6460,8410436216777,53.0,Sonasol,Bloco Sanitário Poder Activo Floral,Embalagem de 50 g,1.98,37.36,0,kg,€/Kg,,,https://driveimg1.intermarche.com/pt/Content/images/boitmal/produit/zoom/428A90D17C72E1CEA455915A18AE3510.jpg,,,,2025-06-11T23:59:59.999999999+01:00,PROSPECTUS,19,3,,
6534,8411134100757,,Control,12 Preservativos Adapta Nature,,6.64,6.64,0,,€/Unidade,,,https://driveimg1.intermarche.com/pt/Content/images/boitmal/produit/zoom/FDF08D82C86793FE90E9995C0ED6E2C0.jpg,https://driveimg1.intermarche.com/pt/Content/images/boitmal/produit/zoom/C568F514DA52A86EAC67EF526EF8F152.jpg,,,2025-06-11T23:59:59.999999999+01:00,PROSPECTUS,19,3,,
8534,5601119957183,120.0,Campofrio,"Peito peru forno lenha fatias clássicas, embalagem de 120g",,2.19,18.25,0,kg,€/Kg,,,https://driveimg1.intermarche.com/pt/Content/images/boitmal/produit/zoom/623D6B2EB3EE61B2128AE1B5E62C0910.jpg,,,,2025-06-11T23:59:59.999999999+01:00,PROSPECTUS,19,3,,
8894,5601331001022,60.0,Couto,Pasta dentífrica,Embalagem de 60 ml,2.99,49.83,60,L,€/L,,,https://driveimg1.intermarche.com/pt/Content/images/boitmal/produit/zoom/F585238FA7306633A5A536FE4A13386A.jpg,,,,2025-06-11T23:59:59.999999999+01:00,PROSPECTUS,19,3,,
9184,5602348062754,70.0,Damatta,Presunto sabor português fatiado,Embalagem de 70 g,2.29,32.71,0,kg,€/Kg,,,https://driveimg1.intermarche.com/pt/Content/images/boitmal/produit/zoom/9AE2DBDD0E054DD3DCAC93A9D0EE8ECE.jpg,,,,2025-06-11T23:59:59.999999999+01:00,PROSPECTUS,19,3,,
9311,5603722502064,250.0,Mimosa,"Manteiga fácil de barrar, embalagem de 250g",,2.24,8.96,0,kg,€/Kg,,,https://driveimg1.intermarche.com/pt/Content/images/boitmal/produit/zoom/FEF75CFD36A5CE8709DF5D4930F11917.jpg,https://driveimg1.intermarche.com/pt/Content/images/boitmal/produit/zoom/A8C47E9F1F12DFE2439D3530C38E2D87.jpg,https://driveimg1.intermarche.com/pt/Content/images/boitmal/produit/zoom/2EE410FD3A0147BBB442FA96902FFF46.jpg,,2025-06-11T23:59:59.999999999+01:00,PROSPECTUS,19,3,,
15577,5604260279166,125.0,PorSi,Framboesa,Embalagem com 125g,1.59,12.72,0,kg,€/Kg,,,https://driveimg1.intermarche.com/pt/Content/images/boitmal/produit/zoom/B88FD29FAEF1BF8CB6DEB86AC94C2B60.jpg,,,,2025-06-11T23:59:59.999999999+01:00,PROSPECTUS,19,3,,
42154,5604260304707,340.0,PorSi,Fiambre da perna extra,Pack Poupança de 2 x 170 g,3.29,9.68,0,kg,€/Kg,,,https://driveimg1.intermarche.com/pt/Content/images/boitmal/produit/zoom/522CF7C8AF248AB65F1CD031BC66A250.jpg,,,,2025-06-11T23:59:59.999999999+01:00,PROSPECTUS,19,3,,
12046,5604260104116,500.0,PorSi,Molho bechamel,Embalagem de 500 ml,1.59,3.18,500,L,€/L,,,https://driveimg1.intermarche.com/pt/Content/images/boitmal/produit/zoom/B291394A8F64F4ED834F032F124A988C.jpg,,,,2025-06-11T23:59:59.999999999+01:00,PROSPECTUS,19,3,,
41774,5604260306718,160.0,PorSi,"Iogurte líquido melão/melancia ,  4x160 ml",,1.35,8.44,160,L,€/L,,,https://driveimg1.intermarche.com/pt/Content/images/boitmal/produit/zoom/31AEBAAA540739B5D42651F7D28CCD67.jpg,,,,2025-06-11T23:59:59.999999999+01:00,PROSPECTUS,19,3,,
49831,8445290157348,390.0,Nesquik,"Achocolatado em pó, embalagem de 390g",,3.49,8.95,0,kg,€/Kg,,,https://driveimg1.intermarche.com/pt/Content/images/boitmal/produit/zoom/1C8D0ADDD419DD646B2CF36E18D3378F.jpg,,,,2025-06-11T23:59:59.999999999+01:00,PROSPECTUS,19,3,,
30638,5607233511584,435.0,Panrico,Pão de Forma Cerealia 14 Cereais e Sementes 0% Açúcares,Embalagem de 440g,1.99,4.57,0,kg,€/Kg,,,https://driveimg1.intermarche.com/pt/Content/images/boitmal/produit/zoom/80E82D3789FD680BAAA3FD45989D08CD.jpg,,,,2025-06-11T23:59:59.999999999+01:00,PROSPECTUS,19,3,,
52880,8719200267794,450.0,Becel,"Creme vegetal de barrar com sabor a manteiga, 450g",,3.56,7.91,0,kg,€/Kg,,,https://driveimg1.intermarche.com/pt/Content/images/boitmal/produit/zoom/E2EFE8BE5E96AF9FCA9D840059BF696C.jpg,https://driveimg1.intermarche.com/pt/Content/images/boitmal/produit/zoom/287D301C66C180312FAA8A3BAE7EA710.jpg,https://driveimg1.intermarche.com/pt/Content/images/boitmal/produit/zoom/287D301C66C180312FAA8A3BAE7EA710.jpg,https://driveimg1.intermarche.com/pt/Content/images/boitmal/produit/zoom/287D301C66C180312FAA8A3BAE7EA710.jpg,2025-06-11T23:59:59.999999999+01:00,PROSPECTUS,19,3,,
42576,5604260304615,200.0,PorSi,Molho bechamel,Embalagem de 200g,0.84,4.2,0,kg,€/Kg,,,https://driveimg1.intermarche.com/pt/Content/images/boitmal/produit/zoom/6EB95311E9A7982125D3313FC46AEA69.jpg,https://driveimg1.intermarche.com/pt/Content/images/boitmal/produit/zoom/873E688259483F162720EC00DE7C700F.jpg,https://driveimg1.intermarche.com/pt/Content/images/boitmal/produit/zoom/873E688259483F162720EC00DE7C700F.jpg,https://driveimg1.intermarche.com/pt/Content/images/boitmal/produit/zoom/873E688259483F162720EC00DE7C700F.jpg,2025-06-11T23:59:59.999999999+01:00,PROSPECTUS,19,3,https://driveimg1.intermarche.com/pt/Content/images/boitmal/produit/zoom/873E688259483F162720EC00DE7C700F.jpg,
11963,5603722505775,250.0,Mimosa,"Manteiga sem sal, embalagem de 250g",,2.19,8.76,0,kg,€/Kg,,,https://driveimg1.intermarche.com/pt/Content/images/boitmal/produit/zoom/9BCF64C54A7D7626D65710EBF82436CC.jpg,https://driveimg1.intermarche.com/pt/Content/images/boitmal/produit/zoom/1EA90F949357E7F98D48732996035C6E.jpg,https://driveimg1.intermarche.com/pt/Content/images/boitmal/produit/zoom/1F0AD169BB42B947BB5B96F6E89FDECD.jpg,,2025-06-11T23:59:59.999999999+01:00,PROSPECTUS,19,3,,
48907,5604260320769,,PorSi,Penso diário normal,Embalagem de 64 unidades,1.69,1.69,64,,€/Unidade,,,https://driveimg1.intermarche.com/pt/Content/images/boitmal/produit/zoom/DFB079CBF477779AF2A84A2F43E7FF7B.jpg,https://driveimg1.intermarche.com/pt/Content/images/boitmal/produit/zoom/C20F8AD2FC19771FE6AB1B975D7F3E8C.jpg,https://driveimg1.intermarche.com/pt/Content/images/boitmal/produit/zoom/C20F8AD2FC19771FE6AB1B975D7F3E8C.jpg,https://driveimg1.intermarche.com/pt/Content/images/boitmal/produit/zoom/C20F8AD2FC19771FE6AB1B975D7F3E8C.jpg,2025-06-11T23:59:59.999999999+01:00,PROSPECTUS,19,3,https://driveimg1.intermarche.com/pt/Content/images/boitmal/produit/zoom/C20F8AD2FC19771FE6AB1B975D7F3E8C.jpg,https://driveimg1.intermarche.com/pt/Content/images/boitmal/produit/zoom/C20F8AD2FC19771FE6AB1B975D7F3E8C.jpg
38148,5603722519123,1000.0,Milhafre,Leite de Pastagem Biológico Meio Gordo,1 litro,1.18,1.18,1000,L,€/L,,Produtos Bio,https://driveimg1.intermarche.com/pt/Content/images/boitmal/produit/zoom/DCB3EAE989BC2DDA8E3D76C140D59BA5.jpg,,,,2025-06-11T23:59:59.999999999+01:00,PROSPECTUS,19,3,,
1189,5601119007987,250.0,Nobre,"Salsichas de porco, lata de 250g",,1.67,6.68,0,kg,€/Kg,,,https://driveimg1.intermarche.com/pt/Content/images/boitmal/produit/zoom/0B023C2ECBDBE7AB09A89A8810925D65.jpg,,,,2025-06-11T23:59:59.999999999+01:00,PROSPECTUS,19,3,,
29612,5604260283545,1000.0,PorSi Viva Bem,Bebida de Arroz,1 l,1.19,1.19,1000,L,€/L,,,https://driveimg1.intermarche.com/pt/Content/images/boitmal/produit/zoom/1CC67FBC1159B7AB53C4B66B360A0BCF.jpg,,,,2025-06-11T23:59:59.999999999+01:00,PROSPECTUS,19,3,,
8537,5601119957206,120.0,Campofrio,"Peito frango forno lenha fatias clássicas, embalagem de 120g",,2.19,18.25,0,kg,€/Kg,,,https://driveimg1.intermarche.com/pt/Content/images/boitmal/produit/zoom/A5EDB423B7786C27645C35469FF56E84.jpg,,,,2025-06-11T23:59:59.999999999+01:00,PROSPECTUS,19,3,,
50630,5603722521461,1208.0,Mimosa,"Iogurte magro liquido de ananas e manga, 8x151ml",,2.99,2.48,1208,L,€/L,,,https://driveimg1.intermarche.com/pt/Content/images/boitmal/produit/zoom/391469C60827762112BDD90CD5A7ACC1.jpg,,,,2025-06-11T23:59:59.999999999+01:00,PROSPECTUS,19,3,,
2779,8410180108038,185.0,Artiach,Bolachas infantil dinossauros,Embalagem de 190g,1.69,9.14,0,kg,€/Kg,,,https://driveimg1.intermarche.com/pt/Content/images/boitmal/produit/zoom/93FFBED3F451AE6676EBADF170E0F9AC.jpg,,,,2025-06-11T23:59:59.999999999+01:00,PROSPECTUS,19,3,,
13094,2893070000000,150.0,Peixaria,Carapau Médio Fresco,1 un = 150 gr (aprox.),0.52,3.49,0,,€/Kg,,,https://driveimg1.intermarche.com/pt/Content/images/boitmal/produit/zoom/9E2B2401113767EAD496436587CA5A46.jpg,,,,2025-06-11T23:59:59.999999999+01:00,PROSPECTUS,19,3,,
13373,2893800000000,750.0,Bacalhau,Bacalhau Corrente da Noruega,1 un= 750 g (aprox.),6.97,9.29,0,,€/Kg,,,https://driveimg1.intermarche.com/pt/Content/images/boitmal/produit/zoom/D74E09EC00B79A52E13EB6B9341BD6BA.jpg,,,,2025-06-11T23:59:59.999999999+01:00,PROSPECTUS,19,3,,
49964,8719200238176,225.0,Becel,"Creme de barrar, embalagem de 225g",,1.99,8.84,0,kg,€/Kg,,,https://driveimg1.intermarche.com/pt/Content/images/boitmal/produit/zoom/02C3B8CB4BF40DA381639A6BD63AEBA6.jpg,,,,2025-06-11T23:59:59.999999999+01:00,PROSPECTUS,19,3,,
6988,0000056090017,100.0,Eru,Queijo creme real,Embalagem de 100 g,1.38,13.8,0,kg,€/Kg,,,https://driveimg1.intermarche.com/pt/Content/images/boitmal/produit/zoom/903838029622B2F4259D8E514B009979.jpg,,,,2025-06-11T23:59:59.999999999+01:00,PROSPECTUS,19,3,,
15687,5000116109234,700.0,Iglo,"Ervilhas, embalagem de 700g",,3.39,4.84,0,kg,€/Kg,,Tipo de stockagem,https://driveimg1.intermarche.com/pt/Content/images/boitmal/produit/zoom/AC9F197DD289CE6E6A9903FC824FDD75.jpg,,,,2025-06-11T23:59:59.999999999+01:00,PROSPECTUS,19,3,,
39625,5607233533951,385.0,Panrico,Pão cerealia 100% integral,Embalagem de 385g,1.49,3.87,0,kg,€/Kg,,,https://driveimg1.intermarche.com/pt/Content/images/boitmal/produit/zoom/41D40B955E0A17EB04A654C74F17935A.jpg,,,,2025-06-11T23:59:59.999999999+01:00,PROSPECTUS,19,3,,
44240,8410500010539,1200.0,Danone,"Iogurte líquido de morango kids, pack 12 x 100 g",,4.99,4.16,0,kg,€/Kg,,,https://driveimg1.intermarche.com/pt/Content/images/boitmal/produit/zoom/675F0D6784FF916C81A6BE90AA600C99.jpg,,,,2025-06-11T23:59:59.999999999+01:00,PROSPECTUS,19,3,,
17149,8436048440393,120.0,Artiach,"Bolacha infantil dinossaurus mini cereais, 120g",,1.49,12.42,0,kg,€/Kg,,,https://driveimg1.intermarche.com/pt/Content/images/boitmal/produit/zoom/1FED2E26C7BE3137E3235C534B824911.jpg,,,,2025-06-11T23:59:59.999999999+01:00,PROSPECTUS,19,3,,
26455,8006540830840,1250.0,Fairy,Detergente Líquido p/ Lavar Loiça Platinum Original,"Embalagem de 1,25 l",4.99,3.99,1250,L,€/L,,,https://driveimg1.intermarche.com/pt/Content/images/boitmal/produit/zoom/F9FB16396CA6333A721D98D1F2F69B67.jpg,,,,2025-06-11T23:59:59.999999999+01:00,PROSPECTUS,19,4,,
18618,5601027004870,210.0,Manhãzitos,Manhãzitos -50% açúcares,Embalagem 6x2 unidades,2.44,11.62,0,kg,€/Kg,,,https://driveimg1.intermarche.com/pt/Content/images/boitmal/produit/zoom/08521722BDB8760A47A03446C3145802.jpg,,,,2025-06-11T23:59:59.999999999+01:00,PROSPECTUS,19,4,,
21052,8435257034270,640.0,Nestlé,"Iogurte líquido yoggi, sem lactose, morango/banana, embalagem de 4 x 160g",,2.19,3.42,0,kg,€/Kg,,,https://driveimg1.intermarche.com/pt/Content/images/boitmal/produit/zoom/2F9637E1E7F59896708553BA46B62C91.jpg,,,,2025-06-11T23:59:59.999999999+01:00,PROSPECTUS,19,4,,
32158,4015400917328,480.0,Fairy,"Detergente Liquido da Loiça Limão, 480 ml",,2.54,5.29,480,L,€/L,,,https://driveimg1.intermarche.com/pt/Content/images/boitmal/produit/zoom/4E2BD689329F214554584573973F36ED.jpg,,,,2025-06-11T23:59:59.999999999+01:00,PROSPECTUS,19,4,,
32306,8718951202979,500.0,Palmolive,"Gel de banho naturals amêndoa e leite, 500 ml",,2.69,5.38,500,L,€/L,,,https://driveimg1.intermarche.com/pt/Content/images/boitmal/produit/zoom/F33F92F4F53A6A0ED534C67B846C0ABA.jpg,,,,2025-06-11T23:59:59.999999999+01:00,PROSPECTUS,19,4,,
35542,7613036867405,,Nescafé,"Café em cápsulas dolce gusto ristreto intenso, embalagem de 210g",,9.99,9.99,30,,€/Unidade,,,https://driveimg1.intermarche.com/pt/Content/images/boitmal/produit/zoom/FC99456EA03268527FE0EC549A21D081.jpg,,,,2025-06-11T23:59:59.999999999+01:00,PROSPECTUS,19,4,,
41297,5601050036534,440.0,Danone,"Iogurte oikos pêssego, embalagem de 4 x 110g",,1.99,4.52,0,kg,€/Kg,,,https://driveimg1.intermarche.com/pt/Content/images/boitmal/produit/zoom/C2BCC90FB2B192B3C8BC1E9CCF0DA4AF.jpg,,,,2025-06-11T23:59:59.999999999+01:00,PROSPECTUS,19,4,,
4786,5010029000061,430.0,Weetabix,"Cereais, embalagem de 430g",,3.44,8.0,0,kg,€/Kg,,,https://driveimg1.intermarche.com/pt/Content/images/boitmal/produit/zoom/232982B37BEBBB4A68E8B55711F4EB74.jpg,,,,2025-06-11T23:59:59.999999999+01:00,PROSPECTUS,19,4,,
48345,5604260318414,150.0,PorSi Viva Bem,Queijo gouda fatias 0% lactose,Embalagem de 150g,1.79,11.93,0,kg,€/Kg,,,https://driveimg1.intermarche.com/pt/Content/images/boitmal/produit/zoom/22C952CD8FFE4AA93EF3C9EB4961E5EF.jpg,,,,2025-06-11T23:59:59.999999999+01:00,PROSPECTUS,19,4,,
8416,5601050029345,1200.0,Danone,"Iogurte actimel, morango, embalagem de 12 x 100g",,4.99,4.16,0,kg,€/Kg,,,https://driveimg1.intermarche.com/pt/Content/images/boitmal/produit/zoom/745F8F4185D59AC1CCF745B58159ECA9.jpg,,,,2025-06-11T23:59:59.999999999+01:00,PROSPECTUS,19,4,,
9300,5603722497261,1500.0,Pleno,"Tisana chá verde/limão, garrafa de 1,5 l",,1.59,1.06,1500,L,€/L,,,https://driveimg1.intermarche.com/pt/Content/images/boitmal/produit/zoom/7EF2B204E50EAE71668E7C4A97DD36C7.jpg,,,,2025-06-11T23:59:59.999999999+01:00,PROSPECTUS,19,4,,
10823,2895063000000,250.0,Castelões,Queijo Curado kg,1 un = 250 gr  (aprox.),2.62,10.49,0,,€/Kg,,,https://driveimg1.intermarche.com/pt/Content/images/boitmal/produit/zoom/75B6363D9B6BD363EA11623977BF1CB2.jpg,,,,2025-06-11T23:59:59.999999999+01:00,PROSPECTUS,19,4,,
1328,5601165005760,15.0,Lipton,"10 saquetas infusão de cidreira, embalagem de 20g",,0.74,49.33,0,kg,€/Kg,,,https://driveimg1.intermarche.com/pt/Content/images/boitmal/produit/zoom/8EA72609B2FBFE9A06C9099CA2FDB5E1.jpg,,,,2025-06-11T23:59:59.999999999+01:00,PROSPECTUS,19,4,,
14372,8712100599392,550.0,Calvé,"Ketchup top down, embalagem de 550g",,2.59,4.71,0,kg,€/Kg,,,https://driveimg1.intermarche.com/pt/Content/images/boitmal/produit/zoom/6D3218F33B22BC3205033BC41E176600.jpg,https://driveimg1.intermarche.com/pt/Content/images/boitmal/produit/zoom/FE7F103C359D2D1FD7BF3FDC8DD381BA.jpg,https://driveimg1.intermarche.com/pt/Content/images/boitmal/produit/zoom/FE7F103C359D2D1FD7BF3FDC8DD381BA.jpg,https://driveimg1.intermarche.com/pt/Content/images/boitmal/produit/zoom/FE7F103C359D2D1FD7BF3FDC8DD381BA.jpg,2025-06-11T23:59:59.999999999+01:00,PROSPECTUS,19,4,,
15955,7613032408794,85.0,Purina Gourmet,"Comida húmida para gato peixe do oceano, embalagem de 90g",,0.87,10.24,0,kg,€/Kg,,,https://driveimg1.intermarche.com/pt/Content/images/boitmal/produit/zoom/FEEA8DEA9BB460BB34BF8E0ADF22D62F.jpg,,,,2025-06-11T23:59:59.999999999+01:00,PROSPECTUS,19,4,,
20967,5601027002593,175.0,Manhãzitos,5 manhãzitos choco chips,Embalagem de 175 g,2.24,12.8,0,kg,€/Kg,,,https://driveimg1.intermarche.com/pt/Content/images/boitmal/produit/zoom/6EB4FB571FE310CEFF50998F54BCFA17.jpg,,,,2025-06-11T23:59:59.999999999+01:00,PROSPECTUS,19,4,,
24369,5601050033045,620.0,Danone,"Iogurte líquido morango / kiwi corpos danone, embalagem de 4 x 155g",,1.89,3.05,0,kg,€/Kg,,,https://driveimg1.intermarche.com/pt/Content/images/boitmal/produit/zoom/4DF8E752E36F802BC82CCB72970E5D9F.jpg,,,,2025-06-11T23:59:59.999999999+01:00,PROSPECTUS,19,4,,
32342,5603722517334,200.0,Milhafre,Queijo açoriano fatias de textura cremosa,Embalagem de 200g,2.19,10.95,0,kg,€/Kg,,,https://driveimg1.intermarche.com/pt/Content/images/boitmal/produit/zoom/171D35F4FE014EB04FB3B5636B039DB0.jpg,,,,2025-06-11T23:59:59.999999999+01:00,PROSPECTUS,19,4,,
38557,5601027004764,315.0,Manhãzitos,Manhãzitos® planetus 9x2 un.,Embalagem de 315g,2.94,9.33,0,kg,€/Kg,,,https://driveimg1.intermarche.com/pt/Content/images/boitmal/produit/zoom/C011546637B7E58FA3E5267C7A9C6DFA.jpg,,,,2025-06-11T23:59:59.999999999+01:00,PROSPECTUS,19,4,,
48092,5604260322435,85.0,PorSi Select,Comida húmida gato adulto c/ frango,Embalagem de 85g,0.59,6.94,0,kg,€/Kg,,,https://driveimg1.intermarche.com/pt/Content/images/boitmal/produit/zoom/D84CC7B70A355206695BB81A8F5D3D9E.jpg,,,,2025-06-11T23:59:59.999999999+01:00,PROSPECTUS,19,4,,
49542,5604260323906,1000.0,PorSi Viva Bem,Bebida de amêndoa s/ açúcar,Embalagem de 1 litro,1.35,1.35,1000,L,€/L,,,https://driveimg1.intermarche.com/pt/Content/images/boitmal/produit/zoom/F89BE6092FFDF79437CA524ACE479BA7.jpg,,,,2025-06-11T23:59:59.999999999+01:00,PROSPECTUS,19,4,,
50405,8445290489173,900.0,Cerelac,"Papa Infantil 12 meses, 900g",,6.29,6.99,0,kg,€/Kg,,,https://driveimg1.intermarche.com/pt/Content/images/boitmal/produit/zoom/79C2E535CBAB06EFF8E7EE2B8A2191BC.jpg,,,,2025-06-11T23:59:59.999999999+01:00,PROSPECTUS,19,4,,
10669,8714789703046,360.0,Palmolive,"Sabonete sensitive, 4x90 g",,3.59,9.97,0,kg,€/Kg,,,https://driveimg1.intermarche.com/pt/Content/images/boitmal/produit/zoom/8140413D2E9C838D4EEF2E30218B12BC.jpg,,,,2025-06-11T23:59:59.999999999+01:00,PROSPECTUS,19,4,,
11974,5603722508752,200.0,Castelões,"Queijo em fatias original, embalagem de 200g",,2.19,10.95,0,kg,€/Kg,,,https://driveimg1.intermarche.com/pt/Content/images/boitmal/produit/zoom/9709716796DE3B121923F09B97DF17ED.jpg,,,,2025-06-11T23:59:59.999999999+01:00,PROSPECTUS,19,4,,
1272,5601151060254,500.0,Compal,"Tomate triturado, embalagem de 500g",,1.49,2.98,0,kg,€/Kg,,,https://driveimg1.intermarche.com/pt/Content/images/boitmal/produit/zoom/F73D2E34D160FB2C4040DA3AD1BBEF87.jpg,,,,2025-06-11T23:59:59.999999999+01:00,PROSPECTUS,19,4,,
16046,5604260276875,400.0,PorSi,Caramelo líquido,Embalagem de 400g,1.58,3.95,0,kg,€/Kg,,,https://driveimg1.intermarche.com/pt/Content/images/boitmal/produit/zoom/3C1A647CB04E76E9FC92AED572B6DBAA.jpg,,,,2025-06-11T23:59:59.999999999+01:00,PROSPECTUS,19,4,,
50629,5603722521454,1208.0,Mimosa,"Iogurte magro liquido de morango e framboesa, 8 x 151ml",,2.99,2.48,1208,L,€/L,,,https://driveimg1.intermarche.com/pt/Content/images/boitmal/produit/zoom/AB607BD866F448FA21D3247580B1F4C6.jpg,,,,2025-06-11T23:59:59.999999999+01:00,PROSPECTUS,19,4,,
5095,5601050026405,300.0,Danone,"Queijinho dadoninho petitdino de morango, embalagem de 6 x 50g",,1.99,6.63,0,kg,€/Kg,,,https://driveimg1.intermarche.com/pt/Content/images/boitmal/produit/zoom/285FD05A8135D405134AF6FB325A781F.jpg,,,,2025-06-11T23:59:59.999999999+01:00,PROSPECTUS,19,4,,
15503,8410500018931,400.0,Danonino Danone,"Iogurte líquido danonino tutti frutti, embalagem de 4 x 100 g",,2.09,5.23,0,kg,€/Kg,,,https://driveimg1.intermarche.com/pt/Content/images/boitmal/produit/zoom/49D4DFA8C6DABEB79926D4F0312C64D8.jpg,,,,2025-06-11T23:59:59.999999999+01:00,PROSPECTUS,19,4,,
18024,2696283000000,250.0,Pastelaria,"Baguete Constance Cereais, 250 g",,1.09,4.36,0,kg,€/Kg,,,https://driveimg1.intermarche.com/pt/Content/images/boitmal/produit/zoom/CA22C31024FFE026D063A83A78526055.jpg,,,,2025-06-11T23:59:59.999999999+01:00,PROSPECTUS,19,4,,
35089,5604260287246,,PorSi,"Acendalha ecológicas, 32 cubos",,0.99,0.99,0,,€/Unidade,,,https://driveimg1.intermarche.com/pt/Content/images/boitmal/produit/zoom/3C3A545F046A9053ADD48AE98FE47946.jpg,,,,2025-06-11T23:59:59.999999999+01:00,PROSPECTUS,19,4,,
4335,3600540829160,50.0,Narta men,"Desodorizante roll-on, invisimax",Embalagem de 50 ml,2.69,53.8,50,L,€/L,,,https://driveimg1.intermarche.com/pt/Content/images/boitmal/produit/zoom/A48BB816DCCE142F5DC4F8D9E2CEC850.jpg,,,,2025-06-11T23:59:59.999999999+01:00,PROSPECTUS,19,4,,
43392,5604260311378,375.0,PorSi,Cereais bolas com mel,Embalagem de 375g,1.79,4.77,0,kg,€/Kg,,,https://driveimg1.intermarche.com/pt/Content/images/boitmal/produit/zoom/E686EAE4A3B1CBA594ADC6301BF9F075.jpg,,,,2025-06-11T23:59:59.999999999+01:00,PROSPECTUS,19,4,,
51908,3073781193169,125.0,A Vaca Que Ri,"Queijo fundido light, 125g",,1.79,14.32,0,kg,€/Kg,,,https://driveimg1.intermarche.com/pt/Content/images/boitmal/produit/zoom/DDB0DD03C426F497B7B8B17EEEC004CB.jpg,,,,2025-06-11T23:59:59.999999999+01:00,PROSPECTUS,19,4,,
942,5601001324109,100.0,Nescafé,"Café solúvel gold, embalagem de 100g",,5.69,56.9,0,kg,€/Kg,,,https://driveimg1.intermarche.com/pt/Content/images/boitmal/produit/zoom/56AF775E1D437B4623D4E42AE4DAA827.jpg,,,,2025-06-11T23:59:59.999999999+01:00,PROSPECTUS,19,4,,
