identifier,produitEan13,capacite,marque,libelle,conditionnement,prix,unitPrice,volume,typeProduit_uniteByCode,unit_value,pictogrammes_0,pictogrammes_libelleCategorie,images_0,images_1,images_2,images_3,avantages_dateFin,avantages_categorie,nro_paginas,page,images_4,images_5
23590,5603722514142,1600.0,Agros,"Leite com chocolate, embalagem de 8x200 ml",,2.79,1.74,1600,L,€/L,,,https://driveimg1.intermarche.com/pt/Content/images/boitmal/produit/zoom/4B07C2A65AC5D9D66E12210391EDB136.jpg,,,,2026-02-11T23:59:59Z,PROSPECTUS,15,1,,
28640,5054563030948,75.0,Aquafresh,Dentífrico Tripla Proteção,Embalagem de 75 ml,1.69,22.53,75,L,€/L,,,https://driveimg1.intermarche.com/pt/Content/images/boitmal/produit/zoom/3F822B9D22CAC67DC8DBD8698E3FBBBD.jpg,,,,2026-02-11T23:59:59Z,PROSPECTUS,15,1,,
4947,5449000054227,1000.0,Coca-Cola,"Refrigerante com Gás Cola, emb. 1 lt",,1.25,1.25,1000,L,€/L,,,https://driveimg1.intermarche.com/pt/Content/images/boitmal/produit/zoom/3281D4D34500D6DBD7784B7DAA420E55.jpg,,,,2026-02-11T23:59:59Z,PROSPECTUS,15,1,,
42050,5029053565347,,Depend,"Cuecas Incontinência Super L/XL, emb. 9 un",,9.99,9.99,0,,€/Unidade,,,https://driveimg1.intermarche.com/pt/Content/images/boitmal/produit/zoom/D6461693316C4272827E168251E92A46.jpg,,,,2026-02-11T23:59:59Z,PROSPECTUS,15,1,,
48238,8410199023094,170.0,LayS,"Lays gourmet, embalagem de 180 g",,1.49,8.76,0,kg,€/Kg,,,https://driveimg1.intermarche.com/pt/Content/images/boitmal/produit/zoom/AA6FA3F91FCD11341E4CD77B7FF49E06.jpg,,,,2026-02-11T23:59:59Z,PROSPECTUS,15,1,,
5568,5602042100707,700.0,Licor Beirão,"Licor, garrafa de 700 ml",,11.49,16.41,700,L,€/L,,,https://driveimg1.intermarche.com/pt/Content/images/boitmal/produit/zoom/07C8FF4320A08C5A6B4CACC9EE87EA83.jpg,,,,2026-02-11T23:59:59Z,PROSPECTUS,15,1,,
8383,5601049132995,1000.0,Mimosa,"Leite uht meio gordo, embalagem de 1litro",,0.87,0.87,1000,L,€/L,,,https://driveimg1.intermarche.com/pt/Content/images/boitmal/produit/zoom/6FB52C843F677BD37D399D45BB10B38B.jpg,https://driveimg1.intermarche.com/pt/Content/images/boitmal/produit/zoom/AE810093A08CEBD60415DCC626CF5804.jpg,https://driveimg1.intermarche.com/pt/Content/images/boitmal/produit/zoom/A0562293538F541B1B99592AA046327B.jpg,,2026-02-11T23:59:59Z,PROSPECTUS,15,1,,
11967,5601049612336,250.0,Mimosa,"Manteiga com sal, embalagem de 250g",,2.09,8.36,0,kg,€/Kg,,,https://driveimg1.intermarche.com/pt/Content/images/boitmal/produit/zoom/2C2D066D904F137421CA4F472DC07738.jpg,https://driveimg1.intermarche.com/pt/Content/images/boitmal/produit/zoom/B59AE74FD0DBE6C3112F001AFF69E867.jpg,https://driveimg1.intermarche.com/pt/Content/images/boitmal/produit/zoom/BB9196C3025886DBB6F20EDD70A1CA7A.jpg,,2026-02-11T23:59:59Z,PROSPECTUS,15,1,,
11935,5603124023273,545.0,Mistolin,"Tira gorduras pistola, 550 ml",,2.49,4.57,545,L,€/L,,,https://driveimg1.intermarche.com/pt/Content/images/boitmal/produit/zoom/61307002E6EA5352BB9A64A39F439A9A.jpg,,,,2026-02-11T23:59:59Z,PROSPECTUS,15,1,,
41876,5604172000520,9000.0,Monchique,"Água mineral natural, 6 x 1.5l",,3.79,0.42,9000,L,€/L,,,https://driveimg1.intermarche.com/pt/Content/images/boitmal/produit/zoom/D804156A7441EC8EE6CE6F8CBAF1941E.jpg,,,,2026-02-11T23:59:59Z,PROSPECTUS,15,1,,
9121,5601999200041,750.0,Moura,"Azeite de moura dop virgem extra, garrafa de 750 ml",,6.89,9.19,750,L,€/L,,,https://driveimg1.intermarche.com/pt/Content/images/boitmal/produit/zoom/392DC5B4CD2C56B2B7E596E54DE04F3D.jpg,,,,2026-02-11T23:59:59Z,PROSPECTUS,15,1,,
29356,8718951202856,500.0,Palmolive,"Gel de banho natural leite e mel, 500 ml",,2.49,4.98,500,L,€/L,,,https://driveimg1.intermarche.com/pt/Content/images/boitmal/produit/zoom/6CB5E843C7A08E2ECE1293E08A53478D.jpg,,,,2026-02-11T23:59:59Z,PROSPECTUS,15,1,,
929,5601001187803,625.0,Nestlé,"Cereais Chocapic, emb. 625 gr",,3.39,5.42,0,kg,€/Kg,,,https://driveimg1.intermarche.com/pt/Content/images/boitmal/produit/zoom/8DB31C1F3066D48D593AE11B75516670.jpg,,,,2026-02-11T23:59:59Z,PROSPECTUS,15,1,,
54893,8700216442978,325.0,Pantene,"Champô Pro-V Active Nutri-Plex Cuidado Clássico, 325ml",,3.49,10.74,325,L,€/L,,,https://driveimg1.intermarche.com/pt/Content/images/boitmal/produit/zoom/B2290A645A2396AA428BD0D525C34EAB.jpg,,,,2026-02-11T23:59:59Z,PROSPECTUS,15,1,,
54897,8700216442725,275.0,Pantene,"Condicionador Pro-V Active Nutri-Plex Cuidado Clássico, 275ml",,3.49,12.69,275,L,€/L,,,https://driveimg1.intermarche.com/pt/Content/images/boitmal/produit/zoom/6511EE6E91F07895A978A24DCF290A7A.jpg,,,,2026-02-11T23:59:59Z,PROSPECTUS,15,1,,
1484,5601326000122,1000.0,Pato real,Arroz carolino malandrinho,Embalagem de 1 kg,1.29,1.29,0,kg,€/Kg,,,https://driveimg1.intermarche.com/pt/Content/images/boitmal/produit/zoom/EF54F6404384A19B3FBA2850089F9FBC.jpg,,,,2026-02-11T23:59:59Z,PROSPECTUS,15,1,,
18488,5600744051013,220.0,Saborosa,"Bolacha de manteiga belga original, embalagem de 220g",,1.39,6.32,0,kg,€/Kg,,,https://driveimg1.intermarche.com/pt/Content/images/boitmal/produit/zoom/435E3C8EAE2EA4A45A8BB3A81B14CF20.jpg,,,,2026-02-11T23:59:59Z,PROSPECTUS,15,1,,
20354,5601045001318,1500.0,Sumol,"Refrigerante com gás de maracujá, 1,5L",,1.25,0.83,1500,L,€/L,,,https://driveimg1.intermarche.com/pt/Content/images/boitmal/produit/zoom/5C18444DCE9CAD39D8FB3FF37DA42976.jpg,,,,2026-02-11T23:59:59Z,PROSPECTUS,15,1,,
5272,5601164902312,4800.0,Super Bock,"Cerveja com álcool, pack 24 x 0.20 l",,9.79,2.04,4800,L,€/L,,,https://driveimg1.intermarche.com/pt/Content/images/boitmal/produit/zoom/A98E5FF8E5DDF166F2B333F0EE0114E7.jpg,https://driveimg1.intermarche.com/pt/Content/images/boitmal/produit/zoom/C2C2858ADC421F33AF17C6115D108100.jpg,,,2026-02-11T23:59:59Z,PROSPECTUS,15,1,,
12994,2892524000000,100.0,Legumes,Cenoura Granel,1 un = 100 gr (aprox.),0.09,0.89,0,,€/Kg,,,https://driveimg1.intermarche.com/pt/Content/images/boitmal/produit/zoom/5AEDEF3ED6ABEF24EACEE9C46AA7916F.jpg,,,,2026-02-11T23:59:59Z,PROSPECTUS,15,1,,
13914,2891225000000,350.0,Frango,Perna com Costa,1 un. = 300 g (aprox.),0.94,2.69,0,,€/Kg,,,https://driveimg1.intermarche.com/pt/Content/images/boitmal/produit/zoom/D1297D1CD095629263E582A65B4C3857.jpg,,,,2026-02-11T23:59:59Z,PROSPECTUS,15,1,,
13934,2891062000000,250.0,Porco,Rojões,1 un = 250 gr  (aprox.),1.0,3.99,0,,€/Kg,,,https://driveimg1.intermarche.com/pt/Content/images/boitmal/produit/zoom/925F2FDC1F925A7FD71EE6165315B22E.jpg,,,,2026-02-11T23:59:59Z,PROSPECTUS,15,1,,
12978,2892462000000,400.0,Legumes,Alface Frisada,1 un= 400 g (aprox.),0.68,1.69,0,,€/Kg,,,https://driveimg1.intermarche.com/pt/Content/images/boitmal/produit/zoom/11753DE36CD8D1B450ED5A40B08A088C.jpg,,,,2026-02-11T23:59:59Z,PROSPECTUS,15,1,,
13821,2892597000000,200.0,Legumes,Tomate Cacho,1 un = 200 gr (aprox.),0.34,1.69,0,,€/Kg,,,https://driveimg1.intermarche.com/pt/Content/images/boitmal/produit/zoom/FD67F77AFAB450B6A4FA38E0279E6686.jpg,,,,2026-02-11T23:59:59Z,PROSPECTUS,15,1,,
13866,2891048000000,1000.0,Porco,Bifanas,Vendido ao peso a partir de 1 kg,3.99,3.99,0,,€/Kg,,,https://driveimg1.intermarche.com/pt/Content/images/boitmal/produit/zoom/72DE0DA6B485199AC995C629E3E4D279.jpg,,,,2026-02-11T23:59:59Z,PROSPECTUS,15,1,,
1834,5604260034505,500.0,PorSi,Batatas Fritas Palha Larga 500g,,2.58,5.16,0,kg,€/Kg,,,https://driveimg1.intermarche.com/pt/Content/images/boitmal/produit/zoom/C01ACEDAC47CBE95FC31DF87E03A78AD.jpg,,,,2026-02-11T23:59:59Z,PROSPECTUS,15,1,,
46714,5604260318742,,PorSi,Papel Higiénico Branco 3 Folhas 12 Rolos,,3.49,3.49,0,,€/Unidade,,,https://driveimg1.intermarche.com/pt/Content/images/boitmal/produit/zoom/302F6B4FE48393BA7E5D666ED55E249B.jpg,,,,2026-02-11T23:59:59Z,PROSPECTUS,15,1,,
7039,2894063000000,150.0,PorSi,Fiambre da Pá,1 un = 150 gr (aprox.),1.2,7.99,0,,€/Kg,,,https://driveimg1.intermarche.com/pt/Content/images/boitmal/produit/zoom/B263AAD24D8655825D397EE88CE54C25.jpg,,,,2026-02-11T23:59:59Z,PROSPECTUS,15,1,,
56276,5604260334186,220.0,PorSi,Bolachas Cacau com Recheio 220g,,1.06,4.82,0,kg,€/Kg,,,https://driveimg1.intermarche.com/pt/Content/images/boitmal/produit/zoom/55B93F47F44FB0AE2D894C4BDC43AE83.jpg,,,,2026-02-11T23:59:59Z,PROSPECTUS,15,1,,
9315,5603722509544,1000.0,Mimosa,"Leite 0% lactose magro, de 1l",,1.14,1.14,1000,L,€/L,,,https://driveimg1.intermarche.com/pt/Content/images/boitmal/produit/zoom/0350D0DE44A653A9AB01722B06443E94.jpg,https://driveimg1.intermarche.com/pt/Content/images/boitmal/produit/zoom/DC5219EC1E15E09529E323B7D196FADA.jpg,https://driveimg1.intermarche.com/pt/Content/images/boitmal/produit/zoom/DC48BFFA4281D8016E9FB40168ED4485.jpg,,2026-02-11T23:59:59Z,PROSPECTUS,15,1,,
18778,5604260274963,200.0,PorSi Select,Alheira de Mirandela Igp 200g,,1.39,6.95,0,kg,€/Kg,,,https://driveimg1.intermarche.com/pt/Content/images/boitmal/produit/zoom/93E265B38537CF7D9CC71734EEF39C20.jpg,,,,2026-02-18T23:59:59Z,PROSPECTUS,15,1,,
11961,5603722505607,1000.0,Mimosa,"Leite sem lactose meio gordo, de 1l",,1.14,1.14,1000,L,€/L,,,https://driveimg1.intermarche.com/pt/Content/images/boitmal/produit/zoom/A98ED8A0E5E675A3AC1A551BCE75B0AB.jpg,https://driveimg1.intermarche.com/pt/Content/images/boitmal/produit/zoom/4E57BFE09E8D859BDBE1705476BB9F1B.jpg,https://driveimg1.intermarche.com/pt/Content/images/boitmal/produit/zoom/E1F70144AAFCC0EAEBFF05614177D009.jpg,,2026-02-11T23:59:59Z,PROSPECTUS,15,1,,
13977,2696106000000,,Pastelaria,Folhado de Maçã,1 unidade= 100 g,0.75,0.75,0,,€/Unidade,,,https://driveimg1.intermarche.com/pt/Content/images/boitmal/produit/zoom/C92497D9C6A75CD832651E848AF344C3.jpg,,,,2026-02-11T23:59:59Z,PROSPECTUS,15,1,,
14038,2696013000000,80.0,Padaria,Bola mistura,1 unidade= 80 g,0.18,2.25,0,kg,€/Kg,,,https://driveimg1.intermarche.com/pt/Content/images/boitmal/produit/zoom/509539D5119FE663643D444B9A3F9D6A.jpg,,,,2026-02-11T23:59:59Z,PROSPECTUS,15,1,,
989,5601029004014,120.0,Bom Petisco,"Atum posta em óleo, embalagem de 120g",,1.19,9.92,0,kg,€/Kg,,,https://driveimg1.intermarche.com/pt/Content/images/boitmal/produit/zoom/0EDE399096BE62933DCF2A734D746C1A.jpg,,,,2026-02-11T23:59:59Z,PROSPECTUS,15,1,,
15059,2892578000000,200.0,Legumes,Nabo Roxo sem Rama,1 un = 200 gr (aprox.),0.38,1.89,0,,€/Kg,,,https://driveimg1.intermarche.com/pt/Content/images/boitmal/produit/zoom/EECF99CF1D26FD88C91EC2A5B22EA3C8.jpg,,,,2026-02-11T23:59:59Z,PROSPECTUS,15,1,,
17272,2891375000000,800.0,Novilho,Carne p/ Estufar,Vendido ao peso a partir de 800 g,9.59,11.99,0,,€/Kg,,,https://driveimg1.intermarche.com/pt/Content/images/boitmal/produit/zoom/74A9E71258207F3FD300DB35B0F5BB18.jpg,,,,2026-02-11T23:59:59Z,PROSPECTUS,15,1,,
26047,8412600070994,650.0,Bimbo,Pão de forma s/ côdea,Embalagem de 650 g,2.14,3.29,0,kg,€/Kg,,,https://driveimg1.intermarche.com/pt/Content/images/boitmal/produit/zoom/5D9620F17746A1D49642D0DCBD72A2D3.jpg,,,,2026-02-11T23:59:59Z,PROSPECTUS,15,1,,
47005,5604260315154,140.0,PorSi,Iogurte Bicompartimentado com Drageias Coloridas 140g,,0.58,4.14,0,kg,€/Kg,,,https://driveimg1.intermarche.com/pt/Content/images/boitmal/produit/zoom/E508BCBD83036F362863D6F44BCBDFC1.jpg,,,,2026-02-11T23:59:59Z,PROSPECTUS,15,1,,
56190,5604260337491,200.0,PorSi,Batatas Fritas Palha Fina 200g,,1.09,5.45,0,kg,€/Kg,,,https://driveimg1.intermarche.com/pt/Content/images/boitmal/produit/zoom/9208BA6719DBDC25994E7345CE7621EB.jpg,,,,2026-02-11T23:59:59Z,PROSPECTUS,15,1,,
13897,2891053000000,1000.0,Porco,Lombo sem Osso,Vendido ao peso a partir de 1 kg,4.49,4.49,0,,€/Kg,,,https://driveimg1.intermarche.com/pt/Content/images/boitmal/produit/zoom/415564DA70574ED3C1D7475F1F28BDB6.jpg,,,,2026-02-11T23:59:59Z,PROSPECTUS,15,1,,
13954,2891192000000,500.0,Porco,Tiras da Costela/Piano,1 un = 500 gr (aprox.),3.3,6.59,0,,€/Kg,,,https://driveimg1.intermarche.com/pt/Content/images/boitmal/produit/zoom/7D0B09E93398DFB0B31D06D5AFBD6B99.jpg,,,,2026-02-11T23:59:59Z,PROSPECTUS,15,1,,
16593,2696081000000,60.0,Padaria,Carcaça Forno de Pedra,1 un = 60 gr (aprox.),0.24,4.0,0,kg,€/Kg,,,https://driveimg1.intermarche.com/pt/Content/images/boitmal/produit/zoom/9ACBFD9AFE6222DA83AEB13A9FD53964.jpg,,,,2026-02-11T23:59:59Z,PROSPECTUS,15,1,,
55526,8436048965520,120.0,Artiach,"Bolachas Filipinos Chocolate Branco, 120g",,1.49,12.42,0,kg,€/Kg,,,https://driveimg1.intermarche.com/pt/Content/images/boitmal/produit/zoom/35327E82E374714AC1B41A1D1D6B708F.jpg,,,,2026-02-11T23:59:59Z,PROSPECTUS,15,1,,
927,5601001180903,380.0,Nestlé,Cereais chocapic,Embalagem de 375 g,2.24,5.89,0,kg,€/Kg,,,https://driveimg1.intermarche.com/pt/Content/images/boitmal/produit/zoom/EA69C754779AF0C6F4DD36E6F3A8C272.jpg,,,,2026-02-11T23:59:59Z,PROSPECTUS,15,1,,
10859,3023290400395,230.0,Nestlé,"Iogurte mix in kit kat, embalagem de 2 x 115g",,2.19,9.52,0,kg,€/Kg,,,https://driveimg1.intermarche.com/pt/Content/images/boitmal/produit/zoom/46A338E8D7EAC63B8EF63808F7DF5998.jpg,,,,2026-02-11T23:59:59Z,PROSPECTUS,15,1,,
13894,2891044000000,1000.0,Porco,Entremeada sem Entrecosto,Vendido ao peso a partir de 1 kg,4.89,4.89,0,,€/Kg,,,https://driveimg1.intermarche.com/pt/Content/images/boitmal/produit/zoom/033DDCE7C7F9A9CD99F0A4BEB2F74462.jpg,,,,2026-02-11T23:59:59Z,PROSPECTUS,15,1,,
14372,8712100599392,550.0,Calvé,"Ketchup Top Down sem Glúten, emb. 550 gr",,2.59,4.71,0,kg,€/Kg,,,https://driveimg1.intermarche.com/pt/Content/images/boitmal/produit/zoom/6D3218F33B22BC3205033BC41E176600.jpg,https://driveimg1.intermarche.com/pt/Content/images/boitmal/produit/zoom/FE7F103C359D2D1FD7BF3FDC8DD381BA.jpg,https://driveimg1.intermarche.com/pt/Content/images/boitmal/produit/zoom/FE7F103C359D2D1FD7BF3FDC8DD381BA.jpg,https://driveimg1.intermarche.com/pt/Content/images/boitmal/produit/zoom/FE7F103C359D2D1FD7BF3FDC8DD381BA.jpg,2026-02-11T23:59:59Z,PROSPECTUS,15,1,,
31516,8435257039107,1280.0,Nestlé,"Yoggi liquido morango, embalagem de 8x160g",,3.89,3.04,0,kg,€/Kg,,,https://driveimg1.intermarche.com/pt/Content/images/boitmal/produit/zoom/919C3780A665F064AD1803A3631A5911.jpg,,,,2026-02-11T23:59:59Z,PROSPECTUS,15,1,,
34239,5604260285495,1500.0,PorSi,Pera rocha categoria II Programa Origens,Embalagem de 1.5 kg,2.49,1.66,0,kg,€/Kg,,,https://driveimg1.intermarche.com/pt/Content/images/boitmal/produit/zoom/F6E3096BF97BB2633EACD15A32FEACF7.jpg,https://driveimg1.intermarche.com/pt/Content/images/boitmal/produit/zoom/11ABC193A8AF1413E11E1849F00D2775.jpg,,,2026-02-11T23:59:59Z,PROSPECTUS,15,1,,
43882,5604260309344,600.0,PorSi,Batata Rösti com Cebola 600g,,1.99,3.32,0,kg,€/Kg,,Tipo de stockagem,https://driveimg1.intermarche.com/pt/Content/images/boitmal/produit/zoom/3F84000CADE5B282CAAAB70AA494A13A.jpg,,,,2026-02-11T23:59:59Z,PROSPECTUS,15,1,,
48041,5604260323234,280.0,PorSi,Pães de Leite,,1.13,4.04,0,kg,€/Kg,,,https://driveimg1.intermarche.com/pt/Content/images/boitmal/produit/zoom/7DB0C5DD2CD83D23CD79D8EFFE845817.jpg,,,,2026-02-11T23:59:59Z,PROSPECTUS,15,1,,
5143,5601096201309,750.0,Casal Garcia,"Vinho verde branco, garrafa de 0.75 l",,3.49,4.65,750,L,€/L,,,https://driveimg1.intermarche.com/pt/Content/images/boitmal/produit/zoom/C499325EC5B55389E1608DCDF3310034.jpg,,,,2026-02-18T23:59:59Z,PROSPECTUS,15,1,,
52774,5604260329748,630.0,PorSi,Polpa Tomate Tetra 3x210g,,1.39,2.21,0,kg,€/Kg,,,https://driveimg1.intermarche.com/pt/Content/images/boitmal/produit/zoom/9D676468F00FF559F0BECC7FC3D16CCA.jpg,,,,2026-02-11T23:59:59Z,PROSPECTUS,15,1,,
56320,5604260330935,122.0,PorSi,Iogurte Bicompartimentado com Bolas Crocantes de Chocolate 122g,,0.58,4.75,0,kg,€/Kg,,,https://driveimg1.intermarche.com/pt/Content/images/boitmal/produit/zoom/33EBF5CA202F2B5511FF1775032C92B8.jpg,,,,2026-02-11T23:59:59Z,PROSPECTUS,15,1,,
13095,2893071000000,100.0,Peixaria,Carapau Pequeno,1 un = 100 g (aprox.),0.3,2.99,0,,€/Kg,,,https://driveimg1.intermarche.com/pt/Content/images/boitmal/produit/zoom/07606BE143D22CF4796A63CA9C752E5B.jpg,,,,2026-02-11T23:59:59Z,PROSPECTUS,15,1,,
13577,2893572000000,200.0,Peixaria,Pota Inteira Congelada,1 un= 200 gr (aprox.),1.0,4.99,0,,€/Kg,,Avantages !,https://driveimg1.intermarche.com/pt/Content/images/boitmal/produit/zoom/B2D6321EA80C5271A6C9DE3162C36D95.jpg,,,,2026-02-11T23:59:59Z,PROSPECTUS,15,1,,
13869,2891126000000,1000.0,PorSi,Coelho inteiro,Vendido ao peso,6.59,6.59,0,,€/Kg,,,https://driveimg1.intermarche.com/pt/Content/images/boitmal/produit/zoom/52C51860E551A8D97DAB91398A81FDB2.jpg,,,,2026-02-11T23:59:59Z,PROSPECTUS,15,1,,
1611,5601736901293,250.0,Mar Ibérica,"Cubos de Tamboril, emb. 250 gr",Embalagem de 250 g,3.39,13.56,0,kg,€/Kg,,Tipo de stockagem,https://driveimg1.intermarche.com/pt/Content/images/boitmal/produit/zoom/B7F6A60B0D063C4286B9079B713072D6.jpg,,,,2026-02-11T23:59:59Z,PROSPECTUS,15,1,,
17189,5603344531107,110.0,General,"Atum em posta, em azeite, embalagem de 110g",,1.49,13.55,0,kg,€/Kg,,,https://driveimg1.intermarche.com/pt/Content/images/boitmal/produit/zoom/9B578FD57DAE66EA731A200412CF6D79.jpg,,,,2026-02-11T23:59:59Z,PROSPECTUS,15,1,,
23277,5604260281268,150.0,Porsi Programa Origens,Salada Aromática 150 G,,1.19,7.93,0,kg,€/Kg,,,https://driveimg1.intermarche.com/pt/Content/images/boitmal/produit/zoom/C822174AC715DAAEACE1CDBB865D9449.jpg,,,,2026-02-11T23:59:59Z,PROSPECTUS,15,1,,
23278,5604260281282,250.0,Porsi Programa Origens,Salada Toscana 250 G,,1.19,4.76,0,kg,€/Kg,,,https://driveimg1.intermarche.com/pt/Content/images/boitmal/produit/zoom/829819BF310BA689C7002E0655E64BF5.jpg,,,,2026-02-11T23:59:59Z,PROSPECTUS,15,1,,
3526,2894034000000,150.0,Nobre,Fiambre da Perna Extra,1 un = 150 gr (aprox.),2.4,15.99,0,,€/Kg,,,https://driveimg1.intermarche.com/pt/Content/images/boitmal/produit/zoom/C76D05EF052819EDC79567520AD2D260.jpg,,,,2026-02-11T23:59:59Z,PROSPECTUS,15,1,,
50405,8445290489173,900.0,Cerelac,"Papa Infantil Farinha Láctea +12M, emb. 900 gr",,6.29,6.99,0,kg,€/Kg,,,https://driveimg1.intermarche.com/pt/Content/images/boitmal/produit/zoom/79C2E535CBAB06EFF8E7EE2B8A2191BC.jpg,,,,2026-02-11T23:59:59Z,PROSPECTUS,15,1,,
52598,5601217137975,1710.0,Quanto,"Amaciador roupa concentrado frutos silvestres, 95 doses",,3.99,2.33,1710,L,€/L,,,https://driveimg1.intermarche.com/pt/Content/images/boitmal/produit/zoom/1A92BA40F7151350053A912CC4251BEE.jpg,,,,2026-02-11T23:59:59Z,PROSPECTUS,15,1,,
536,3179148443103,20.0,Vahine,"Aroma baunilha, embalagem de 20g",,1.87,93.5,0,kg,€/Kg,,,https://driveimg1.intermarche.com/pt/Content/images/boitmal/produit/zoom/4069EC875760DD78F2D47BE0ADA9BCE5.jpg,,,,2026-02-11T23:59:59Z,PROSPECTUS,15,1,,
55717,8436048965650,120.0,Artiach,"Bolachas Filipinos Chocolate Negro, 120g",,1.49,12.42,0,kg,€/Kg,,,https://driveimg1.intermarche.com/pt/Content/images/boitmal/produit/zoom/3BD8C7F59FA6BA65A313CC23729BACE2.jpg,,,,2026-02-11T23:59:59Z,PROSPECTUS,15,1,,
56295,5604260336067,500.0,PorSi,Massa Penne Tricolor 500g,,1.09,2.18,0,kg,€/Kg,,,https://driveimg1.intermarche.com/pt/Content/images/boitmal/produit/zoom/B0E86244941DAA730396438224B44832.jpg,,,,2026-02-11T23:59:59Z,PROSPECTUS,15,1,,
8384,5601049133992,1000.0,Mimosa,"Leite uht magro, embalagem de 1litro",,0.87,0.87,1000,L,€/L,,,https://driveimg1.intermarche.com/pt/Content/images/boitmal/produit/zoom/128AB814EBA9C0783B386EB2E0A38CC9.jpg,https://driveimg1.intermarche.com/pt/Content/images/boitmal/produit/zoom/8C350978140C257D0AAD7365CD133F0C.jpg,https://driveimg1.intermarche.com/pt/Content/images/boitmal/produit/zoom/B9BED9F397071733FB4D36CBE39ECDBA.jpg,,2026-02-11T23:59:59Z,PROSPECTUS,15,1,,
8933,5601377339080,750.0,Monsaraz,"Vinho doc alentejo tinto, garrafa de 0,75 l",,3.49,4.65,750,L,€/L,,,https://driveimg1.intermarche.com/pt/Content/images/boitmal/produit/zoom/91D66AE5F752617A4B7436C49147FA1C.jpg,,,,2026-02-18T23:59:59Z,PROSPECTUS,15,1,,
10094,8435257040776,640.0,Nestlé,"Iogurte líquido yoggi banana, embalagem de 4 x 160 g",,1.99,3.11,0,kg,€/Kg,,,https://driveimg1.intermarche.com/pt/Content/images/boitmal/produit/zoom/6885FCEF2FEF4752D565E64A3BDEE242.jpg,,,,2026-02-11T23:59:59Z,PROSPECTUS,15,1,,
10509,8435250297955,256.0,Nestlé,"Iogurte mix in smarties baunilha, embalagem de 2 x 128 g",,2.19,8.55,0,kg,€/Kg,,,https://driveimg1.intermarche.com/pt/Content/images/boitmal/produit/zoom/5355941DC0922592DB9EDB46788FEE19.jpg,,,,2026-02-11T23:59:59Z,PROSPECTUS,15,1,,
12168,5604575110024,750.0,Cabriz,Vinho tinto doc dão,Garrafa de 0.75 l,3.99,5.32,750,L,€/L,,,https://driveimg1.intermarche.com/pt/Content/images/boitmal/produit/zoom/CB979CD463F1CB0F66C28E633F4A8508.jpg,https://driveimg1.intermarche.com/pt/Content/images/boitmal/produit/zoom/B79B99AC1459B8F6165E16A7A5B65E9E.jpg,https://driveimg1.intermarche.com/pt/Content/images/boitmal/produit/zoom/B79B99AC1459B8F6165E16A7A5B65E9E.jpg,https://driveimg1.intermarche.com/pt/Content/images/boitmal/produit/zoom/B79B99AC1459B8F6165E16A7A5B65E9E.jpg,2026-02-18T23:59:59Z,PROSPECTUS,15,1,,
12884,2892009000000,200.0,Fruta,Limão,1 un = 200 gr (aprox.),0.28,1.39,0,,€/Kg,,,https://driveimg1.intermarche.com/pt/Content/images/boitmal/produit/zoom/5223F19D9F11D77A77B2577CB1D4D05C.jpg,,,,2026-02-11T23:59:59Z,PROSPECTUS,15,1,,
13048,2893561000000,250.0,Marisco,Ameijoa Branca Vietnamita Congelada,Vendido a partir de 250 gr  (aprox.),0.5,1.99,0,,€/Kg,,Avantages !,https://driveimg1.intermarche.com/pt/Content/images/boitmal/produit/zoom/EB1BC296FF41180E6F3E1626AD4F78AA.jpg,,,,2026-02-11T23:59:59Z,PROSPECTUS,15,1,,
13599,2893594000000,500.0,Peixaria,Red Fish Grande Congelado,1 un = 500 gr (aprox.),2.5,4.99,0,,€/Kg,,Avantages !,https://driveimg1.intermarche.com/pt/Content/images/boitmal/produit/zoom/A3E98972B338DCF46BAA412A17BB9B0C.jpg,,,,2026-02-11T23:59:59Z,PROSPECTUS,15,1,,
13602,2893597000000,500.0,Peixaria,Pescada Média Argentina Congelada,+ de 500 g,2.25,4.49,0,,€/Kg,,Avantages !,https://driveimg1.intermarche.com/pt/Content/images/boitmal/produit/zoom/0D3A6A42D4C22CDA932A00A286926BF6.jpg,,,,2026-02-11T23:59:59Z,PROSPECTUS,15,1,,
13625,2893620000000,300.0,Peixaria,Salmão de viveiro à posta,1 un. = 300 g (aprox.),3.9,12.99,0,,€/Kg,,,https://driveimg1.intermarche.com/pt/Content/images/boitmal/produit/zoom/A170DAF9DE78983CFA7E8DD1EFE6A371.jpg,,,,2026-02-11T23:59:59Z,PROSPECTUS,15,1,,
13950,2891145000000,100.0,Porco,Salsicha Fresca,1 un = 100 gr (aprox.),0.54,5.39,0,,€/Kg,,,https://driveimg1.intermarche.com/pt/Content/images/boitmal/produit/zoom/2E1CED7EDF010F56C2BF0E6CDF74D52B.jpg,,,,2026-02-11T23:59:59Z,PROSPECTUS,15,1,,
13981,2696138000000,60.0,Pastelaria,Pastel de Nata,60 g,0.33,5.5,0,kg,€/Kg,,,https://driveimg1.intermarche.com/pt/Content/images/boitmal/produit/zoom/EA9B10BF07D95E268418206A452F7022.jpg,,,,2026-02-11T23:59:59Z,PROSPECTUS,15,1,,
1463,5601286232779,250.0,Milaneza,"Massa pevide, embalagem de 250g",,0.62,2.48,0,kg,€/Kg,,,https://driveimg1.intermarche.com/pt/Content/images/boitmal/produit/zoom/7FABF67C8683DAD5B618F045601E14A4.jpg,,,,2026-02-11T23:59:59Z,PROSPECTUS,15,1,,
15979,5601119242364,650.0,Nobre,"Salsichas de Aves Frasco 7 un, emb. 650 gr",,2.23,3.43,0,kg,€/Kg,,,https://driveimg1.intermarche.com/pt/Content/images/boitmal/produit/zoom/F9B3EEFB29AFDD46B059DC76A73501AE.jpg,,,,2026-02-11T23:59:59Z,PROSPECTUS,15,1,,
18489,5600744051020,198.0,Saborosa,"Bolacha de manteiga belga com chocolate, embalagem de 200g",,1.39,7.02,0,kg,€/Kg,,,https://driveimg1.intermarche.com/pt/Content/images/boitmal/produit/zoom/96C31A82D017146C1ADBA7AC747D4690.jpg,,,,2026-02-11T23:59:59Z,PROSPECTUS,15,1,,
23582,5604260281275,175.0,Porsi Programa Origens,Salada Premium 175 G,,1.19,6.8,0,kg,€/Kg,,,https://driveimg1.intermarche.com/pt/Content/images/boitmal/produit/zoom/A8F765E7D8A6C281765A51B35764D182.jpg,,,,2026-02-11T23:59:59Z,PROSPECTUS,15,1,,
29271,2895030000000,200.0,Agros,Queijo Flamengo Bola,Vendido ao peso,1.9,9.49,0,,€/Kg,,,https://driveimg1.intermarche.com/pt/Content/images/boitmal/produit/zoom/4C4B9766D3CBE00237D8217293FC8A7D.jpg,,,,2026-02-11T23:59:59Z,PROSPECTUS,15,1,,
41065,5604649919805,300.0,Fruta,Abacate categoria II,Embalagem de 300 g,1.99,6.63,0,kg,€/Kg,,,https://driveimg1.intermarche.com/pt/Content/images/boitmal/produit/zoom/93A72763F7A087227DE3798E6EF50F82.jpg,,,,2026-02-11T23:59:59Z,PROSPECTUS,15,1,,
41079,8718951337770,1250.0,Ajax,"Detergente líquido lava tudo festa das flores lavanda, embalagem de 1.25l",,2.24,1.79,1250,L,€/L,,,https://driveimg1.intermarche.com/pt/Content/images/boitmal/produit/zoom/9AF3F843CD8D9DB932E9E6D241AC411E.jpg,,,,2026-02-11T23:59:59Z,PROSPECTUS,15,1,,
41298,5601050036541,440.0,Danone,"Iogurte oikos natural,  4 x 110g",,2.59,5.89,0,kg,€/Kg,,,https://driveimg1.intermarche.com/pt/Content/images/boitmal/produit/zoom/100CC1C1966D7A85865BF44E424F358B.jpg,,,,2026-02-11T23:59:59Z,PROSPECTUS,15,1,,
45388,8013355501278,180.0,Gran Pavesi,"Bolachas crackers folhas clássico, 180g",,2.29,12.72,0,kg,€/Kg,,,https://driveimg1.intermarche.com/pt/Content/images/boitmal/produit/zoom/06E7E32AC20E4DD45996A3FE152403E0.jpg,,,,2026-02-11T23:59:59Z,PROSPECTUS,15,1,,
47950,5600356070723,1350.0,Super Pop,"Detergente Manual Loiça Limão, emb. 1,35 lt",1.2 litros + 150 ml,3.19,2.36,1350,L,€/L,,,https://driveimg1.intermarche.com/pt/Content/images/boitmal/produit/zoom/B41E367237ADE8F33316EB5D86BE5790.jpg,,,,2026-02-11T23:59:59Z,PROSPECTUS,15,1,,
49725,5010867204928,750.0,Altano,Vinho Branco do Douro,Garrafa de 750 ml,3.99,5.32,750,L,€/L,,,https://driveimg1.intermarche.com/pt/Content/images/boitmal/produit/zoom/C91C03F9F077EA41B3D75A3393D28939.jpg,,,,2026-02-18T23:59:59Z,PROSPECTUS,15,1,,
4975,5601007001332,750.0,Esteva,"Vinho doc douro tinto, garrafa de 0.75 l",,3.99,5.32,750,L,€/L,,,https://driveimg1.intermarche.com/pt/Content/images/boitmal/produit/zoom/7DE3E82C8EEE9F921A3163C241BC3A09.jpg,,,,2026-02-18T23:59:59Z,PROSPECTUS,15,1,,
5005,5601028000338,,Renova,"Guardanapos brancos, 33x33cm, 2 folhas, 90 unidades",Uma embalagem,1.24,1.24,0,,€/Unidade,,,https://driveimg1.intermarche.com/pt/Content/images/boitmal/produit/zoom/9F219BE4431DFB73ED0C83D11864E280.jpg,,,,2026-02-11T23:59:59Z,PROSPECTUS,15,1,,
50458,5603722521003,160.0,Mimosa,"Manteiga com sal, 160g",,2.24,14.0,0,kg,€/Kg,,,https://driveimg1.intermarche.com/pt/Content/images/boitmal/produit/zoom/09C6645B0E41FE4C659D6FBAFCE3C138.jpg,,,,2026-02-11T23:59:59Z,PROSPECTUS,15,1,,
52362,5604260330508,375.0,PorSi,Pão Cachorro 375 G,,1.09,2.91,0,kg,€/Kg,,,https://driveimg1.intermarche.com/pt/Content/images/boitmal/produit/zoom/F32D92C56FEFFE0160A12B178932409C.jpg,,,,2026-02-11T23:59:59Z,PROSPECTUS,15,1,,
53000,8410199025357,170.0,LayS,Batatas gourmet finissima 170 g,,1.49,8.76,0,kg,€/Kg,,,https://driveimg1.intermarche.com/pt/Content/images/boitmal/produit/zoom/C1F9A5A136798AD56EECF2676BEF2065.jpg,https://driveimg1.intermarche.com/pt/Content/images/boitmal/produit/zoom/477A3ECD46364DE018D2E409C1F73223.jpg,https://driveimg1.intermarche.com/pt/Content/images/boitmal/produit/zoom/477A3ECD46364DE018D2E409C1F73223.jpg,https://driveimg1.intermarche.com/pt/Content/images/boitmal/produit/zoom/477A3ECD46364DE018D2E409C1F73223.jpg,2026-02-11T23:59:59Z,PROSPECTUS,15,1,,
53245,8410376065077,208.0,Gullon,"Bolachas dibus magic mix & go, 208g",,1.29,6.2,0,kg,€/Kg,,,https://driveimg1.intermarche.com/pt/Content/images/boitmal/produit/zoom/7656D702777E0FFE2E0B137FEF921189.jpg,,,,2026-02-11T23:59:59Z,PROSPECTUS,15,1,,
54671,8711327587199,2000.0,Lipton,"Ice tea limao, 2 l",,1.99,1.0,2000,L,€/L,,,https://driveimg1.intermarche.com/pt/Content/images/boitmal/produit/zoom/50E0AE93B7B2DC79031DA2E6F9D15838.jpg,,,,2026-02-11T23:59:59Z,PROSPECTUS,15,1,,
55538,8711327629028,2000.0,Lipton,"Ice Tea Manga, 2L",,1.99,1.0,2000,L,€/L,,,https://driveimg1.intermarche.com/pt/Content/images/boitmal/produit/zoom/EE658F311958138E137C06A1B588782D.jpg,,,,2026-02-11T23:59:59Z,PROSPECTUS,15,1,,
56281,5604260329113,500.0,PorSi,Bolachas Canela 500g,,1.44,2.88,0,kg,€/Kg,,,https://driveimg1.intermarche.com/pt/Content/images/boitmal/produit/zoom/08E86031FA8001E2C27053B35EA38D5A.jpg,,,,2026-02-11T23:59:59Z,PROSPECTUS,15,1,,
56602,5604260338702,300.0,PorSi,Pão de Queijo 300g,,1.99,6.63,0,kg,€/Kg,,Tipo de stockagem,https://driveimg1.intermarche.com/pt/Content/images/boitmal/produit/zoom/44A9E3DBD00D8659627B8D177552EE63.jpg,,,,2026-02-11T23:59:59Z,PROSPECTUS,15,2,,
9111,5601989001412,750.0,Monte Velho,"Vinho regional alentejano tinto, garrafa de 0.75 l",,3.89,5.19,750,L,€/L,,,https://driveimg1.intermarche.com/pt/Content/images/boitmal/produit/zoom/5313E203A06105D1BF7A5AD8308AD864.jpg,,,,2026-02-18T23:59:59Z,PROSPECTUS,15,2,,
9565,5604260251469,1500.0,PorSi,"Água de Nascente Gaseificada 1,5l",,0.49,0.33,1500,L,€/L,,,https://driveimg1.intermarche.com/pt/Content/images/boitmal/produit/zoom/CAFE9D085185E704032031C5A2753566.jpg,,,,2026-02-11T23:59:59Z,PROSPECTUS,15,2,,
974,5601024105051,3000.0,Fula,"Óleo Alimentar, emb. 3 lt",Embalagem 3L,5.85,1.95,3000,L,€/L,,,https://driveimg1.intermarche.com/pt/Content/images/boitmal/produit/zoom/D641E1D4A518E21E0D8C212FCA92F32A.jpg,,,,2026-02-11T23:59:59Z,PROSPECTUS,15,2,,
10827,2895084000000,250.0,Alavão,Queijo Curado Trad.Pimentão,Vendido ao peso a partir de 250 gr,2.42,9.69,0,,€/Kg,,,https://driveimg1.intermarche.com/pt/Content/images/boitmal/produit/zoom/4E6BAB74AB5F3DC05744A385414FF98D.jpg,,,,2026-02-18T23:59:59Z,PROSPECTUS,15,2,,
10910,3250390010586,250.0,Páturages,Queijo Camembert 250g,Embalagem de 250 g,1.99,7.96,0,kg,€/Kg,,,https://driveimg1.intermarche.com/pt/Content/images/boitmal/produit/zoom/7C9F5B55F7320E544E58C79F8FBB96B2.jpg,,,,2026-02-11T23:59:59Z,PROSPECTUS,15,2,,
11522,5601050207750,1200.0,Danone,"Iogurte danacol de morango, embalagem de 12 x 100 g",,5.99,4.99,0,kg,€/Kg,,,https://driveimg1.intermarche.com/pt/Content/images/boitmal/produit/zoom/10BA36D674585833A0006F09517047AF.jpg,,,,2026-02-11T23:59:59Z,PROSPECTUS,15,2,,
11734,5601356012812,750.0,Albarrada,Vinho doc alentejo tinto,Garrafa de 750 ml,2.79,3.72,750,L,€/L,,,https://driveimg1.intermarche.com/pt/Content/images/boitmal/produit/zoom/71E706CAECD0B52AD13C2ECF90D542F3.jpg,,,,2026-02-18T23:59:59Z,PROSPECTUS,15,2,,
11923,5603089001354,200.0,Parmalat,"Natas uht com cogumelos, embalagem de 200 ml",,1.14,5.7,200,L,€/L,,,https://driveimg1.intermarche.com/pt/Content/images/boitmal/produit/zoom/7656C24D7DAFA0C6E3337C6F803E6E46.jpg,,,,2026-02-11T23:59:59Z,PROSPECTUS,15,2,,
11930,5603089003679,200.0,Parmalat,"Nata uht carbonara, embalagem de 200 ml",,1.14,5.7,200,L,€/L,,,https://driveimg1.intermarche.com/pt/Content/images/boitmal/produit/zoom/1933ECF81D43BC98B904C36872874CA5.jpg,,,,2026-02-11T23:59:59Z,PROSPECTUS,15,2,,
1195,5601119230224,650.0,Nobre,"Salsichas Extra Suculentas Frasco 7 un, emb. 650 gr",,2.23,3.43,0,kg,€/Kg,,,https://driveimg1.intermarche.com/pt/Content/images/boitmal/produit/zoom/F74C2FC7C8B9C0B3ED0E43FFE3B59991.jpg,,,,2026-02-11T23:59:59Z,PROSPECTUS,15,2,,
11963,5603722505775,250.0,Mimosa,"Manteiga sem sal, embalagem de 250g",,2.19,8.76,0,kg,€/Kg,,,https://driveimg1.intermarche.com/pt/Content/images/boitmal/produit/zoom/9BCF64C54A7D7626D65710EBF82436CC.jpg,https://driveimg1.intermarche.com/pt/Content/images/boitmal/produit/zoom/1EA90F949357E7F98D48732996035C6E.jpg,https://driveimg1.intermarche.com/pt/Content/images/boitmal/produit/zoom/1F0AD169BB42B947BB5B96F6E89FDECD.jpg,,2026-02-11T23:59:59Z,PROSPECTUS,15,2,,
11982,5603802400020,750.0,Fiuza,"Vinho branco tejo sauvignon, garrafa de 750 ml",,4.99,6.65,750,L,€/L,,,https://driveimg1.intermarche.com/pt/Content/images/boitmal/produit/zoom/996291488226B375A67E39537E454FD9.jpg,,,,2026-02-18T23:59:59Z,PROSPECTUS,15,2,,
1279,5601151123362,1000.0,Bongo,"Néctar de 8 frutos, garrafa de 1l",,1.29,1.29,1000,L,€/L,,,https://driveimg1.intermarche.com/pt/Content/images/boitmal/produit/zoom/DDDD7150C72E25EE2FF7F3F4EC28BE9B.jpg,,,,2026-02-11T23:59:59Z,PROSPECTUS,15,2,,
12943,2892087000000,1500.0,Fruta,Mamão,"1 un = 1,5 kg (aprox.)",5.84,3.89,0,,€/Kg,,,https://driveimg1.intermarche.com/pt/Content/images/boitmal/produit/zoom/E92859558CF3617793775ADAD1A11B14.jpg,,,,2026-02-11T23:59:59Z,PROSPECTUS,15,2,,
13541,2893533000000,250.0,Congelado de Aquicultura,Camarão Congelado 60/80,1 un = 250 gr  (aprox.),1.75,6.99,0,,€/Kg,,Avantages !,https://driveimg1.intermarche.com/pt/Content/images/boitmal/produit/zoom/29A2DFA509FFDAFCD18E7F308BD753B4.jpg,,,,2026-02-11T23:59:59Z,PROSPECTUS,15,2,,
1462,5601286231772,250.0,Milaneza,"Massa, estrelinhas, embalagem de 250g",,0.62,2.48,0,kg,€/Kg,,,https://driveimg1.intermarche.com/pt/Content/images/boitmal/produit/zoom/3936C365D7B95744ED545201CA491D61.jpg,,,,2026-02-11T23:59:59Z,PROSPECTUS,15,2,,
1465,5601286234773,250.0,Milaneza,"Massa de letras, embalagem de 250g",,0.62,2.48,0,kg,€/Kg,,,https://driveimg1.intermarche.com/pt/Content/images/boitmal/produit/zoom/93F4FB7CE3C81A4CA398AFB1F88C82DD.jpg,,,,2026-02-11T23:59:59Z,PROSPECTUS,15,2,,
15566,8410063056180,250.0,Pescanova,"Miolo de Camarão Gigante 15/30 Ultracongelado, emb. 250 gr",,6.99,27.96,0,kg,€/Kg,,Tipo de stockagem,https://driveimg1.intermarche.com/pt/Content/images/boitmal/produit/zoom/BEE1FF3586E000AD085B4D38C7ACD034.jpg,,,,2026-02-11T23:59:59Z,PROSPECTUS,15,2,,
16022,5601146703609,5000.0,Sagres,"Cerveja com Álcool, emb. 20 x 25 cl",20 x 0.25 l,9.95,1.99,5000,L,€/L,,,https://driveimg1.intermarche.com/pt/Content/images/boitmal/produit/zoom/CF0AC3A8EDB171FA4E35FF0504CF12A8.jpg,,,,2026-02-11T23:59:59Z,PROSPECTUS,15,2,,
16365,5604055112005,1000.0,Fastio,"Água sem gás, garrafa de 1 l",,0.47,0.47,1000,L,€/L,,,https://driveimg1.intermarche.com/pt/Content/images/boitmal/produit/zoom/D9A5DA87896331814D054CBE16430809.jpg,,,,2026-02-11T23:59:59Z,PROSPECTUS,15,2,,
16939,7622210475411,171.0,Triunfo,"Bolacha digestiva go canela, embalagem de 170g",,1.84,10.76,0,kg,€/Kg,,,https://driveimg1.intermarche.com/pt/Content/images/boitmal/produit/zoom/D9C53D2478AF2B3727D495A573D3A599.jpg,,,,2026-02-11T23:59:59Z,PROSPECTUS,15,2,,
17114,5000116110148,320.0,Capitão Iglo,"4 hamburguers vaca sem glúten, embalagem de 320g",,5.99,18.72,0,kg,€/Kg,,Tipo de stockagem,https://driveimg1.intermarche.com/pt/Content/images/boitmal/produit/zoom/F31F98EC751272F860D1F790EE53DF35.jpg,,,,2026-02-11T23:59:59Z,PROSPECTUS,15,2,,
17115,5000116110155,640.0,Capitão Iglo,"Hambúrgueres de Vaca sem Glúten, emb. 640 gr (8 un)",Embalagem de 640g,9.99,15.61,0,kg,€/Kg,,Tipo de stockagem,https://driveimg1.intermarche.com/pt/Content/images/boitmal/produit/zoom/6FAFE9FC4DDEB6CE7DCD2D721BE41E81.jpg,,,,2026-02-11T23:59:59Z,PROSPECTUS,15,2,,
19046,5000116110414,480.0,Capitão Iglo,"8 hamburguers sem glúten frango, embalagem de 480g",,8.99,18.73,0,kg,€/Kg,,Tipo de stockagem,https://driveimg1.intermarche.com/pt/Content/images/boitmal/produit/zoom/B74DC0C9C4A898B602612BD394B808F5.jpg,,,,2026-02-11T23:59:59Z,PROSPECTUS,15,2,,
2091,5604260194087,1000.0,PorSi,Farinha Láctea 1kg,,5.29,5.29,0,kg,€/Kg,,,https://driveimg1.intermarche.com/pt/Content/images/boitmal/produit/zoom/8ED788A67C335ED68A86F5666D0A6B59.jpg,,,,2026-02-11T23:59:59Z,PROSPECTUS,15,2,,
20918,5000116110964,840.0,Capitão Iglo,"30 douradinhos, embalagem de 840g",,8.99,10.7,0,kg,€/Kg,,Tipo de stockagem,https://driveimg1.intermarche.com/pt/Content/images/boitmal/produit/zoom/3C52B0905F2F1ACE3D67359B13FE0331.jpg,,,,2026-02-11T23:59:59Z,PROSPECTUS,15,2,,
21442,5600744051051,198.0,Saborosa,"Bolacha de manteiga belga com chocolate branco, embalagem de 198 g",,1.79,9.04,0,kg,€/Kg,,,https://driveimg1.intermarche.com/pt/Content/images/boitmal/produit/zoom/95634BC2CC50F334D4F0AE7BB19F8AC6.jpg,,,,2026-02-11T23:59:59Z,PROSPECTUS,15,2,,
23571,5604260326549,,PorSi,Toalhitas Higiene Adulto X60,60 Unidades,2.39,2.39,0,,€/Unidade,,,https://driveimg1.intermarche.com/pt/Content/images/boitmal/produit/zoom/B93475A225D824A83F14AE7F8FA77985.jpg,,,,2026-02-11T23:59:59Z,PROSPECTUS,15,2,,
24923,5601066632799,43.0,Margão,"Tempero segredos alho e salsa, 43g",,2.24,52.09,0,kg,€/Kg,,,https://driveimg1.intermarche.com/pt/Content/images/boitmal/produit/zoom/052D9EEB90245B91F1330C2D46B48ACF.jpg,,,,2026-02-11T23:59:59Z,PROSPECTUS,15,2,,
25054,5603722516597,480.0,Mimosa,"Iogurte magro + gelatina morango, embalagem de 4 x 120g",,1.69,3.52,0,kg,€/Kg,,,https://driveimg1.intermarche.com/pt/Content/images/boitmal/produit/zoom/DAE62B86085E7357EAC285F9FA275047.jpg,,,,2026-02-11T23:59:59Z,PROSPECTUS,15,2,,
25882,5449000133328,1000.0,Coca-Cola,"Refrigerante com Gás Cola Zero, emb. 1 lt",Garrafa de 1 l,1.19,1.19,1000,L,€/L,,,https://driveimg1.intermarche.com/pt/Content/images/boitmal/produit/zoom/EB5646C1819F93681606ED25E6CF32EB.jpg,,,,2026-02-11T23:59:59Z,PROSPECTUS,15,2,,
2749,8410063046532,350.0,Pescanova,"Miolo de Camarão 80/100, emb. 350 gr",,6.99,19.97,0,kg,€/Kg,,Tipo de stockagem,https://driveimg1.intermarche.com/pt/Content/images/boitmal/produit/zoom/0EA75135180DC26543A97F342303334A.jpg,,,,2026-02-11T23:59:59Z,PROSPECTUS,15,2,,
27904,5601157210714,750.0,Catedral,"Vinho Tinto DOC Dão Reserva, garrafa 75cl",,4.19,5.59,750,L,€/L,,,https://driveimg1.intermarche.com/pt/Content/images/boitmal/produit/zoom/8FAD867B759A11B46166E8AB608BEE62.jpg,,,,2026-02-18T23:59:59Z,PROSPECTUS,15,2,,
28859,5000116123841,336.0,Capitão Iglo,"Douradinhos estaladiços, embalagem de 340g",,4.99,14.85,0,kg,€/Kg,,Tipo de stockagem,https://driveimg1.intermarche.com/pt/Content/images/boitmal/produit/zoom/49AFDC264463FC49315EE03B7B5FBE4C.jpg,,,,2026-02-11T23:59:59Z,PROSPECTUS,15,2,,
30477,3083681070187,225.0,Bonduelle,"Milho Doce sem Glúten, emb. 3 x 75 gr",,1.78,7.91,0,kg,€/Kg,,,https://driveimg1.intermarche.com/pt/Content/images/boitmal/produit/zoom/21305BEE4D64377736F1C50D030AC0E3.jpg,,,,2026-02-11T23:59:59Z,PROSPECTUS,15,2,,
30640,5601096200319,750.0,Casal Garcia,"Sweet, garrafa de 750 ml",,3.49,4.65,750,L,€/L,,,https://driveimg1.intermarche.com/pt/Content/images/boitmal/produit/zoom/FE36D6D37CD2901180E2E5DCFB84E764.jpg,,,,2026-02-18T23:59:59Z,PROSPECTUS,15,2,,
32063,8712423038844,33.0,Knorr,"Strogonoff 1, 2, 3...sabor!, embalagem de 33 g",,0.99,30.0,0,kg,€/Kg,,,https://driveimg1.intermarche.com/pt/Content/images/boitmal/produit/zoom/4A8045759567B372AE215D4B257F03A8.jpg,,,,2026-02-11T23:59:59Z,PROSPECTUS,15,2,,
32306,8718951202979,500.0,Palmolive,"Gel de banho naturals amêndoa e leite, 500 ml",,2.49,4.98,500,L,€/L,,,https://driveimg1.intermarche.com/pt/Content/images/boitmal/produit/zoom/F33F92F4F53A6A0ED534C67B846C0ABA.jpg,,,,2026-02-11T23:59:59Z,PROSPECTUS,15,2,,
33391,7613036525893,250.0,Pensal,"Farinha com Cacau e Alfarroba +3A, emb. 250 gr",,2.24,8.96,0,kg,€/Kg,,,https://driveimg1.intermarche.com/pt/Content/images/boitmal/produit/zoom/68797A6078949F0AB61C8E5E40A31566.jpg,,,,2026-02-11T23:59:59Z,PROSPECTUS,15,2,,
33532,8410375110228,150.0,Bonduelle,"Milho Doce, emb. 150 gr",,1.09,7.27,0,kg,€/Kg,,,https://driveimg1.intermarche.com/pt/Content/images/boitmal/produit/zoom/D0EEA0C89CFBBF992B36A2468831EAC1.jpg,,,,2026-02-11T23:59:59Z,PROSPECTUS,15,2,,
33884,2893837000000,1500.0,Peixaria,Peixe espada preto inteiro,Vendido ao peso,11.99,7.99,0,,€/Kg,,,https://driveimg1.intermarche.com/pt/Content/images/boitmal/produit/zoom/0C1CA3DE6B16A13335042AAFE1F612D6.jpg,,,,2026-02-11T23:59:59Z,PROSPECTUS,15,2,,
34996,5601174790008,750.0,João Pires,"Vinho Branco Regional Península de Setúbal, garrafa 75 cl",,3.69,4.92,750,L,€/L,,,https://driveimg1.intermarche.com/pt/Content/images/boitmal/produit/zoom/06A55366E12859F57878E0AD687C3A61.jpg,,,,2026-02-18T23:59:59Z,PROSPECTUS,15,2,,
35483,8410436343435,500.0,Sonasol,Spray desengordurante,Embalagem de 500 ml,1.99,3.98,500,L,€/L,,,https://driveimg1.intermarche.com/pt/Content/images/boitmal/produit/zoom/47473DD6CCCCC8BCBCC650E05B76EF50.jpg,,,,2026-02-11T23:59:59Z,PROSPECTUS,15,2,,
35542,7613036867405,,Nescafé,"Cápsulas de Café Espresso Intenso Int 7, emb. 30 un",,10.99,10.99,30,,€/Unidade,,,https://driveimg1.intermarche.com/pt/Content/images/boitmal/produit/zoom/FC99456EA03268527FE0EC549A21D081.jpg,,,,2026-02-11T23:59:59Z,PROSPECTUS,15,2,,
35749,5603722509667,800.0,Mimosa,"Leite bem essencial chocolate , embalagem de 4 x 200 ml",,1.69,2.11,800,L,€/L,,,https://driveimg1.intermarche.com/pt/Content/images/boitmal/produit/zoom/66BA85F80F98E7331B63BC3D4684C6AC.jpg,,,,2026-02-11T23:59:59Z,PROSPECTUS,15,2,,
37812,5604260301065,,PorSi,Fraldas Premium T3 4-10 kg - 60 Unidades,,8.49,8.49,0,,€/Unidade,,,https://driveimg1.intermarche.com/pt/Content/images/boitmal/produit/zoom/4EAC10020B9224D6442ABE842B034538.jpg,,,,2026-02-11T23:59:59Z,PROSPECTUS,15,2,,
37991,5601027946200,450.0,Bimbo,Pão integral sem côdea,Embalagem de 450 g,1.99,4.42,0,kg,€/Kg,,,https://driveimg1.intermarche.com/pt/Content/images/boitmal/produit/zoom/F51F7A9C9A8DEFAFD2BD4E66CE470724.jpg,,,,2026-02-11T23:59:59Z,PROSPECTUS,15,2,,
38648,5449000195906,1000.0,Coca-Cola,"Refrigerante com Gás Cola Zero Açúcar Zero Cafeína, garrafa 1 lt",,1.19,1.19,1000,L,€/L,,,https://driveimg1.intermarche.com/pt/Content/images/boitmal/produit/zoom/4A88AB6803A9F950A0FE19DD551ED58E.jpg,,,,2026-02-11T23:59:59Z,PROSPECTUS,15,2,,
40597,7622201122836,114.0,Royal,"Gelatina em Pó de Ananás, emb. 114 gr",,1.44,12.63,0,kg,€/Kg,,,https://driveimg1.intermarche.com/pt/Content/images/boitmal/produit/zoom/2FF1D70FE385745F29886EA824961342.jpg,,,,2026-02-11T23:59:59Z,PROSPECTUS,15,2,,
40974,8711327407121,2000.0,Lipton,Ice tea de limão zero açúcar garrafa 2 l,,1.99,1.0,2000,L,€/L,,,https://driveimg1.intermarche.com/pt/Content/images/boitmal/produit/zoom/01B1D0B046262E5013625D98284F67D4.jpg,,,,2026-02-11T23:59:59Z,PROSPECTUS,15,2,,
41128,5604260303212,180.0,PorSi Select,Batatas Fritas Palha Finíssima 180g,,1.59,8.83,0,kg,€/Kg,,,https://driveimg1.intermarche.com/pt/Content/images/boitmal/produit/zoom/812AC943F9D2E6012814FABECADD39D4.jpg,,,,2026-02-11T23:59:59Z,PROSPECTUS,15,2,,
42777,5604260307159,250.0,PorSi,Farinheira do Fundão 250g,,1.99,7.96,0,kg,€/Kg,,,https://driveimg1.intermarche.com/pt/Content/images/boitmal/produit/zoom/14240F251C92138F4828FAB6984E0C70.jpg,,,,2026-02-18T23:59:59Z,PROSPECTUS,15,2,,
43627,5604260310012,600.0,PorSi,Batata Pom'duchesse 600g,,1.89,3.15,0,kg,€/Kg,,Tipo de stockagem,https://driveimg1.intermarche.com/pt/Content/images/boitmal/produit/zoom/F45379B0BBA22B4B786CC2C20E9EBFAF.jpg,,,,2026-02-11T23:59:59Z,PROSPECTUS,15,2,,
44250,8410376057577,220.0,Gullón,"Dibus bolachas magic, embalagem de 220g",,1.29,5.86,0,kg,€/Kg,,,https://driveimg1.intermarche.com/pt/Content/images/boitmal/produit/zoom/0D8BA36055A1A40085AD2B3BEA4B24AF.jpg,,,,2026-02-11T23:59:59Z,PROSPECTUS,15,2,,
477,3010470159051,2000.0,Friskies,"Ração para gato adulto com coelho, frango e legumes",Embalagem de 2kg,6.74,3.37,0,kg,€/Kg,,,https://driveimg1.intermarche.com/pt/Content/images/boitmal/produit/zoom/7DEEDCA72B128992156D55C0C8DE0876.jpg,,,,2026-02-11T23:59:59Z,PROSPECTUS,15,2,,
48070,5604260320813,,PorSi,Pensos Higiénicos Ultrafinos Normal com Abas - 28 Unidades,,1.89,1.89,0,,€/Unidade,,,https://driveimg1.intermarche.com/pt/Content/images/boitmal/produit/zoom/0DFFDFEEB2AC2E065EADDE282CDFEEC2.jpg,,,,2026-02-11T23:59:59Z,PROSPECTUS,15,2,,
49821,5603722520754,1000.0,Mimosa,"Bebida láctea bolacha uht 1 a 3 anos, de 1l",,1.88,1.88,1000,L,€/L,,,https://driveimg1.intermarche.com/pt/Content/images/boitmal/produit/zoom/DA52F6AF15B664E9FF05EBBA82F42FE5.jpg,https://driveimg1.intermarche.com/pt/Content/images/boitmal/produit/zoom/BB5149E20609EB03C3B5C6E51528CB2B.jpg,https://driveimg1.intermarche.com/pt/Content/images/boitmal/produit/zoom/4C42D36E570D2D71AD779BA04DD44C36.jpg,,2026-02-11T23:59:59Z,PROSPECTUS,15,2,,
4987,5601012115505,750.0,Planalto,"Vinho doc douro branco, garrafa de 0.75 l",,3.99,5.32,750,L,€/L,,,https://driveimg1.intermarche.com/pt/Content/images/boitmal/produit/zoom/D4AD0E54C5A44C41C52E5EE1F77D08EB.jpg,,,,2026-02-18T23:59:59Z,PROSPECTUS,15,2,,
5126,5601068014494,750.0,Cif,"Desinfetante em gel com lixívia, de 750 ml",,1.79,2.39,750,L,€/L,,,https://driveimg1.intermarche.com/pt/Content/images/boitmal/produit/zoom/77935B9909F887F8D557F56915EB5FD9.jpg,,,,2026-02-11T23:59:59Z,PROSPECTUS,15,2,,
51896,8719200253377,400.0,Planta,"Creme vegetal para barrar original, 400g",,2.96,7.4,0,kg,€/Kg,,,https://driveimg1.intermarche.com/pt/Content/images/boitmal/produit/zoom/0265DFAAA6CC23B5D28B5523E860ECEF.jpg,,,,2026-02-11T23:59:59Z,PROSPECTUS,15,2,,
51978,5600744051457,198.0,Saborosa,"Bolacha belgas red velvet, embalagem de 198g",,1.79,9.04,0,kg,€/Kg,,,https://driveimg1.intermarche.com/pt/Content/images/boitmal/produit/zoom/24A5A4F6F89B1A1D040BB1FEACE78EF6.jpg,,,,2026-02-11T23:59:59Z,PROSPECTUS,15,2,,
52377,8720181385131,,Skip,Detergente Máquina Roupa Líquido Sabão Natural,100 Doses,12.99,12.99,0,,€/Unidade,,,https://driveimg1.intermarche.com/pt/Content/images/boitmal/produit/zoom/B7482844827C04E8BE654EF9B7B49DD3.jpg,,,,2026-02-11T23:59:59Z,PROSPECTUS,15,2,,
52593,8720181385049,,Skip,Detergente Máquina Roupa Líquido Sensitive,100 Doses,15.99,15.99,0,,€/Unidade,,,https://driveimg1.intermarche.com/pt/Content/images/boitmal/produit/zoom/AFC8244D618B3035788FED7EABC12BA4.jpg,,,,2026-02-11T23:59:59Z,PROSPECTUS,15,2,,
52788,5900020043832,80.0,Nestlé,"Barras Proteicas Cacau sem Açúcar,emb. 80 gr (4 un)",,1.79,22.38,0,kg,€/Kg,,,https://driveimg1.intermarche.com/pt/Content/images/boitmal/produit/zoom/7E4A3C5552FC27CE6A83D366162140DD.jpg,,,,2026-02-11T23:59:59Z,PROSPECTUS,15,2,,
52920,0000059095842,50.0,Dove,"Desodorizante Roll On Advanced Original, emb. 50 ml",,2.99,59.8,50,L,€/L,,,https://driveimg1.intermarche.com/pt/Content/images/boitmal/produit/zoom/2183AEDEDCEDF4209F45853BE608CFF9.jpg,,,,2026-02-11T23:59:59Z,PROSPECTUS,15,2,,
53079,8711327591011,650.0,Viennetta,"Gelado caramelo salgado, 650 ml",,2.59,3.98,650,L,€/L,,Tipo de stockagem,https://driveimg1.intermarche.com/pt/Content/images/boitmal/produit/zoom/B05E55484D079FDCAE0B99F040C539B7.jpg,https://driveimg1.intermarche.com/pt/Content/images/boitmal/produit/zoom/96C8E669282C188787DB043E8B0F9711.jpg,https://driveimg1.intermarche.com/pt/Content/images/boitmal/produit/zoom/96C8E669282C188787DB043E8B0F9711.jpg,,2026-02-11T23:59:59Z,PROSPECTUS,15,2,,
53292,8719200265424,450.0,Becel,"Creme vegetal culinária, 450g",,2.59,5.76,0,kg,€/Kg,,,https://driveimg1.intermarche.com/pt/Content/images/boitmal/produit/zoom/731104623BFBA291592C36763AD2ACB6.jpg,https://driveimg1.intermarche.com/pt/Content/images/boitmal/produit/zoom/FE0F50DA9FD82BB1CA28828D6783A017.jpg,https://driveimg1.intermarche.com/pt/Content/images/boitmal/produit/zoom/FE0F50DA9FD82BB1CA28828D6783A017.jpg,https://driveimg1.intermarche.com/pt/Content/images/boitmal/produit/zoom/FE0F50DA9FD82BB1CA28828D6783A017.jpg,2026-02-11T23:59:59Z,PROSPECTUS,15,2,,
54361,8410104915186,,Finish,"Detergente Loiça Máquina Quantum Limão, 28 Pastilhas",,5.99,5.99,0,,€/Unidade,,,https://driveimg1.intermarche.com/pt/Content/images/boitmal/produit/zoom/AF6445EE2B2537230E8784866A377CB3.jpg,,,,2026-02-11T23:59:59Z,PROSPECTUS,15,2,,
54363,8410104915339,,Finish,"Detergente Loiça Máquina Ultimate Plus Regular, 36 Pastilhas",,10.99,10.99,0,,€/Unidade,,,https://driveimg1.intermarche.com/pt/Content/images/boitmal/produit/zoom/A56B6478EF1388F9146C9DF10F12FD1A.jpg,,,,2026-02-11T23:59:59Z,PROSPECTUS,15,2,,
54365,8410104915209,,Finish,"Detergente Loiça Máquina Quantum Limão, 64 Pastilhas",,12.99,12.99,0,,€/Unidade,,,https://driveimg1.intermarche.com/pt/Content/images/boitmal/produit/zoom/D395D7FB7505791938B52E99053AC6D0.jpg,,,,2026-02-11T23:59:59Z,PROSPECTUS,15,2,,
54596,5054563218117,75.0,Aquafresh,"Pasta de Dentes Proteção Completa Ação Antibacteriana, 75ml",,1.99,26.53,75,L,€/L,,,https://driveimg1.intermarche.com/pt/Content/images/boitmal/produit/zoom/019BA74FC7AA9EC4A4AEF77AD9C57A95.jpg,,,,2026-02-11T23:59:59Z,PROSPECTUS,15,2,,
54722,5603722522338,960.0,Mimosa,"Iogurte sem lactose multisabores, 8x120g",,2.99,3.11,0,kg,€/Kg,,,https://driveimg1.intermarche.com/pt/Content/images/boitmal/produit/zoom/7D18C03CBFD8BA36E9674714236CF359.jpg,,,,2026-02-11T23:59:59Z,PROSPECTUS,15,2,,
54788,8711327575080,300.0,Magnum,"Gelados de menta, 3x100 ml",,3.99,13.3,300,L,€/L,,Tipo de stockagem,https://driveimg1.intermarche.com/pt/Content/images/boitmal/produit/zoom/2F3C75AB93E72950E0457171EF232B42.jpg,,,,2026-02-11T23:59:59Z,PROSPECTUS,15,2,,
54795,5603722521225,604.0,Mimosa,"Iogurte magro liquido morango, 4x151 ml",,1.54,2.55,604,L,€/L,,,https://driveimg1.intermarche.com/pt/Content/images/boitmal/produit/zoom/075603ECF4916B645B9AA45146480552.jpg,,,,2026-02-11T23:59:59Z,PROSPECTUS,15,2,,
54799,5603722521263,604.0,Mimosa,Iogurte magro liquido frutos silvestres 4 x 151 ml,,1.54,2.55,604,L,€/L,,,https://driveimg1.intermarche.com/pt/Content/images/boitmal/produit/zoom/783E43940BBBFF2CB63BFFCCB1232BA5.jpg,,,,2026-02-11T23:59:59Z,PROSPECTUS,15,2,,
55650,8445291050228,100.0,Nestle,"Chocolate Extrafino com Recheio Cremoso, 100g",,1.99,19.9,0,kg,€/Kg,,,https://driveimg1.intermarche.com/pt/Content/images/boitmal/produit/zoom/369ADE1ED8228A858FD47C91515F429B.jpg,,,,2026-02-11T23:59:59Z,PROSPECTUS,15,2,,
56305,5604260337095,400.0,PorSi,Alimemto Humido Cão Almondega Frango 400g,,0.79,1.98,0,kg,€/Kg,,,https://driveimg1.intermarche.com/pt/Content/images/boitmal/produit/zoom/9DC4E20531AA0059B58CAFEF8CEFB0B2.jpg,,,,2026-02-11T23:59:59Z,PROSPECTUS,15,2,,
56760,5604260342372,640.0,Páturages,Líquido Damasco sem Lactose 4x160g,,1.59,2.48,0,kg,€/Kg,,,https://driveimg1.intermarche.com/pt/Content/images/boitmal/produit/zoom/2F21BC61115ED4FA6719B9201094AE5D.jpg,https://driveimg1.intermarche.com/pt/Content/images/boitmal/produit/zoom/4BADFC9F7A68E41021BDE513F9F63516.jpg,https://driveimg1.intermarche.com/pt/Content/images/boitmal/produit/zoom/4BADFC9F7A68E41021BDE513F9F63516.jpg,,2026-02-11T23:59:59Z,PROSPECTUS,15,2,,
57695,8720181748462,700.0,Vaseline,"Gel de Banho Rosas e Jasmim, emb. 700 ml",,2.99,4.27,700,L,€/L,,,https://driveimg1.intermarche.com/pt/Content/images/boitmal/produit/zoom/E88830E0C0BABFADE98801A700582679.jpg,,,,2026-02-11T23:59:59Z,PROSPECTUS,15,2,,
5844,5604260129010,500.0,PorSi,Detergente Loiça Manual Ultra Limão 500ml,Embalagem de 500 ml,1.29,2.58,500,L,€/L,,,https://driveimg1.intermarche.com/pt/Content/images/boitmal/produit/zoom/11A18090A3116B615638013F259093D1.jpg,,,,2026-02-11T23:59:59Z,PROSPECTUS,15,2,,
6267,8016825926687,75.0,Aquafresh,Pasta dentífrica menta fresca,Embalagem de 75 ml,1.69,22.53,75,L,€/L,,,https://driveimg1.intermarche.com/pt/Content/images/boitmal/produit/zoom/5AF61545461116CEF40994D7E37A4C54.jpg,,,,2026-02-11T23:59:59Z,PROSPECTUS,15,2,,
8287,5601012002706,750.0,Papa Figos,"Vinho doc douro tinto, garrafa de 0.75 l",,5.89,7.85,750,L,€/L,,,https://driveimg1.intermarche.com/pt/Content/images/boitmal/produit/zoom/3EEE98E8E32B16373BCCF60DD0ED2404.jpg,,,,2026-02-18T23:59:59Z,PROSPECTUS,15,2,,
8500,5601109211110,750.0,Porca de Murça,"Porca de Murça DOC Douro Vinho Branco, garrafa 75 cl",Garrafa de 750 ml,3.69,4.92,750,L,€/L,,,https://driveimg1.intermarche.com/pt/Content/images/boitmal/produit/zoom/3A37403A453BA89596AD6718ADA0F46A.jpg,,,,2026-02-18T23:59:59Z,PROSPECTUS,15,2,,
8794,5601237233220,750.0,JP,"Vinho regional península de setúbal branco, garrafa de 0.75 l",,2.19,2.92,750,L,€/L,,,https://driveimg1.intermarche.com/pt/Content/images/boitmal/produit/zoom/A84E869B295C8EAA0785F72E27A73746.jpg,,,,2026-02-18T23:59:59Z,PROSPECTUS,15,2,,
9239,5603016000542,750.0,Fonte do Nico,"Vinho Rosé Regional Península de Setúbal, garrafa 75 cl",,1.55,2.07,750,L,€/L,,,https://driveimg1.intermarche.com/pt/Content/images/boitmal/produit/zoom/3B6DA5A3CBA1B0CE99BD3CD43BFCA236.jpg,,,,2026-02-18T23:59:59Z,PROSPECTUS,15,2,,
9311,5603722502064,250.0,Mimosa,"Manteiga fácil de barrar, embalagem de 250g",,2.24,8.96,0,kg,€/Kg,,,https://driveimg1.intermarche.com/pt/Content/images/boitmal/produit/zoom/FEF75CFD36A5CE8709DF5D4930F11917.jpg,https://driveimg1.intermarche.com/pt/Content/images/boitmal/produit/zoom/A8C47E9F1F12DFE2439D3530C38E2D87.jpg,https://driveimg1.intermarche.com/pt/Content/images/boitmal/produit/zoom/2EE410FD3A0147BBB442FA96902FFF46.jpg,,2026-02-11T23:59:59Z,PROSPECTUS,15,2,,
10002,8001480020573,1000.0,Neoblanc,"Lixívia para roupa, azul, tradicional",Embalagem de 1 l,1.68,1.68,1000,L,€/L,,,https://driveimg1.intermarche.com/pt/Content/images/boitmal/produit/zoom/F65198E56E8F6796FECE5F4D1AD86180.jpg,,,,2026-02-11T23:59:59Z,PROSPECTUS,15,2,,
10091,8410100059839,360.0,Nestlé,"Queijinho petit nesquik, embalagem de 6 x 60g",,2.99,8.31,0,kg,€/Kg,,,https://driveimg1.intermarche.com/pt/Content/images/boitmal/produit/zoom/88B248C453A669F7E350B1DDEC2F3C33.jpg,,,,2026-02-11T23:59:59Z,PROSPECTUS,15,2,,
10095,8435257040899,640.0,Nestlé,"Iogurte líquido yoggi morango, embalagem de 4 x 160g",,1.99,3.11,0,kg,€/Kg,,,https://driveimg1.intermarche.com/pt/Content/images/boitmal/produit/zoom/BCBB1C4518CDF8045B46EB41CD173E54.jpg,,,,2026-02-11T23:59:59Z,PROSPECTUS,15,2,,
10512,8435250439577,232.0,Nestlé,"Iogurte Mix-In Cereais Nesquik Infantil, emb. 232 gr (2 x 116 gr)",,2.19,9.44,0,kg,€/Kg,,,https://driveimg1.intermarche.com/pt/Content/images/boitmal/produit/zoom/6C2207480393D760FBF1824B2B4CD877.jpg,,,,2026-02-11T23:59:59Z,PROSPECTUS,15,2,,
1105,5601066200318,1000.0,Nacional,"Farinha de fubá de milho, embalagem de 1 kg",,1.29,1.29,0,kg,€/Kg,,,https://driveimg1.intermarche.com/pt/Content/images/boitmal/produit/zoom/06308C731CC99544125385975ECE8B2E.jpg,,,,2026-02-11T23:59:59Z,PROSPECTUS,15,2,,
1131,5601078005024,750.0,Grao Vasco,"Vinho doc dão branco, garrafa de 750 ml",,3.29,4.39,750,L,€/L,,,https://driveimg1.intermarche.com/pt/Content/images/boitmal/produit/zoom/08D876911D136C69F8C23B36643D6D00.jpg,,,,2026-02-18T23:59:59Z,PROSPECTUS,15,2,,
11457,5601007475454,750.0,Vinha gr.,"Vinho tinto doc douro, garrafa de 0.75 l",,8.99,11.99,750,L,€/L,,,https://driveimg1.intermarche.com/pt/Content/images/boitmal/produit/zoom/45C635F21D1FDB764DB087CB39BBBFA8.jpg,,,,2026-02-18T23:59:59Z,PROSPECTUS,15,2,,
11464,5601018003400,1000.0,Matinal,"Leite seleccionado meio gordo, de 1l",,1.0,1.0,1000,L,€/L,,,https://driveimg1.intermarche.com/pt/Content/images/boitmal/produit/zoom/5F34056BF2D07C9D39E218B31081D1FC.jpg,,,,2026-02-11T23:59:59Z,PROSPECTUS,15,2,,
11503,5601050019100,600.0,Danone,"Danacol frutos exóticos, embalagem de 6 x 100 g",,3.09,5.15,0,kg,€/Kg,,,https://driveimg1.intermarche.com/pt/Content/images/boitmal/produit/zoom/2A16EAD58E7A10ECD338C77C33D25273.jpg,,,,2026-02-11T23:59:59Z,PROSPECTUS,15,2,,
11917,5603016000221,750.0,Fonte nico,"Vinho tinto regional peninsula de setúbal, garrafa de 750 ml",,1.55,2.07,750,L,€/L,,,https://driveimg1.intermarche.com/pt/Content/images/boitmal/produit/zoom/C3E6EF24C5D42029EE9FAFE9C5FD6D5D.jpg,,,,2026-02-18T23:59:59Z,PROSPECTUS,15,2,,
11918,5603016000764,750.0,Fonte nico,"Vinho branco região península setúbal, garrafa de 750 ml",,1.55,2.07,750,L,€/L,,,https://driveimg1.intermarche.com/pt/Content/images/boitmal/produit/zoom/30CD9DFA5324E137850202ADCA73444E.jpg,,,,2026-02-18T23:59:59Z,PROSPECTUS,15,2,,
11940,5603488000033,750.0,Santar,"Casa de Santar Colheita DOC Dão Vinho Tinto, garrafa 75 cl",,5.99,7.99,750,L,€/L,,,https://driveimg1.intermarche.com/pt/Content/images/boitmal/produit/zoom/3F4287E44D1EEC69E82A6B4E8B0188E7.jpg,https://driveimg1.intermarche.com/pt/Content/images/boitmal/produit/zoom/7A563D647C4A54F5ADF522EE09342D9C.jpg,https://driveimg1.intermarche.com/pt/Content/images/boitmal/produit/zoom/7A563D647C4A54F5ADF522EE09342D9C.jpg,https://driveimg1.intermarche.com/pt/Content/images/boitmal/produit/zoom/7A563D647C4A54F5ADF522EE09342D9C.jpg,2026-02-18T23:59:59Z,PROSPECTUS,15,2,,
12104,5604260266487,750.0,Selecção de Enófilos,"Vinho Verde DOC Loureiro 0,75l",,1.99,2.65,750,L,€/L,,,https://driveimg1.intermarche.com/pt/Content/images/boitmal/produit/zoom/FD0B05EFD7AFCEE885FD9B5791D450BF.jpg,,,,2026-02-18T23:59:59Z,PROSPECTUS,15,2,,
1225,5601146000319,500.0,Sagres,"Cerveja com Álcool, lata 50 cl",,0.85,1.7,500,L,€/L,,,https://driveimg1.intermarche.com/pt/Content/images/boitmal/produit/zoom/B1B5F95DEB5BC6A9F4E736C209DD9550.jpg,,,,2026-02-11T23:59:59Z,PROSPECTUS,15,3,,
12299,8003520013064,300.0,Palmolive,"Sabonete líquido de leite de amêndoas, recarga, 300 ml",,1.79,5.97,300,L,€/L,,,https://driveimg1.intermarche.com/pt/Content/images/boitmal/produit/zoom/35D2E48138CCA33503CE2D19DC83E44D.jpg,,,,2026-02-11T23:59:59Z,PROSPECTUS,15,3,,
12471,8435257040868,640.0,Nestlé,"Iogurte líquido yoggi morango/banana, embalagem de 4 x 160g",,1.99,3.11,0,kg,€/Kg,,,https://driveimg1.intermarche.com/pt/Content/images/boitmal/produit/zoom/E92C48D7A1A5BA67322D0E6250F5BAFF.jpg,,,,2026-02-11T23:59:59Z,PROSPECTUS,15,3,,
12515,8711700796712,400.0,Axe,"Gel de Banho Apollo, emb. 400 ml",Embalagem de 400 ml,3.59,8.98,400,L,€/L,,,https://driveimg1.intermarche.com/pt/Content/images/boitmal/produit/zoom/F4A0C009E462A074C28101BC1862184E.jpg,,,,2026-02-11T23:59:59Z,PROSPECTUS,15,3,,
1276,5601151117101,1000.0,Compal,"Néctar vital equilibrio frutos vermelhos, embalagem de 1l",,1.43,1.43,1000,L,€/L,,,https://driveimg1.intermarche.com/pt/Content/images/boitmal/produit/zoom/3CA812DD5305BE93221B5AAB38CEE709.jpg,,,,2026-02-11T23:59:59Z,PROSPECTUS,15,3,,
13582,2893577000000,400.0,Peixaria,Solha Congelada,,2.4,5.99,0,,€/Kg,,Avantages !,https://driveimg1.intermarche.com/pt/Content/images/boitmal/produit/zoom/09CD29C77ECA15BC59D0A288B72C20B4.jpg,,,,2026-02-11T23:59:59Z,PROSPECTUS,15,3,,
13774,2892213000000,150.0,Fruta,Maçã Pink Lady,1 un = 150 gr (aprox.),0.4,2.69,0,,€/Kg,,,https://driveimg1.intermarche.com/pt/Content/images/boitmal/produit/zoom/98E75E3EA159930CCDEC281233983572.jpg,,,,2026-02-11T23:59:59Z,PROSPECTUS,15,3,,
14178,5603155111307,5000.0,Silgueiros,Vinho tinto regional terras dao bib 5l,Embalagem de 5L,7.99,1.6,5000,L,€/L,,,https://driveimg1.intermarche.com/pt/Content/images/boitmal/produit/zoom/80A9553B2B45CF80F4A07149EE6B38A9.jpg,,,,2026-02-18T23:59:59Z,PROSPECTUS,15,3,,
14408,5601012004427,750.0,Trinca Bolotas,"Vinho doc alentejo tinto, garrafa de 0.75 l",,5.59,7.45,750,L,€/L,,,https://driveimg1.intermarche.com/pt/Content/images/boitmal/produit/zoom/CE8D5D13DE743123565142F1E6733CF4.jpg,,,,2026-02-18T23:59:59Z,PROSPECTUS,15,3,,
1447,5601283141500,250.0,Penha,"Caramelos de fruta, embalagem de 250g",,2.24,8.96,0,kg,€/Kg,,,https://driveimg1.intermarche.com/pt/Content/images/boitmal/produit/zoom/7EC5A442E9EF4DEED119DFDA6F572F35.jpg,,,,2026-02-11T23:59:59Z,PROSPECTUS,15,3,,
1466,5601286235770,250.0,Milaneza,"Massa cuscus, embalagem de 250g",,0.62,2.48,0,kg,€/Kg,,,https://driveimg1.intermarche.com/pt/Content/images/boitmal/produit/zoom/606493A56C3149C89E86FD71CB1A6172.jpg,,,,2026-02-11T23:59:59Z,PROSPECTUS,15,3,,
14854,2891117000000,2350.0,PorSi,Pato inteiro com miúdos,1 un = 2.250 kg (aprox.),10.53,4.48,0,,€/Kg,,,https://driveimg1.intermarche.com/pt/Content/images/boitmal/produit/zoom/E5F2031D60089F4C13D404725928D593.jpg,,,,2026-02-11T23:59:59Z,PROSPECTUS,15,3,,
15013,2892586000000,1000.0,Programa Origens,Couve Roxa,1 un = 1 kg (aprox.),0.99,0.99,0,,€/Kg,,,https://driveimg1.intermarche.com/pt/Content/images/boitmal/produit/zoom/0752C121E89F4808C55CABA6C3E6EA04.jpg,,,,2026-02-11T23:59:59Z,PROSPECTUS,15,3,,
15489,7613031884247,4000.0,Friskies,"Ração para gato adulto com vaca, frango, embalagem de 4kg",,10.79,2.7,0,kg,€/Kg,,,https://driveimg1.intermarche.com/pt/Content/images/boitmal/produit/zoom/AA74DE430E0D577781082E763F8D5C13.jpg,,,,2026-02-11T23:59:59Z,PROSPECTUS,15,3,,
15810,3094900059593,75.0,Aquafresh,Pasta Dentífrica Menta Suave,Embalagem de 75 ml,1.69,22.53,75,L,€/L,,,https://driveimg1.intermarche.com/pt/Content/images/boitmal/produit/zoom/23BC1431AAB789532FD2967AA69D21DC.jpg,,,,2026-02-11T23:59:59Z,PROSPECTUS,15,3,,
15980,5601119244368,210.0,Nobre,"Salsichas de Peru Cuida-t+ Frasco 4 un sem Glúten, frasco 210 gr",,2.55,12.14,0,kg,€/Kg,,,https://driveimg1.intermarche.com/pt/Content/images/boitmal/produit/zoom/CFAE20131139C70D365FB7E596D49C5A.jpg,,,,2026-02-11T23:59:59Z,PROSPECTUS,15,3,,
16003,5000116109630,300.0,Capitão Iglo,"12 douradinhos forníssimo, embalagem de 300g",,3.98,13.27,0,kg,€/Kg,,Tipo de stockagem,https://driveimg1.intermarche.com/pt/Content/images/boitmal/produit/zoom/544992A31EAE2C5ED6C344C7B21BC2DA.jpg,,,,2026-02-11T23:59:59Z,PROSPECTUS,15,3,,
16608,8712561521437,700.0,Cif,"Creme abrasivo limão, de 700 ml",,2.69,3.84,700,L,€/L,,,https://driveimg1.intermarche.com/pt/Content/images/boitmal/produit/zoom/734448B6276EB5C2CFFCEBF5E628AF6D.jpg,,,,2026-02-11T23:59:59Z,PROSPECTUS,15,3,,
16609,8712561846530,700.0,Cif,"Creme abrasivo pink flowers, de 700 ml",,2.79,3.99,700,L,€/L,,,https://driveimg1.intermarche.com/pt/Content/images/boitmal/produit/zoom/C71BC29DB02419E55AB519313E13B11B.jpg,,,,2026-02-11T23:59:59Z,PROSPECTUS,15,3,,
16728,7613034903204,400.0,Cerelac,"Leite e cereais pijama +6 meses, emb. 2 x 200 ml",Garrafa de 400 ml,2.14,5.35,400,L,€/L,,,https://driveimg1.intermarche.com/pt/Content/images/boitmal/produit/zoom/239F9048DEABC81D470EA8ABD492AED8.jpg,,,,2026-02-11T23:59:59Z,PROSPECTUS,15,3,,
16857,5603344531114,110.0,General,Atum natural,Embalagem de 110g,1.1,10.0,0,kg,€/Kg,,,https://driveimg1.intermarche.com/pt/Content/images/boitmal/produit/zoom/D147FF3405CBBBAF67756FEDE1B5317A.jpg,,,,2026-02-11T23:59:59Z,PROSPECTUS,15,3,,
16933,5604260277292,55.0,PorSi,Cápsulas Café Fortissimo Cnpx10,,2.29,41.64,0,kg,€/Kg,,,https://driveimg1.intermarche.com/pt/Content/images/boitmal/produit/zoom/D2685B35A81DF08A80F802272D6D4C46.jpg,,,,2026-02-11T23:59:59Z,PROSPECTUS,15,3,,
1711,5604055118410,6000.0,Fastio,"Água mineral sem gás, pack 4 x 1.5 l",,2.19,0.37,6000,L,€/L,,,https://driveimg1.intermarche.com/pt/Content/images/boitmal/produit/zoom/ADF5F83607F39D07CF3C9F204186DB24.jpg,,,,2026-02-11T23:59:59Z,PROSPECTUS,15,3,,
18016,2895072000000,200.0,Alavão,Queijo Curado Tradicional,Vendido ao peso a partir de 200 gr,1.94,9.69,0,,€/Kg,,,https://driveimg1.intermarche.com/pt/Content/images/boitmal/produit/zoom/6EEE70CB371373CF3E1FEB22D7FA014F.jpg,,,,2026-02-18T23:59:59Z,PROSPECTUS,15,3,,
18540,5029053038650,,Scottex,"Papel higiénico acolchoado, folha tripla, 9 rolos",,3.99,3.99,0,,€/Unidade,,,https://driveimg1.intermarche.com/pt/Content/images/boitmal/produit/zoom/36C77C7223E30297676F1D2DA26E5323.jpg,,,,2026-02-11T23:59:59Z,PROSPECTUS,15,3,,
1982,5604260062768,500.0,PorSi,Mostarda Top Down 500g,,1.78,3.56,0,kg,€/Kg,,,https://driveimg1.intermarche.com/pt/Content/images/boitmal/produit/zoom/D6C181660EA01FCCBFCCCE2AF9CE1997.jpg,,,,2026-02-11T23:59:59Z,PROSPECTUS,15,3,,
19931,7613033737046,60.0,Felix,"Snack para gato mixed grill, 60 g",,1.49,24.83,0,kg,€/Kg,,,https://driveimg1.intermarche.com/pt/Content/images/boitmal/produit/zoom/7E2E1FECDD478BE6A1632C053BCB03FD.jpg,,,,2026-02-11T23:59:59Z,PROSPECTUS,15,3,,
19939,7613035619425,300.0,Nestlé,"Granola Aveia, Trigo e Chocolate, emb. 300 gr",Embalagem de 300g,3.29,10.97,0,kg,€/Kg,,,https://driveimg1.intermarche.com/pt/Content/images/boitmal/produit/zoom/9320D561FEE05C66ADC01B69C3EF7AE4.jpg,,,,2026-02-11T23:59:59Z,PROSPECTUS,15,3,,
19954,5602947000416,750.0,Quinta da Pacheca,Vinho tinto doc douro superior,Garrafa de 0.75 l,9.99,13.32,750,L,€/L,,,https://driveimg1.intermarche.com/pt/Content/images/boitmal/produit/zoom/0AD1FE231F09F3E2DDE62289E3088EE1.jpg,,,,2026-02-18T23:59:59Z,PROSPECTUS,15,3,,
20366,7622210981141,150.0,Philadelphia,"Queijo para Barrar com Ervas Finas, emb. 150 gr",,1.86,12.4,0,kg,€/Kg,,,https://driveimg1.intermarche.com/pt/Content/images/boitmal/produit/zoom/23968A9CE69CBDE38F833889E5601762.jpg,,,,2026-02-11T23:59:59Z,PROSPECTUS,15,3,,
20546,3387390326468,375.0,Nestlé,"Cereais Fitness Chocolate, emb. 375 gr",Embalagem de 380g,3.99,10.64,0,kg,€/Kg,,,https://driveimg1.intermarche.com/pt/Content/images/boitmal/produit/zoom/3B69CCD1D22119150AD46AAF10E61DE1.jpg,,,,2026-02-11T23:59:59Z,PROSPECTUS,15,3,,
20967,5601027002593,175.0,Manhãzitos,5 manhãzitos choco chips,Embalagem de 175 g,2.29,13.09,0,kg,€/Kg,,,https://driveimg1.intermarche.com/pt/Content/images/boitmal/produit/zoom/BE4C58F28F8A49ACD807D3815C0F8DEB.jpg,,,,2026-02-11T23:59:59Z,PROSPECTUS,15,3,,
21310,5601012004786,750.0,Sossego,"Vinho regional alentejano tinto, garrafa de 750 ml",,3.79,5.05,750,L,€/L,,,https://driveimg1.intermarche.com/pt/Content/images/boitmal/produit/zoom/D4F8FDF05E4E37B78212441D2360A9E7.jpg,,,,2026-02-18T23:59:59Z,PROSPECTUS,15,3,,
21619,5601174207001,750.0,Jose Sousa,"Vinho regional alentejano, tinto, garrafa de 0.75 l",,7.49,9.99,750,L,€/L,,,https://driveimg1.intermarche.com/pt/Content/images/boitmal/produit/zoom/3721731076F799A2E679A5F8A85C3912.jpg,,,,2026-02-18T23:59:59Z,PROSPECTUS,15,3,,
21745,7613035659728,250.0,Cerelac,Papa infantil não láctea multicereais +6 meses,Embalagem de 250g,2.24,8.96,0,kg,€/Kg,,,https://driveimg1.intermarche.com/pt/Content/images/boitmal/produit/zoom/90667A298E4003D9445C62EE2E028371.jpg,,,,2026-02-11T23:59:59Z,PROSPECTUS,15,3,,
22154,5603722514432,480.0,Mimosa,"Iogurte magro + gelatina framboesa, 4 x 120 g",,1.69,3.52,0,kg,€/Kg,,,https://driveimg1.intermarche.com/pt/Content/images/boitmal/produit/zoom/4B8FFB70093D642C712341C27C8C2BEC.jpg,,,,2026-02-11T23:59:59Z,PROSPECTUS,15,3,,
22155,5603722514418,480.0,Mimosa,"Iogurte magro + gelatina maracujá, embalagem de 4 x 120g",,1.69,3.52,0,kg,€/Kg,,,https://driveimg1.intermarche.com/pt/Content/images/boitmal/produit/zoom/B2A7B7AB3B93EF04DC4E40A9914CBC92.jpg,,,,2026-02-11T23:59:59Z,PROSPECTUS,15,3,,
22335,5000116110940,420.0,Capitão Iglo,"15 douradinhos, embalagem de 420g",,4.99,11.88,0,kg,€/Kg,,Tipo de stockagem,https://driveimg1.intermarche.com/pt/Content/images/boitmal/produit/zoom/3973A8C90F686ECB72E76C3B0A0492D4.jpg,,,,2026-02-11T23:59:59Z,PROSPECTUS,15,3,,
22537,3179148441000,37.0,Vahine,"Açúcar baunilhado, embalagem de 40g",,2.29,61.89,0,kg,€/Kg,,,https://driveimg1.intermarche.com/pt/Content/images/boitmal/produit/zoom/963E4E4B240E10126D08A1684866D84C.jpg,,,,2026-02-11T23:59:59Z,PROSPECTUS,15,3,,
22833,8410219640188,200.0,Vahine,"Aroma baunilha fr.plast, de 200 ml",,3.37,16.85,200,L,€/L,,,https://driveimg1.intermarche.com/pt/Content/images/boitmal/produit/zoom/D2528B739D4AD7A3B2398E450A96B1CD.jpg,,,,2026-02-11T23:59:59Z,PROSPECTUS,15,3,,
23276,5604260281299,175.0,Porsi Programa Origens,Salada Gourmet 175 G,,1.09,6.23,0,kg,€/Kg,,,https://driveimg1.intermarche.com/pt/Content/images/boitmal/produit/zoom/4B8FE4793F676EB4D411F04A36543FE6.jpg,,,,2026-02-11T23:59:59Z,PROSPECTUS,15,3,,
24384,5060337501316,500.0,Monster,"Bebida Energética Ultra White sem Açúcar, emb. 50 cl",,1.39,2.78,500,L,€/L,,,https://driveimg1.intermarche.com/pt/Content/images/boitmal/produit/zoom/047BF64EF9131982C9602B68EDA08EBA.jpg,,,,2026-02-11T23:59:59Z,PROSPECTUS,15,3,,
2482,7613032584757,250.0,Cerelac,"Papa Infantil Láctea 5 Frutos +6M, emb. 250 gr",Embalagem de 250g,2.99,11.96,0,kg,€/Kg,,,https://driveimg1.intermarche.com/pt/Content/images/boitmal/produit/zoom/3BA8FAB1CBB784A1F35D14E45DA423EA.jpg,,,,2026-02-11T23:59:59Z,PROSPECTUS,15,3,,
24843,5604655005158,400.0,Peixaria,Paloco desfiado do pacifico,Embalagem de 400 g,2.69,6.73,0,kg,€/Kg,,,https://driveimg1.intermarche.com/pt/Content/images/boitmal/produit/zoom/A6D43F84A49577D695E61B0D7FE082C0.jpg,,,,2026-02-11T23:59:59Z,PROSPECTUS,15,3,,
25262,5000116112166,208.0,Capitão Iglo,"10 nuggets de frango, embalagem de 210g",,2.99,14.38,0,kg,€/Kg,,Tipo de stockagem,https://driveimg1.intermarche.com/pt/Content/images/boitmal/produit/zoom/CF1467DF1CD91C352F5C2C303E0557A7.jpg,,,,2026-02-11T23:59:59Z,PROSPECTUS,15,3,,
2577,7622210252074,190.0,Triunfo,"Bolachas de aveia, embalagem de 190g",,1.49,7.84,0,kg,€/Kg,,,https://driveimg1.intermarche.com/pt/Content/images/boitmal/produit/zoom/EFDDFB5B934FB905AF86D52C9D479A73.jpg,,,,2026-02-11T23:59:59Z,PROSPECTUS,15,3,,
25783,8714100667569,61.0,Knorr,Noodles galinha,Embalagem de 60g,0.99,16.23,0,kg,€/Kg,,,https://driveimg1.intermarche.com/pt/Content/images/boitmal/produit/zoom/E529FFAC22E4D5C7973ADAD96806025F.jpg,,,,2026-02-11T23:59:59Z,PROSPECTUS,15,3,,
2593,7622300366827,171.0,Triunfo,"Bolachas digestivas go maçã, embalagem de 170g",,1.84,10.76,0,kg,€/Kg,,,https://driveimg1.intermarche.com/pt/Content/images/boitmal/produit/zoom/659BBCAC39DF39F8F177E1A9DE86EA26.jpg,,,,2026-02-11T23:59:59Z,PROSPECTUS,15,3,,
26341,5601012011920,750.0,Papa Figos,"Vinho doc douro branco, garrafa de 750 ml",,5.89,7.85,750,L,€/L,,,https://driveimg1.intermarche.com/pt/Content/images/boitmal/produit/zoom/47C911133755ED927EA5820F32D168BD.jpg,,,,2026-02-18T23:59:59Z,PROSPECTUS,15,3,,
2748,8410063044521,200.0,Pescanova,"Miolo de Camarão Cozido 40/60 Ultracongelado, emb. 200 gr",,5.99,29.95,0,kg,€/Kg,,Tipo de stockagem,https://driveimg1.intermarche.com/pt/Content/images/boitmal/produit/zoom/D50FF0C33F27025B364B2A0F02EC1F36.jpg,,,,2026-02-11T23:59:59Z,PROSPECTUS,15,3,,
28609,5604260282951,55.0,PorSi,Cápsulas Café Ristretto Cnpx10,,2.29,41.64,0,kg,€/Kg,,,https://driveimg1.intermarche.com/pt/Content/images/boitmal/produit/zoom/98A2B27B97561600F2789C49300E14CC.jpg,,,,2026-02-11T23:59:59Z,PROSPECTUS,15,3,,
28880,5602182360139,750.0,Monte da Ravasqueira,Vinho tinto regional alentejano superior,Garrafa de 750 ml,4.99,6.65,750,L,€/L,,,https://driveimg1.intermarche.com/pt/Content/images/boitmal/produit/zoom/6FF671489AD108ACE18CD76A49E812FC.jpg,,,,2026-02-18T23:59:59Z,PROSPECTUS,15,3,,
29724,8013355500752,250.0,Gran Pavesi,"Crackers sem sal superficie, embalagem de 250g",,1.99,7.96,0,kg,€/Kg,,,https://driveimg1.intermarche.com/pt/Content/images/boitmal/produit/zoom/99669E54D6B31BA1A86C90886F4FE429.jpg,,,,2026-02-11T23:59:59Z,PROSPECTUS,15,3,,
30891,5609060099617,200.0,Delta,Bebida solúvel cereais+fibra frasco 200g,Embalagem de 200g,2.79,13.95,0,kg,€/Kg,,,https://driveimg1.intermarche.com/pt/Content/images/boitmal/produit/zoom/7C416EF7E94C6799222D8AD20D418923.jpg,,,,2026-02-11T23:59:59Z,PROSPECTUS,15,3,,
32211,5609851521181,750.0,Beyra,"Beira interior colheita 2013, garrafa de 0.75 l",,4.85,6.47,750,L,€/L,,,https://driveimg1.intermarche.com/pt/Content/images/boitmal/produit/zoom/D189EAA6CFB0B7DAFFC4490CE2333CFE.jpg,,,,2026-02-18T23:59:59Z,PROSPECTUS,15,3,,
32221,5604135003032,750.0,Marquês de Borba,"Vinho doc alentejo tinto, garrafa de 0.75 l",,5.49,7.32,750,L,€/L,,,https://driveimg1.intermarche.com/pt/Content/images/boitmal/produit/zoom/C41FFF05E1D447C5A0976B0F0A73AF96.jpg,,,,2026-02-18T23:59:59Z,PROSPECTUS,15,3,,
32408,5601050034967,600.0,Danone,"Danacol aveia, embalagem de 6 x 100g",,3.09,5.15,0,kg,€/Kg,,,https://driveimg1.intermarche.com/pt/Content/images/boitmal/produit/zoom/5CE656F263120C59B9C0953B21D516B7.jpg,,,,2026-02-11T23:59:59Z,PROSPECTUS,15,3,,
33403,5608527002788,750.0,Vinha da Fonte,"Dona Ermelinda Vinha Da Fonte Reserva Tinto 2022, garrafa 75 cl",Garrafa de 0.75 l,3.99,5.32,750,L,€/L,,,https://driveimg1.intermarche.com/pt/Content/images/boitmal/produit/zoom/590F6016E28E664FE16E3D1DD3D4CE94.jpg,,,,2026-02-18T23:59:59Z,PROSPECTUS,15,3,,
34328,5603344291018,120.0,General,Bacalhau com grão,Embalagem de 120g,1.94,16.17,0,kg,€/Kg,,,https://driveimg1.intermarche.com/pt/Content/images/boitmal/produit/zoom/3CE63A7FB770BD16863F1AA0D2B1E6B2.jpg,,,,2026-02-11T23:59:59Z,PROSPECTUS,15,3,,
35071,7622210608710,170.0,Triunfo,"Bolachas digestive finas de chocolate de leite, embalagem de 170g",,2.24,13.18,0,kg,€/Kg,,,https://driveimg1.intermarche.com/pt/Content/images/boitmal/produit/zoom/CCA4384E912B3AB5BC2DD663CD6B87E1.jpg,,,,2026-02-11T23:59:59Z,PROSPECTUS,15,3,,
35072,7622210608741,170.0,Triunfo,"Bolachas digestive finas de chocolate negro, embalagem de 170 g",,2.24,13.18,0,kg,€/Kg,,,https://driveimg1.intermarche.com/pt/Content/images/boitmal/produit/zoom/FAD3B5C8F27556161330299DF25223DF.jpg,,,,2026-02-11T23:59:59Z,PROSPECTUS,15,3,,
35558,5601151973721,3500.0,Pepsi,"Refrigerante com gás, pack de 2 x 1.75 l",,3.18,0.91,3500,L,€/L,,,https://driveimg1.intermarche.com/pt/Content/images/boitmal/produit/zoom/4591303E8886D5226C017EC0EFBDEC41.jpg,,,,2026-02-11T23:59:59Z,PROSPECTUS,15,3,,
36245,5000204117318,40.0,Glade,"Recargas ambientador elétrico relaxing zen, 2 x 20 ml",,5.19,129.75,40,L,€/L,,,https://driveimg1.intermarche.com/pt/Content/images/boitmal/produit/zoom/6DA8F56BD0A646FD3B917BA73D2BD427.jpg,,,,2026-02-11T23:59:59Z,PROSPECTUS,15,3,,
36708,5604260296767,250.0,PorSi,Queijo Fresco Clássico 4x62.5g,,2.59,10.36,0,kg,€/Kg,,,https://driveimg1.intermarche.com/pt/Content/images/boitmal/produit/zoom/808A63EFAEF8DEF4BD0506202DEB45EF.jpg,,,,2026-02-11T23:59:59Z,PROSPECTUS,15,3,,
37460,5900020033963,141.0,Nestlé,"Barras de Cereais Chocolate e Banana Fitness, emb. 141 gr (6 un)",Embalagem de 141 g,1.99,14.11,0,kg,€/Kg,,,https://driveimg1.intermarche.com/pt/Content/images/boitmal/produit/zoom/1E85263A2C5A59452E4D94091A02574C.jpg,,,,2026-02-11T23:59:59Z,PROSPECTUS,15,3,,
37602,5603722518782,,Castelões,"Queijo curado pequeno, embalagem de 500g",,5.99,5.99,1,,€/Unidade,,,https://driveimg1.intermarche.com/pt/Content/images/boitmal/produit/zoom/5DFFAAD500F2992E98C505840753B8C7.jpg,,,,2026-02-18T23:59:59Z,PROSPECTUS,15,3,,
37814,5604260301089,,PorSi,Fraldas Premium T5 13-18 kg - 42 Unidades,,8.1,8.1,0,,€/Unidade,,,https://driveimg1.intermarche.com/pt/Content/images/boitmal/produit/zoom/C13EDAEA790705BF6C3FF3D6193E73D1.jpg,,,,2026-02-11T23:59:59Z,PROSPECTUS,15,3,,
37987,5601809011539,550.0,Riberalves,Lombos de bacalhau 4 meses de cura,Embalagem de 550 g,14.99,27.25,0,kg,€/Kg,,Tipo de stockagem,https://driveimg1.intermarche.com/pt/Content/images/boitmal/produit/zoom/9C6DE71E12945881D3F9808E35022C27.jpg,,,,2026-02-11T23:59:59Z,PROSPECTUS,15,3,,
38058,5601012001525,750.0,Gazela,"Vinho Verde Rosé, garrafa 75 cl",Garrafa de 0.75 l,3.19,4.25,750,L,€/L,,,https://driveimg1.intermarche.com/pt/Content/images/boitmal/produit/zoom/FA97AF6F88D7541D231A4A531AA39B2A.jpg,,,,2026-02-18T23:59:59Z,PROSPECTUS,15,3,,
38070,5600258008435,750.0,Abelharuco,Vinho Regional Alentejano Tinto,Garrafa de 0.75 l,2.79,3.72,750,L,€/L,,,https://driveimg1.intermarche.com/pt/Content/images/boitmal/produit/zoom/F329817A5CF890D4120C1DDA74C95077.jpg,,,,2026-02-18T23:59:59Z,PROSPECTUS,15,3,,
38557,5601027004764,315.0,Manhãzitos,Manhãzitos® planetus 9x2 un.,Embalagem de 315g,3.19,10.13,0,kg,€/Kg,,,https://driveimg1.intermarche.com/pt/Content/images/boitmal/produit/zoom/8BC9A4B8955F0072A9A69D2A17EA2C77.jpg,,,,2026-02-11T23:59:59Z,PROSPECTUS,15,3,,
40147,7622201122683,114.0,Royal,"Gelatina de limão, embalagem de 114g",,1.44,12.63,0,kg,€/Kg,,,https://driveimg1.intermarche.com/pt/Content/images/boitmal/produit/zoom/080C7E407272845A61112B3CADB30DE5.jpg,,,,2026-02-11T23:59:59Z,PROSPECTUS,15,3,,
40889,7622201122645,114.0,Royal,"Gelatina de morango e framboesa, embalagem de 114g",,1.44,12.63,0,kg,€/Kg,,,https://driveimg1.intermarche.com/pt/Content/images/boitmal/produit/zoom/B15692ACC03EEF113428584D233CB12A.jpg,,,,2026-02-11T23:59:59Z,PROSPECTUS,15,3,,
40961,3179142000388,71.0,Vahine,"Rolinhos com sabor a chocolate, embalagem de 65g",,1.39,19.58,0,kg,€/Kg,,,https://driveimg1.intermarche.com/pt/Content/images/boitmal/produit/zoom/615342CD14815CB7650C95A0117AED4B.jpg,,,,2026-02-11T23:59:59Z,PROSPECTUS,15,3,,
40993,7622201122669,114.0,Royal,"Gelatina em Pó de Tutti Fruti, emb. 114 gr",,1.44,12.63,0,kg,€/Kg,,,https://driveimg1.intermarche.com/pt/Content/images/boitmal/produit/zoom/04E0342E1E578793A06A837EEE498186.jpg,,,,2026-02-11T23:59:59Z,PROSPECTUS,15,3,,
41352,7622201122706,114.0,Royal,"Gelatina em Pó Tropical, emb. 114 gr",,1.44,12.63,0,kg,€/Kg,,,https://driveimg1.intermarche.com/pt/Content/images/boitmal/produit/zoom/481E6B119D0D45095E4CEC25297887DD.jpg,,,,2026-02-11T23:59:59Z,PROSPECTUS,15,3,,
41360,5601050036268,160.0,Yopro,"Yopro mirtilo, embalagem de 160g",,1.29,8.06,0,kg,€/Kg,,,https://driveimg1.intermarche.com/pt/Content/images/boitmal/produit/zoom/DCA8853EDE27123693F6D3AE94D87D35.jpg,,,,2026-02-11T23:59:59Z,PROSPECTUS,15,3,,
41661,5603769000752,750.0,Piano,Vinho DOC Douro Tinto Reserva,Garrafa de 0.75 l,6.74,8.99,750,L,€/L,,,https://driveimg1.intermarche.com/pt/Content/images/boitmal/produit/zoom/B0DFAFE37BB6D8C6F3E4E55468B7B398.jpg,,,,2026-02-18T23:59:59Z,PROSPECTUS,15,3,,
41901,7613037677591,250.0,Cerelac,"Papa Infantil Farinha Láctea com 40% Menos Açúcares +6M,  emb. 250 gr",,2.24,8.96,0,kg,€/Kg,,,https://driveimg1.intermarche.com/pt/Content/images/boitmal/produit/zoom/029375962274AEB82420915E9195E54A.jpg,,,,2026-02-11T23:59:59Z,PROSPECTUS,15,3,,
42143,5604260303854,1000.0,PorSi,Polpa Tomate 1000g,,1.69,1.69,0,kg,€/Kg,,,https://driveimg1.intermarche.com/pt/Content/images/boitmal/produit/zoom/679664BBE244204CAECDA64599109117.jpg,,,,2026-02-11T23:59:59Z,PROSPECTUS,15,3,,
42246,8410650891200,1500.0,Ultima,"Ração para Cão Adulto Mini Special, emb. 1,5 kg",Embalagem de 1.5 kg,7.44,4.96,0,kg,€/Kg,,,https://driveimg1.intermarche.com/pt/Content/images/boitmal/produit/zoom/DDAA9FA494831740D0231EFD967FC198.jpg,,,,2026-02-11T23:59:59Z,PROSPECTUS,15,3,,
42890,8001841677279,,Dodot,Fralda cueca T7 | +17 kg,Embalagem com 23 unidades,8.39,8.39,0,,€/Unidade,,,https://driveimg1.intermarche.com/pt/Content/images/boitmal/produit/zoom/82DF729F3DB69310A4FA278B62983A33.jpg,,,,2026-02-11T23:59:59Z,PROSPECTUS,15,3,,
4309,3600540342461,250.0,Fructis,Champô hydra caracóis,Embalagem de 250 ml,3.19,12.76,250,L,€/L,,,https://driveimg1.intermarche.com/pt/Content/images/boitmal/produit/zoom/20B5022D508A6A7AF557561048C9AC2E.jpg,,,,2026-02-11T23:59:59Z,PROSPECTUS,15,3,,
43424,5604260312627,6300.0,PorSi,Detergente em Pó Sabão Marsella.6300 G,,9.92,1.57,0,kg,€/Kg,,,https://driveimg1.intermarche.com/pt/Content/images/boitmal/produit/zoom/FEF4051694067D273A98F01A2BE51590.jpg,https://driveimg1.intermarche.com/pt/Content/images/boitmal/produit/zoom/882B5A86D5A0AA8DC44704CE6E48DCAC.jpg,https://driveimg1.intermarche.com/pt/Content/images/boitmal/produit/zoom/882B5A86D5A0AA8DC44704CE6E48DCAC.jpg,https://driveimg1.intermarche.com/pt/Content/images/boitmal/produit/zoom/882B5A86D5A0AA8DC44704CE6E48DCAC.jpg,2026-02-11T23:59:59Z,PROSPECTUS,15,3,https://driveimg1.intermarche.com/pt/Content/images/boitmal/produit/zoom/882B5A86D5A0AA8DC44704CE6E48DCAC.jpg,
43471,5604260309221,50.0,PorSi,Ambientador Difusor Lavanda 50ml,,2.69,53.8,50,L,€/L,,,https://driveimg1.intermarche.com/pt/Content/images/boitmal/produit/zoom/73C64D73201D1A84918F25F877B7879B.jpg,,,,2026-02-11T23:59:59Z,PROSPECTUS,15,3,,
438,8722700140139,20.0,Lipton,"20 saquetas infusão de cidreira, embalagem de 20g",,1.59,79.5,0,kg,€/Kg,,,https://driveimg1.intermarche.com/pt/Content/images/boitmal/produit/zoom/75772B648D442A3C0BB5D4E8A4601B76.jpg,,,,2026-02-11T23:59:59Z,PROSPECTUS,15,3,,
43877,5604260313709,460.0,PorSi,Hambúrgueres de Peru 460 G,,3.49,7.59,0,kg,€/Kg,,,https://driveimg1.intermarche.com/pt/Content/images/boitmal/produit/zoom/FA2BACD08CF4C4CAB5BDA1CEE9BC706D.jpg,,,,2026-02-11T23:59:59Z,PROSPECTUS,15,3,,
44048,5054563101846,75.0,Sensodyne,Dentífrico branqueador,Embalagem de 75 ml,2.99,39.87,75,L,€/L,,,https://driveimg1.intermarche.com/pt/Content/images/boitmal/produit/zoom/3FCEF381523EF43D48FAABB009CAAFFA.jpg,,,,2026-02-11T23:59:59Z,PROSPECTUS,15,3,,
44634,8711327485082,330.0,Magnum,"Gelados mini double gold caramel billionaire, embalagem de 6x55 ml",,4.49,13.61,330,L,€/L,,Tipo de stockagem,https://driveimg1.intermarche.com/pt/Content/images/boitmal/produit/zoom/42AC7934AA428100845DBDC81A00E314.jpg,,,,2026-02-11T23:59:59Z,PROSPECTUS,15,3,,
44645,8710604741859,36.0,Knorr,"Esparguete à carbonara 1, 2, 3...sabor!, embalagem de 36g",,0.99,27.5,0,kg,€/Kg,,,https://driveimg1.intermarche.com/pt/Content/images/boitmal/produit/zoom/3A9ADB7151712EC69C622800C5116043.jpg,,,,2026-02-11T23:59:59Z,PROSPECTUS,15,3,,
44832,7613287235497,7.0,Cerelac,"Snack para Bebé de Banana NutriPuffs +8M, emb. 7 gr",,0.57,81.43,0,kg,€/Kg,,,https://driveimg1.intermarche.com/pt/Content/images/boitmal/produit/zoom/6798487E853B53B30C64658DB94F26AA.jpg,,,,2026-02-11T23:59:59Z,PROSPECTUS,15,3,,
44895,8710604741842,33.0,Knorr,"Chili com carne 1, 2, 3...sabor!, embalagem de 33g",,0.99,30.0,0,kg,€/Kg,,,https://driveimg1.intermarche.com/pt/Content/images/boitmal/produit/zoom/E0FC3FD038BB457F02AE1D4A0906FFDD.jpg,,,,2026-02-11T23:59:59Z,PROSPECTUS,15,3,,
44903,5601066200325,1000.0,Nacional,"Farinha preparada pão caseiro, 1kg",,1.79,1.79,0,kg,€/Kg,,,https://driveimg1.intermarche.com/pt/Content/images/boitmal/produit/zoom/4D17517C7C018E28AA2A4618CB765EB3.jpg,,,,2026-02-11T23:59:59Z,PROSPECTUS,15,3,,
44908,7613033010170,100.0,Nescafé,"Café Solúvel Gold Descafeinado, emb. 100 gr",,6.39,63.9,0,kg,€/Kg,,,https://driveimg1.intermarche.com/pt/Content/images/boitmal/produit/zoom/A928E341402EF9B577A83B4FC4F4DBBD.jpg,,,,2026-02-11T23:59:59Z,PROSPECTUS,15,3,,
44909,7613039892480,100.0,Nescafé,"Café solúvel espresso intenso, embalagem de 100g",,6.79,67.9,0,kg,€/Kg,,,https://driveimg1.intermarche.com/pt/Content/images/boitmal/produit/zoom/AF0806E8C0A38D2B3D2782911AF5AE08.jpg,,,,2026-02-11T23:59:59Z,PROSPECTUS,15,3,,
45032,5054563098795,75.0,Sensodyne,Pasta dentífrica repair&protect,Embalagem de 75 ml,4.19,55.87,75,L,€/L,,,https://driveimg1.intermarche.com/pt/Content/images/boitmal/produit/zoom/76D41495665EAB67980545B32E3813D6.jpg,,,,2026-02-11T23:59:59Z,PROSPECTUS,15,3,,
4510,4005808182688,200.0,Nivea,"Tónico de Limpeza Suave, emb. 200 ml",,4.39,21.95,200,L,€/L,,,https://driveimg1.intermarche.com/pt/Content/images/boitmal/produit/zoom/7A95F8A0BF4FF2BC35D0E109BB99D559.jpg,,,,2026-02-11T23:59:59Z,PROSPECTUS,15,3,,
46255,5601151971154,1500.0,Sumol,"Refrigerante com gás laranjas do algarve, garrafa de 1.5 l",,1.25,0.83,1500,L,€/L,,,https://driveimg1.intermarche.com/pt/Content/images/boitmal/produit/zoom/FC682E13D4CAF638D1B335B8521E2196.jpg,,,,2026-02-11T23:59:59Z,PROSPECTUS,15,3,,
46304,5604260314997,300.0,PorSi,Espirais de Batata-doce 300 G,,1.59,5.3,0,kg,€/Kg,,,https://driveimg1.intermarche.com/pt/Content/images/boitmal/produit/zoom/3D49D9032FB51BC2D6012DB13D41E24B.jpg,,,,2026-02-11T23:59:59Z,PROSPECTUS,15,3,,
46436,5601578131018,750.0,Terras do Demo,Espumante Rosé Bruto,Garrafa de 0.75 l,8.99,11.99,750,L,€/L,,,https://driveimg1.intermarche.com/pt/Content/images/boitmal/produit/zoom/101CF071A993AA402B99D175EC96A727.jpg,,,,2026-02-18T23:59:59Z,PROSPECTUS,15,3,,
46847,5604260316205,500.0,PorSi,Massa Laços Tricolores 500g,,0.99,1.98,0,kg,€/Kg,,,https://driveimg1.intermarche.com/pt/Content/images/boitmal/produit/zoom/26FB05A80D25E9387A8ADB50077F254D.jpg,,,,2026-02-11T23:59:59Z,PROSPECTUS,15,4,,
4716,5000204593242,72.0,Pato,"Discos Sanitários Ativos Recargas Lima, 2 x 6 doses",Embalagem de 2x36 ml,3.49,48.47,72,L,€/L,,,https://driveimg1.intermarche.com/pt/Content/images/boitmal/produit/zoom/6E8BEEF9B9E1E763C6D9B6E49B0D85F6.jpg,,,,2026-02-11T23:59:59Z,PROSPECTUS,15,4,,
47661,5603722496981,800.0,Mimosa,"Leite infantil 1 a 3 anos, 4 x 200 ml",,1.88,2.35,800,L,€/L,,,https://driveimg1.intermarche.com/pt/Content/images/boitmal/produit/zoom/1D994EB1FEC01E1F16838498F3D2095C.jpg,,,,2026-02-11T23:59:59Z,PROSPECTUS,15,4,,
4792,5010106113127,700.0,BallantineS,"Whisky, garrafa de 700 ml",,14.09,20.13,700,L,€/L,,,https://driveimg1.intermarche.com/pt/Content/images/boitmal/produit/zoom/7BF4EA6F94A85CF9DD6ADDC4A98A4509.jpg,,,,2026-02-11T23:59:59Z,PROSPECTUS,15,4,,
4806,5010867503960,750.0,Altano,"Vinho biológico doc douro tinto, garrafa de 0.75 l",,5.99,7.99,750,L,€/L,,,https://driveimg1.intermarche.com/pt/Content/images/boitmal/produit/zoom/81EFC3F64860687AA30EE936CAA63590.jpg,,,,2026-02-18T23:59:59Z,PROSPECTUS,15,4,,
48073,5604260320844,,PorSi,Pensos Higiénicos Ultrafinos Super com Abas - 12 Unidades,,1.15,1.15,0,,€/Unidade,,,https://driveimg1.intermarche.com/pt/Content/images/boitmal/produit/zoom/F8F160F853B4301369D2348F44D1EACA.jpg,,,,2026-02-11T23:59:59Z,PROSPECTUS,15,4,,
48075,5604260320868,,PorSi,Pensos Higiénicos Ultrafinos Noite com Abas - 10 Unidades,,1.19,1.19,0,,€/Unidade,,,https://driveimg1.intermarche.com/pt/Content/images/boitmal/produit/zoom/12ADA0D268721D24041379800219E3C0.jpg,,,,2026-02-11T23:59:59Z,PROSPECTUS,15,4,,
48147,5604260319473,375.0,PorSi,Cereais Bolas de Chocolate 375g,,1.99,5.31,0,kg,€/Kg,,,https://driveimg1.intermarche.com/pt/Content/images/boitmal/produit/zoom/A2B702166C838C0223DAE1A342BA25DD.jpg,https://driveimg1.intermarche.com/pt/Content/images/boitmal/produit/zoom/97B9E90D32C20B8DE50A5D91D0038712.jpg,,,2026-02-11T23:59:59Z,PROSPECTUS,15,4,,
48280,5604260323210,,PorSi,Fraldas Premium T6 17-28 kg - 40 Unidades,,8.49,8.49,0,,€/Unidade,,,https://driveimg1.intermarche.com/pt/Content/images/boitmal/produit/zoom/B950359F977599B745889D6912F1E08A.jpg,,,,2026-02-11T23:59:59Z,PROSPECTUS,15,4,,
48589,8430094318934,250.0,Nutriben,"Papa 8 cereais 4 frutas láctea, 250g",,2.54,10.16,0,kg,€/Kg,,,https://driveimg1.intermarche.com/pt/Content/images/boitmal/produit/zoom/FCC060F67F45F3A8F53F10193E009A15.jpg,,,,2026-02-11T23:59:59Z,PROSPECTUS,15,4,,
48712,5000159386821,200.0,M&MS,"M&ms drageias de amendoim e chocolate de leite, 200g",,3.74,18.7,0,kg,€/Kg,,,https://driveimg1.intermarche.com/pt/Content/images/boitmal/produit/zoom/FE32591FFCD809E27B474A6B5953C548.jpg,,,,2026-02-11T23:59:59Z,PROSPECTUS,15,4,,
49448,5601063060687,40.0,Margão,"Alho picado, embalagem de 40g",,1.29,32.25,0,kg,€/Kg,,,https://driveimg1.intermarche.com/pt/Content/images/boitmal/produit/zoom/90C5E226AF4C1F545E14A0EC79962265.jpg,https://driveimg1.intermarche.com/pt/Content/images/boitmal/produit/zoom/9CFB3EE202753DF585852A9C09A40179.jpg,,,2026-02-11T23:59:59Z,PROSPECTUS,15,4,,
49449,5601063060663,40.0,Margão,"Alho moído, embalagem de 40g",,1.15,28.75,0,kg,€/Kg,,,https://driveimg1.intermarche.com/pt/Content/images/boitmal/produit/zoom/207FDEAC299A758010ED56212C245F3A.jpg,,,,2026-02-11T23:59:59Z,PROSPECTUS,15,4,,
49619,5601146000913,1500.0,Sagres,"Cerveja com Álcool Preta Mini, emb. 6 x 25 cl",pack de 6 x 25 cl,3.74,2.49,1500,L,€/L,,,https://driveimg1.intermarche.com/pt/Content/images/boitmal/produit/zoom/8D0219FAC541474B43242C8E9420D794.jpg,,,,2026-02-11T23:59:59Z,PROSPECTUS,15,4,,
50407,8445290489197,900.0,Cerelac,"Farinha láctea 40% menos açúcar, embalagem de 900g",,5.97,6.63,0,kg,€/Kg,,,https://driveimg1.intermarche.com/pt/Content/images/boitmal/produit/zoom/D5679DAEE4754B15BC232A3CCD376B42.jpg,,,,2026-02-11T23:59:59Z,PROSPECTUS,15,4,,
50452,5603722521027,160.0,Mimosa,"Manteiga com salsa e alho, 160g",,2.44,15.25,0,kg,€/Kg,,,https://driveimg1.intermarche.com/pt/Content/images/boitmal/produit/zoom/9AF42A2DD592E9FC50D63205569BFC0F.jpg,,,,2026-02-11T23:59:59Z,PROSPECTUS,15,4,,
50630,5603722521461,1208.0,Mimosa,"Iogurte magro liquido de ananas e manga, 8x151ml",,2.99,2.48,1208,L,€/L,,,https://driveimg1.intermarche.com/pt/Content/images/boitmal/produit/zoom/391469C60827762112BDD90CD5A7ACC1.jpg,,,,2026-02-11T23:59:59Z,PROSPECTUS,15,4,,
50933,5604260325764,200.0,PorSi,Alheira Aves de Trás - Os - Montes 200g,,1.29,6.45,0,kg,€/Kg,,,https://driveimg1.intermarche.com/pt/Content/images/boitmal/produit/zoom/4CFF5DC7EA7B1E63268454B229FF0772.jpg,,,,2026-02-18T23:59:59Z,PROSPECTUS,15,4,,
51181,5601217137265,720.0,Quanto,"Perfumador de roupa azul, 36 doses",,3.99,5.54,720,L,€/L,,,https://driveimg1.intermarche.com/pt/Content/images/boitmal/produit/zoom/95E6BEEA038341803BF5F634198E2DF8.jpg,,,,2026-02-11T23:59:59Z,PROSPECTUS,15,4,,
51314,5601066200745,800.0,Nacional,"Farinha de aveia integral, 800g",,1.39,1.74,0,kg,€/Kg,,,https://driveimg1.intermarche.com/pt/Content/images/boitmal/produit/zoom/235C10960E97294CC4CDC7A584513052.jpg,,,,2026-02-11T23:59:59Z,PROSPECTUS,15,4,,
5137,5601078005017,750.0,Grao Vasco,"Vinho doc dão tinto, garrafa de 750 ml",,3.29,4.39,750,L,€/L,,,https://driveimg1.intermarche.com/pt/Content/images/boitmal/produit/zoom/A49446DA70D634A26DC6B1DBA802B307.jpg,,,,2026-02-18T23:59:59Z,PROSPECTUS,15,4,,
51383,8434165608023,150.0,Cuétara,Cuet marinheiros chia-quinoa-lin *9,Embalagem de 150g,1.59,10.6,0,kg,€/Kg,,,https://driveimg1.intermarche.com/pt/Content/images/boitmal/produit/zoom/12296D3DBC6CE8CBB7918AE72A6F0B1F.jpg,,,,2026-02-11T23:59:59Z,PROSPECTUS,15,4,,
5145,5601096328303,750.0,Casal Garcia,"Vinho verde rosé, garrafa de 0.75 l",,3.29,4.39,750,L,€/L,,,https://driveimg1.intermarche.com/pt/Content/images/boitmal/produit/zoom/A2D046BA3FF3C3A04B6D48CF0D5AEE1D.jpg,,,,2026-02-18T23:59:59Z,PROSPECTUS,15,4,,
51913,3073781193190,250.0,A Vaca Que Ri,"Queijo fundido light, 250g",,2.95,11.8,0,kg,€/Kg,,,https://driveimg1.intermarche.com/pt/Content/images/boitmal/produit/zoom/1D30A8CFE9EE0E2B2592E8B377EEF45A.jpg,,,,2026-02-11T23:59:59Z,PROSPECTUS,15,4,,
51944,5900020042514,300.0,Nestlé,"Cereais Crunchy Brownie, emb. 300 gr",,2.99,9.97,0,kg,€/Kg,,,https://driveimg1.intermarche.com/pt/Content/images/boitmal/produit/zoom/25B9E4C171EF4A838F85BA0E9113CFD5.jpg,,,,2026-02-11T23:59:59Z,PROSPECTUS,15,4,,
52018,5900951283710,300.0,Whiskas,"Whiskas ração para gatos junior sabor frango, embalagem de 300g",,1.64,5.47,0,kg,€/Kg,,,https://driveimg1.intermarche.com/pt/Content/images/boitmal/produit/zoom/FB571998569A864A09E19B784A9CC7C5.jpg,,,,2026-02-11T23:59:59Z,PROSPECTUS,15,4,,
52600,5601217137951,1710.0,Quanto,"Amaciador roupa concentrado ouro e orquídea branca, 95 doses",,3.99,2.33,1710,L,€/L,,,https://driveimg1.intermarche.com/pt/Content/images/boitmal/produit/zoom/D5BBE20226E42754DBBAD723FC764C65.jpg,,,,2026-02-11T23:59:59Z,PROSPECTUS,15,4,,
52787,5900020044129,80.0,Nestlé,"Barras de Trigo, Aveia e Quinoa de Mel Fibra sem Açúcar, emb. 80 gr (4 un)",,1.79,22.38,0,kg,€/Kg,,,https://driveimg1.intermarche.com/pt/Content/images/boitmal/produit/zoom/187D25227C186EA7E6F2778C2AF07CC6.jpg,,,,2026-02-11T23:59:59Z,PROSPECTUS,15,4,,
52904,8445290926029,84.0,Nestlé,"Tablete de Chocolate Branco e recheio de Bolacha Filipinos, emb. 84 gr",,1.99,23.69,0,kg,€/Kg,,,https://driveimg1.intermarche.com/pt/Content/images/boitmal/produit/zoom/289C907A40BF00E8E421FBF919CB9F70.jpg,,,,2026-02-11T23:59:59Z,PROSPECTUS,15,4,,
53062,5603802400815,750.0,Fiuza,"Vinho Branco Regional do Tejo Reserva 3 Castas, garrafa 750 cl",,3.99,5.32,750,L,€/L,,,https://driveimg1.intermarche.com/pt/Content/images/boitmal/produit/zoom/EAEF6B30DFFE469CF1A05E9D2DC72E61.jpg,https://driveimg1.intermarche.com/pt/Content/images/boitmal/produit/zoom/DCF1D1EF30DBE5F14AFB97467AD35EAB.jpg,https://driveimg1.intermarche.com/pt/Content/images/boitmal/produit/zoom/DCF1D1EF30DBE5F14AFB97467AD35EAB.jpg,,2026-02-18T23:59:59Z,PROSPECTUS,15,4,,
53219,8445290771858,83.0,Nestlé,"Tablete de Chocolate de Leite com Doce de Leite Extrafino, emb. 83 gr",,1.99,23.98,0,kg,€/Kg,,,https://driveimg1.intermarche.com/pt/Content/images/boitmal/produit/zoom/91987E806E18D9C7ED8D6778B030F715.jpg,,,,2026-02-11T23:59:59Z,PROSPECTUS,15,4,,
53305,5000204339345,,Pato,"Bloco Sanitário Discos Activos Frescura Marinho, 6 doses",,2.34,2.34,0,,€/Unidade,,,https://driveimg1.intermarche.com/pt/Content/images/boitmal/produit/zoom/CC8AF1FABDBA967EE0FAB37EFA71A93C.jpg,https://driveimg1.intermarche.com/pt/Content/images/boitmal/produit/zoom/05F10CE67B2262072511ADCA3ABD855C.jpg,https://driveimg1.intermarche.com/pt/Content/images/boitmal/produit/zoom/05F10CE67B2262072511ADCA3ABD855C.jpg,https://driveimg1.intermarche.com/pt/Content/images/boitmal/produit/zoom/05F10CE67B2262072511ADCA3ABD855C.jpg,2026-02-11T23:59:59Z,PROSPECTUS,15,4,,
53470,5601028031288,,Renova,"Papel Higiénico Húmido, 60 unidades",,1.56,1.56,60,,€/Unidade,,,https://driveimg1.intermarche.com/pt/Content/images/boitmal/produit/zoom/9829A7AAA374301D47766A923A3E4F3B.jpg,,,,2026-02-11T23:59:59Z,PROSPECTUS,15,4,,
5370,5601237000952,750.0,Dom Martinho,"Vinho tinto alentejo, garrafa de 0.75 l",,3.89,5.19,750,L,€/L,,,https://driveimg1.intermarche.com/pt/Content/images/boitmal/produit/zoom/C1138B7A62A84D5BA5F00BBF5BD65B23.jpg,,,,2026-02-18T23:59:59Z,PROSPECTUS,15,4,,
5371,5601237001102,750.0,Catarina,"Vinho branco península de setúbal, garrafa de 0,75 l",,5.69,7.59,750,L,€/L,,,https://driveimg1.intermarche.com/pt/Content/images/boitmal/produit/zoom/19D4BC955B202F07F9D85CD38607782B.jpg,,,,2026-02-18T23:59:59Z,PROSPECTUS,15,4,,
53759,8435495833864,4050.0,Gama,Detergente Máquina Roupa Líquido Floral,Embalagem de 90 Doses,9.99,2.47,4050,L,€/L,,,https://driveimg1.intermarche.com/pt/Content/images/boitmal/produit/zoom/E1E291536BF780CF5BF8B661E6DDC660.jpg,https://driveimg1.intermarche.com/pt/Content/images/boitmal/produit/zoom/B1444808EE37FB337A50B68241AE2CB7.jpg,https://driveimg1.intermarche.com/pt/Content/images/boitmal/produit/zoom/B1444808EE37FB337A50B68241AE2CB7.jpg,,2026-02-11T23:59:59Z,PROSPECTUS,15,4,,
53794,0000059095811,50.0,Vaseline,"Desodorizante Roll-On Derma Care, 50ml",,2.39,47.8,50,L,€/L,,,https://driveimg1.intermarche.com/pt/Content/images/boitmal/produit/zoom/2DAF6A6BA70FFE4CAEE04FF435A18CD5.jpg,https://driveimg1.intermarche.com/pt/Content/images/boitmal/produit/zoom/4F9BF1FA2D7EB62FF3A08D81966726F5.jpg,https://driveimg1.intermarche.com/pt/Content/images/boitmal/produit/zoom/4F9BF1FA2D7EB62FF3A08D81966726F5.jpg,,2026-02-11T23:59:59Z,PROSPECTUS,15,4,,
53814,4006000005850,,Labello,"Baton do cieiro black berry shine, 5 g",,2.99,2.99,1,,€/Unidade,,,https://driveimg1.intermarche.com/pt/Content/images/boitmal/produit/zoom/6E3671196F435863C37B9DB51C03DEB0.jpg,,,,2026-02-11T23:59:59Z,PROSPECTUS,15,4,,
53821,8410436468053,2000.0,Persil,Detergente Máquina Roupa Pó Universal,Embalagem de 40 Doses,7.99,4.0,0,kg,€/Kg,,,https://driveimg1.intermarche.com/pt/Content/images/boitmal/produit/zoom/5A414F390428636F768975DF69F75522.jpg,https://driveimg1.intermarche.com/pt/Content/images/boitmal/produit/zoom/C85E6C7D2B4C1211A8A8707C29269486.jpg,,,2026-02-11T23:59:59Z,PROSPECTUS,15,4,,
53894,5604260330119,200.0,PorSi,Alheira Extra de Trás - Os - Montes 200g,,1.29,6.45,0,kg,€/Kg,,,https://driveimg1.intermarche.com/pt/Content/images/boitmal/produit/zoom/E9BBDFD16A9F3A3C592D3751C158587D.jpg,,,,2026-02-18T23:59:59Z,PROSPECTUS,15,4,,
54237,8720182870940,750.0,Cif,"Spray cozinha power & shine, 750ml",,2.99,3.99,750,L,€/L,,,https://driveimg1.intermarche.com/pt/Content/images/boitmal/produit/zoom/7C5092B5C783F181B704CE4066ABA0E8.jpg,,,,2026-02-11T23:59:59Z,PROSPECTUS,15,4,,
54240,8720182870933,750.0,Cif,"Spray wc power & shine, 750ml",,2.99,3.99,750,L,€/L,,,https://driveimg1.intermarche.com/pt/Content/images/boitmal/produit/zoom/AF06DD56DD26D88A17AF72D8DF21ED04.jpg,,,,2026-02-11T23:59:59Z,PROSPECTUS,15,4,,
54362,8410104914127,,Finish,"Detergente loiça máquina ultimate limão, 32 pastilhas",,9.49,9.49,32,,€/Unidade,,,https://driveimg1.intermarche.com/pt/Content/images/boitmal/produit/zoom/1D3A215F5E688CA6FF7E7D1EDBD7C601.jpg,,,,2026-02-11T23:59:59Z,PROSPECTUS,15,4,,
54448,8710522323007,400.0,Tresemmé,"Champô liso keratina smooth, 400ml",,3.79,9.48,400,L,€/L,,,https://driveimg1.intermarche.com/pt/Content/images/boitmal/produit/zoom/A0CFCB6F402225ED49AAA65602D62346.jpg,,,,2026-02-11T23:59:59Z,PROSPECTUS,15,4,,
54463,3574669908665,750.0,Johnson's Baby,"Gel De Banho Suave Bons Sonhos, 750ml",,6.19,8.25,750,L,€/L,,,https://driveimg1.intermarche.com/pt/Content/images/boitmal/produit/zoom/EC1057A655C95AA68E47146291760C76.jpg,,,,2026-02-11T23:59:59Z,PROSPECTUS,15,4,,
54539,8700216236669,,Fairy,"Detergente Máquina Loiça Pastilhas Platinum Plus Tudo em 1 Limão, 19D",,5.99,5.99,0,,€/Unidade,,,https://driveimg1.intermarche.com/pt/Content/images/boitmal/produit/zoom/8EF65916B83E06C892876A46E53055E1.jpg,,,,2026-02-11T23:59:59Z,PROSPECTUS,15,4,,
54546,8718951472068,2000.0,Ajax,"Lava Tudo Limão, 2L",,2.99,1.5,2000,L,€/L,,,https://driveimg1.intermarche.com/pt/Content/images/boitmal/produit/zoom/057495294BF2D9C8449906AE53DA1998.jpg,,,,2026-02-11T23:59:59Z,PROSPECTUS,15,4,,
54600,5054563206152,50.0,Aquafresh,"Pasta de Dentes Criança 0 a 2 Anos, 50ml",,2.24,44.8,50,L,€/L,,,https://driveimg1.intermarche.com/pt/Content/images/boitmal/produit/zoom/579DA376E2A1F2FC5E50DCDA094144D9.jpg,,,,2026-02-11T23:59:59Z,PROSPECTUS,15,4,,
54646,8720181542121,,Skip,"Detergente Máquina Roupa Líquido Active Clean, 100D",,15.99,15.99,0,,€/Unidade,,,https://driveimg1.intermarche.com/pt/Content/images/boitmal/produit/zoom/D3E9B1DE5F09D8B3FD221502F3C133F1.jpg,,,,2026-02-11T23:59:59Z,PROSPECTUS,15,4,,
54723,5060896625669,500.0,Monster,"Bebida energética hamilton zero, lata 50 cl",,1.39,2.78,500,L,€/L,,,https://driveimg1.intermarche.com/pt/Content/images/boitmal/produit/zoom/1CA2BB0D8D17B46B021B37F80A4728E4.jpg,,,,2026-02-11T23:59:59Z,PROSPECTUS,15,4,,
54984,5063270101575,14.0,Lipton,"Infusão Camomila Pyramid Saquetas, 20un.",,1.59,113.57,0,kg,€/Kg,,,https://driveimg1.intermarche.com/pt/Content/images/boitmal/produit/zoom/DEBCA4E077AE2456EFBDA10F8C62C4AD.jpg,,,,2026-02-11T23:59:59Z,PROSPECTUS,15,4,,
54986,8711327609716,330.0,Magnum,"6 gelados mini chocolate branco e amêndoa, 330 ml",,3.99,12.09,330,L,€/L,,Tipo de stockagem,https://driveimg1.intermarche.com/pt/Content/images/boitmal/produit/zoom/AE00CAEAE1C3665E1D86858ECC0FD0D3.jpg,,,,2026-02-11T23:59:59Z,PROSPECTUS,15,4,,
55022,8711327624917,280.0,Magnum,"Gelado After Dinner, 8 x 35ml",,4.19,14.96,280,L,€/L,,Tipo de stockagem,https://driveimg1.intermarche.com/pt/Content/images/boitmal/produit/zoom/01E85D0D7CFD27050DD90D8BA136172A.jpg,,,,2026-02-11T23:59:59Z,PROSPECTUS,15,4,,
55029,8711327639942,204.0,Magnum,"Gelado Bombom Double Gold Caramelo Billionaire, 12 x 17ml",,3.59,17.6,204,L,€/L,,Tipo de stockagem,https://driveimg1.intermarche.com/pt/Content/images/boitmal/produit/zoom/EDB82BC88AFCBD43955BC7A7D7026E84.jpg,,,,2026-02-11T23:59:59Z,PROSPECTUS,15,4,,
55035,5000116127092,1075.0,Iglo,"Douradinhos de Frango, 1075g",,10.99,10.22,0,kg,€/Kg,,Tipo de stockagem,https://driveimg1.intermarche.com/pt/Content/images/boitmal/produit/zoom/FAB61321DC690D849D3EB2146912C9EF.jpg,,,,2026-02-11T23:59:59Z,PROSPECTUS,15,4,,
55269,8720182948793,500.0,Cif,"Multiusos Spray 3 em 1 Lavanda e Samambaia Azul, 500ml",,2.19,4.38,500,L,€/L,,,https://driveimg1.intermarche.com/pt/Content/images/boitmal/produit/zoom/43329273126D7F7EFAE380CB123C3668.jpg,,,,2026-02-11T23:59:59Z,PROSPECTUS,15,4,,
55288,7613034578266,20.0,Nestlé,"Tablete de Chocolate de Leite Extrafino, emb. 20 gr",,0.94,47.0,0,kg,€/Kg,,,https://driveimg1.intermarche.com/pt/Content/images/boitmal/produit/zoom/4A24BB91F260332AF1BD24FB0AB32D28.jpg,,,,2026-02-11T23:59:59Z,PROSPECTUS,15,4,,
55328,8720182836106,750.0,Cif,"Creme de Limpeza Spray, 750ml",,2.99,3.99,750,L,€/L,,,https://driveimg1.intermarche.com/pt/Content/images/boitmal/produit/zoom/D3E89D1C02764A2E04E66268152BA945.jpg,,,,2026-02-11T23:59:59Z,PROSPECTUS,15,4,,
55354,8410063095202,1200.0,Pescanova,"Barrinhas de Pescada sem Glúten, emb. 1,2 kg (36 a 40 un)",,7.99,6.66,0,kg,€/Kg,,Tipo de stockagem,https://driveimg1.intermarche.com/pt/Content/images/boitmal/produit/zoom/D2F57A76EACAFAE8D2E905FFD81B787B.jpg,,,,2026-02-11T23:59:59Z,PROSPECTUS,15,4,,
55525,8436048965636,118.0,Artiach,"Bolachas Filipinos Speculoos, 118g",,1.49,12.63,0,kg,€/Kg,,,https://driveimg1.intermarche.com/pt/Content/images/boitmal/produit/zoom/AC935F5402AB3EC386BA49BB2CFB26C9.jpg,,,,2026-02-11T23:59:59Z,PROSPECTUS,15,4,,
5559,5601996101136,1500.0,Reserva dos Amigos,Vinho tinto reg. lisboa res.amigos 1.5l,Garrafa 1.5L,5.99,3.99,1500,L,€/L,,,https://driveimg1.intermarche.com/pt/Content/images/boitmal/produit/zoom/3FA6F504235C7CEF56689BBAEB7D2AA2.jpg,,,,2026-02-18T23:59:59Z,PROSPECTUS,15,4,,
55716,8436048965513,120.0,Artiach,"Bolachas Filipinos de Leite, 120g",,1.49,12.42,0,kg,€/Kg,,,https://driveimg1.intermarche.com/pt/Content/images/boitmal/produit/zoom/DF088B6B0F678D7C88ED192F9118C7FD.jpg,,,,2026-02-11T23:59:59Z,PROSPECTUS,15,4,,
55860,5601066200936,400.0,Nacional,"Farinha de Mandioca, emb. 400 gr",,1.84,4.6,0,kg,€/Kg,,,https://driveimg1.intermarche.com/pt/Content/images/boitmal/produit/zoom/F1F46EC3F778503F274D0EB0F32E9C38.jpg,,,,2026-02-11T23:59:59Z,PROSPECTUS,15,4,,
55912,8711327663695,255.0,Magnum,"Gelado Utopia Double Cereja, emb. 255 ml (3 un)",,3.99,15.65,255,L,€/L,,Tipo de stockagem,https://driveimg1.intermarche.com/pt/Content/images/boitmal/produit/zoom/AE3706FF4753A2EF96763DEEDC74F2F5.jpg,,,,2026-02-11T23:59:59Z,PROSPECTUS,15,4,,
56259,5604260334353,500.0,PorSi,Molho Francesinha 500g,,1.89,3.78,0,kg,€/Kg,,,https://driveimg1.intermarche.com/pt/Content/images/boitmal/produit/zoom/9B9C55B36B23408571F81B605D0C1F65.jpg,,,,2026-02-11T23:59:59Z,PROSPECTUS,15,4,,
5632,5602445000536,750.0,Encosta das Perdizes,Vinho regional alentejano tinto,Garrafa de 750 ml,2.69,3.59,750,L,€/L,,,https://driveimg1.intermarche.com/pt/Content/images/boitmal/produit/zoom/ADC7AAF1E42FC34FB14363D21F98FEE3.jpg,,,,2026-02-18T23:59:59Z,PROSPECTUS,15,4,,
56323,5604260338757,190.0,Porsi Vivabem,Queijo Vaca Curado sem Lactose 190g,,2.99,15.74,0,kg,€/Kg,,,https://driveimg1.intermarche.com/pt/Content/images/boitmal/produit/zoom/3F1126427A5DE818807307846909C176.jpg,,,,2026-02-18T23:59:59Z,PROSPECTUS,15,4,,
