identifier,produitEan13,capacite,marque,libelle,conditionnement,prix,unitPrice,volume,typeProduit_uniteByCode,unit_value,avantages_dateFin,avantages_categorie,images_0,images_1,images_2,images_3,pictogrammes_libelleCategorie,nro_paginas,page,pictogrammes_0,images_4,images_5
372,8711200532391,260.0,Calvé,Molho Big Burguer,Embalagem de 260g,1.94,7.46,0,kg,€/Kg,2024-07-10T23:59:59.999999999+01:00,PROSPECTUS,https://driveimg1.intermarche.com/pt/Content/images/boitmal/produit/zoom/A750CF91D157F1A24339167BD14309C2.jpg,https://driveimg1.intermarche.com/pt/Content/images/boitmal/produit/zoom/122719564EBC4BB4D52F039A6C0EDAF1.jpg,,,,13,1,,,
388,8712566156115,70.0,Knorr,"Sopa de rabo de boi, 70g",,1.59,22.71,0,kg,€/Kg,2024-07-10T23:59:59.999999999+01:00,PROSPECTUS,https://driveimg1.intermarche.com/pt/Content/images/boitmal/produit/zoom/3119D8C67F6BF71B6E1A9D2753C65A49.jpg,,,,,13,1,,,
391,8712566173648,70.0,Knorr,"Sopa de cozido, 70g",,1.59,22.71,0,kg,€/Kg,2024-07-10T23:59:59.999999999+01:00,PROSPECTUS,https://driveimg1.intermarche.com/pt/Content/images/boitmal/produit/zoom/C0EE5A12F75937ABFCDAF9A5E610D848.jpg,,,,,13,1,,,
392,8712566173860,70.0,Knorr,Canja c/ aletria,Embalagem de 70g,1.59,22.71,0,kg,€/Kg,2024-07-10T23:59:59.999999999+01:00,PROSPECTUS,https://driveimg1.intermarche.com/pt/Content/images/boitmal/produit/zoom/97E00E32BCAF3594A1D59DEF0C0A64C0.jpg,,,,,13,1,,,
393,8712566173945,70.0,Knorr,Creme marisco,Embalagem de 70g,1.59,22.71,0,kg,€/Kg,2024-07-10T23:59:59.999999999+01:00,PROSPECTUS,https://driveimg1.intermarche.com/pt/Content/images/boitmal/produit/zoom/5AC7DB72DD40FCC73A38BA936E17E369.jpg,,,,,13,1,,,
405,8712566410910,280.0,Calvé,Ketchup,Embalagem de 280g,1.84,6.57,0,kg,€/Kg,2024-07-10T23:59:59.999999999+01:00,PROSPECTUS,https://driveimg1.intermarche.com/pt/Content/images/boitmal/produit/zoom/D7E099A6ABAECF4C5D06260734A2C975.jpg,https://driveimg1.intermarche.com/pt/Content/images/boitmal/produit/zoom/0D7B165FF00CA45BD8F6AC077E3CA1EC.jpg,https://driveimg1.intermarche.com/pt/Content/images/boitmal/produit/zoom/0D7B165FF00CA45BD8F6AC077E3CA1EC.jpg,,,13,1,,,
415,8718114840291,90.0,Knorr,Sopa de tomate,Embalagem de 90g,1.59,17.67,0,kg,€/Kg,2024-07-10T23:59:59.999999999+01:00,PROSPECTUS,https://driveimg1.intermarche.com/pt/Content/images/boitmal/produit/zoom/242C36A57E5B35CE57DC33C8EF848B24.jpg,,,,,13,1,,,
432,8722700084952,63.0,Knorr,Sopa de legumes,Embalagem de 60g,1.59,25.24,0,kg,€/Kg,2024-07-10T23:59:59.999999999+01:00,PROSPECTUS,https://driveimg1.intermarche.com/pt/Content/images/boitmal/produit/zoom/CDD0F7AF267061F5F2B16720B17C4635.jpg,,,,,13,1,,,
452,8888056603862,90.0,Koka,Massa instantânea com sabor a galinha,Embalagem de 90g,0.74,8.22,0,kg,€/Kg,2024-07-10T23:59:59.999999999+01:00,PROSPECTUS,https://driveimg1.intermarche.com/pt/Content/images/boitmal/produit/zoom/1520284749AC802D1FA250F776975AE2.jpg,,,,,13,1,,,
453,8888056604012,90.0,Koka,Massa instantânea com cogumelos,Embalagem de 90g,0.74,8.22,0,kg,€/Kg,2024-07-10T23:59:59.999999999+01:00,PROSPECTUS,https://driveimg1.intermarche.com/pt/Content/images/boitmal/produit/zoom/8D5964AEF18BCFA4BE70EA00D86C07A1.jpg,,,,,13,1,,,
454,8888056604067,90.0,Koka,Massa instantânea com sabor a camarão,Embalagem de 90g,0.74,8.22,0,kg,€/Kg,2024-07-10T23:59:59.999999999+01:00,PROSPECTUS,https://driveimg1.intermarche.com/pt/Content/images/boitmal/produit/zoom/D2FB050AC0A3AFD73E7D3F6CF3CD2DF9.jpg,,,,,13,1,,,
456,8888056708512,90.0,Koka,Massa instantânea com sabor a legumes,Embalagem de 90g,0.74,8.22,0,kg,€/Kg,2024-07-10T23:59:59.999999999+01:00,PROSPECTUS,https://driveimg1.intermarche.com/pt/Content/images/boitmal/produit/zoom/C40663A176E4BB1FC1EB976B3DE21ED9.jpg,,,,,13,1,,,
457,8888056708604,90.0,Koka,Massa instantânea com sabor a tomat,Embalagem de 90g,0.74,8.22,0,kg,€/Kg,2024-07-10T23:59:59.999999999+01:00,PROSPECTUS,https://driveimg1.intermarche.com/pt/Content/images/boitmal/produit/zoom/4373842D4547A0691F453E9F59ABDBE7.jpg,,,,,13,1,,,
483,3033710046645,400.0,Nestlé,Fruta para bebé maçã manga +6 meses,Embalagem de 4 x 100 g,2.44,6.1,0,kg,€/Kg,2024-07-10T23:59:59.999999999+01:00,PROSPECTUS,https://driveimg1.intermarche.com/pt/Content/images/boitmal/produit/zoom/8AD438F18F11DF979185478037DDFD24.jpg,,,,,13,1,,,
848,5000189974579,200.0,Kit Kat,Chocolate mini,Embalagem de 200g,2.89,14.45,0,kg,€/Kg,2024-07-10T23:59:59.999999999+01:00,PROSPECTUS,https://driveimg1.intermarche.com/pt/Content/images/boitmal/produit/zoom/33F684DC544CDCED4E93A337A33052D5.jpg,,,,,13,1,,,
854,5010394133852,500.0,Pedigree,Guloseima para cão biscrok,Embalagem de 500 g,3.49,6.98,0,kg,€/Kg,2024-07-10T23:59:59.999999999+01:00,PROSPECTUS,https://driveimg1.intermarche.com/pt/Content/images/boitmal/produit/zoom/C3696C3844F67065BEA83C1D5D8C7EB1.jpg,,,,,13,1,,,
856,5010394984577,110.0,Pedigree,Snack dentastix pequeno,Embalagem de 110 g,1.94,17.64,0,kg,€/Kg,2024-07-10T23:59:59.999999999+01:00,PROSPECTUS,https://driveimg1.intermarche.com/pt/Content/images/boitmal/produit/zoom/291BF015469CBCFA0EDD198A4145D1C7.jpg,,,,,13,1,,,
857,5010394984584,180.0,Pedigree,Snacks Cão Dentastix Pedigree,Embalagem de 180 g,2.55,14.17,0,kg,€/Kg,2024-07-10T23:59:59.999999999+01:00,PROSPECTUS,https://driveimg1.intermarche.com/pt/Content/images/boitmal/produit/zoom/77139CE32A7F5B8153D3D20C1CE397FE.jpg,,,,,13,1,,,
858,5010394984669,200.0,Whiskas,Leite para gatos,Garrafa de 200 ml,1.94,9.7,200,L,€/L,2024-07-10T23:59:59.999999999+01:00,PROSPECTUS,https://driveimg1.intermarche.com/pt/Content/images/boitmal/produit/zoom/75BBA2783EC432AF7D44E46BF1F3211F.jpg,,,,,13,1,,,
862,5010394997461,70.0,Pedigree,Guloseima para cão rodeo,Embalagem de 70g,1.64,23.43,0,kg,€/Kg,2024-07-10T23:59:59.999999999+01:00,PROSPECTUS,https://driveimg1.intermarche.com/pt/Content/images/boitmal/produit/zoom/6009D231E426C6E17B47FD860C0D3864.jpg,,,,,13,1,,,
865,5014328028740,16.0,Tetley,Infusão de frutos vermelhos,Embalagem de 20g,1.19,74.38,0,kg,€/Kg,2024-07-10T23:59:59.999999999+01:00,PROSPECTUS,https://driveimg1.intermarche.com/pt/Content/images/boitmal/produit/zoom/781EBB6A7EF96D7BE9937F977C0554CF.jpg,,,,,13,1,,,
871,5014328080892,30.0,Tetley,Infusão de cidreira,"Embalagem de 20 unidades, 30 g",1.48,49.33,0,kg,€/Kg,2024-07-10T23:59:59.999999999+01:00,PROSPECTUS,https://driveimg1.intermarche.com/pt/Content/images/boitmal/produit/zoom/6A10216F1C303558132F04FBD5C4B7ED.jpg,,,,,13,1,,,
931,5601001228100,300.0,Nestum,Nestum flocos de cereais com mel,Embalagem de 300g,2.24,7.47,0,kg,€/Kg,2024-07-10T23:59:59.999999999+01:00,PROSPECTUS,https://driveimg1.intermarche.com/pt/Content/images/boitmal/produit/zoom/3533A13BC534891673C8C96375839B78.jpg,,,,,13,1,,,
939,5601001315107,200.0,Nestlé,Mistura solúvel tofina despertar,Embalagem de 200g,2.84,14.2,0,kg,€/Kg,2024-08-02T23:59:59.999999999+01:00,PROSPECTUS,https://driveimg1.intermarche.com/pt/Content/images/boitmal/produit/zoom/5CE6D55625AEDC805A15D1C134965D0D.jpg,,,,1000 Artigos,13,1,,,
944,5601001339301,200.0,Nestlé,Mistura solúvel mokambo,Embalagem de 200g,3.99,19.95,0,kg,€/Kg,2024-08-02T23:59:59.999999999+01:00,PROSPECTUS,https://driveimg1.intermarche.com/pt/Content/images/boitmal/produit/zoom/A8F3A8EB08BBF4181F15A95334F151A2.jpg,,,,1000 Artigos,13,1,,,
950,5601008100058,125.0,Vieira de Castro,Bolachas de água e sal,Embalagem de 125 g,0.74,5.92,0,kg,€/Kg,2024-07-10T23:59:59.999999999+01:00,PROSPECTUS,https://driveimg1.intermarche.com/pt/Content/images/boitmal/produit/zoom/5BC4A3164BD6082587D987B4AF0BA107.jpg,,,,,13,1,,,
958,5601019012401,500.0,Guloso,Polpa de Tomate,Embalagem de 500g,1.09,2.18,0,kg,€/Kg,2024-07-10T23:59:59.999999999+01:00,PROSPECTUS,https://driveimg1.intermarche.com/pt/Content/images/boitmal/produit/zoom/20EBC153FCFDA3F6B93B2650D6C60B2B.jpg,,,,,13,1,,,
959,5601019012418,1000.0,Guloso,Polpa de Tomate,Embalagem de 1 kg,1.79,1.79,0,kg,€/Kg,2024-07-10T23:59:59.999999999+01:00,PROSPECTUS,https://driveimg1.intermarche.com/pt/Content/images/boitmal/produit/zoom/3B354CF768C18B28FB1B1316955F339F.jpg,,,,,13,1,,,
962,5601019012517,210.0,Guloso,Passata de Manjericão e Oregãos,Embalagem de 210g,0.74,3.52,0,kg,€/Kg,2024-07-10T23:59:59.999999999+01:00,PROSPECTUS,https://driveimg1.intermarche.com/pt/Content/images/boitmal/produit/zoom/EE291078DA7B0DBA3843A375150D086A.jpg,,,,,13,1,,,
973,5601024105020,1000.0,Fula,Óleo alimentar,Embalagem 1L,2.02,2.02,1000,L,€/L,2024-08-02T23:59:59.999999999+01:00,PROSPECTUS,https://driveimg1.intermarche.com/pt/Content/images/boitmal/produit/zoom/82D3E88293E42CC5B178C569AA9B57E6.jpg,,,,1000 Artigos,13,1,,,
974,5601024105051,3000.0,Fula,Óleo alimentar,Embalagem 3L,5.85,1.95,3000,L,€/L,2024-08-02T23:59:59.999999999+01:00,PROSPECTUS,https://driveimg1.intermarche.com/pt/Content/images/boitmal/produit/zoom/E8988831656F5EAF04A94786E82867B7.jpg,,,,1000 Artigos,13,1,,,
978,5601024134136,750.0,Oliveira da Serra,Azeite,Embalagem de 750 ml,5.99,7.99,750,L,€/L,2024-08-02T23:59:59.999999999+01:00,PROSPECTUS,https://driveimg1.intermarche.com/pt/Content/images/boitmal/produit/zoom/4618FCD27F27BDBAA8CF1CDC30F2EFF5.jpg,,,,1000 Artigos,13,1,,,
979,5601024134471,750.0,Oliveira da Serra,Azeite Virgem,Embalagem de 750 ml,6.99,9.32,750,L,€/L,2024-07-10T23:59:59.999999999+01:00,PROSPECTUS,https://driveimg1.intermarche.com/pt/Content/images/boitmal/produit/zoom/32A5EFAE1A78DF80856528FEA48BA60C.jpg,,,,1000 Artigos,13,1,,,
980,5601024134488,750.0,Oliveira da Serra,Azeite virgem extra clássico,Embalagem de 750 ml,8.79,11.72,750,L,€/L,2024-08-02T23:59:59.999999999+01:00,PROSPECTUS,https://driveimg1.intermarche.com/pt/Content/images/boitmal/produit/zoom/01EF39EFE8396CC9ACA95DC25E9D3412.jpg,,,,1000 Artigos,13,1,,,
988,5601029003000,120.0,Tenorio,Atum Filete em Azeite,Embalagem de 120 g,2.59,21.58,0,kg,€/Kg,2024-07-10T23:59:59.999999999+01:00,PROSPECTUS,https://driveimg1.intermarche.com/pt/Content/images/boitmal/produit/zoom/9C92AFA72D34F3E4347AC3C5697A1114.jpg,,,,,13,1,,,
994,5601038001400,240.0,Knorr,Caldo de carne 24 cubos,Embalagem de 240g,2.49,10.38,0,kg,€/Kg,2024-08-02T23:59:59.999999999+01:00,PROSPECTUS,https://driveimg1.intermarche.com/pt/Content/images/boitmal/produit/zoom/68A4423296DD6413C068AA54F117A922.jpg,,,,1000 Artigos,13,1,,,
1010,5601038300091,240.0,Knorr,Caldo de galinha 24 cubos,Embalagem de 240g,2.49,10.38,0,kg,€/Kg,2024-08-02T23:59:59.999999999+01:00,PROSPECTUS,https://driveimg1.intermarche.com/pt/Content/images/boitmal/produit/zoom/4EAB67797AD4AB1D62B7E64BA0380D8B.jpg,,,,1000 Artigos,13,1,,,
1011,5601043111019,1000.0,Branca de neve,Farinha para bolos fina,Embalagem de 1 kg,1.49,1.49,0,kg,€/Kg,2024-07-10T23:59:59.999999999+01:00,PROSPECTUS,https://driveimg1.intermarche.com/pt/Content/images/boitmal/produit/zoom/1DCCFF4DF3445A90940BB809AEC25931.jpg,,,,,13,1,,,
1162,5601089080607,20.0,Boca Doce,Pudim baunilha,Embalagem de 20g,0.45,22.5,0,kg,€/Kg,2024-07-10T23:59:59.999999999+01:00,PROSPECTUS,https://driveimg1.intermarche.com/pt/Content/images/boitmal/produit/zoom/BA3284B2E68350973B8135419AE564DE.jpg,,,,,13,1,,,
1163,5601089080614,20.0,Boca Doce,Pudim de caramelo,Embalagem de 20g,0.45,22.5,0,kg,€/Kg,2024-07-10T23:59:59.999999999+01:00,PROSPECTUS,https://driveimg1.intermarche.com/pt/Content/images/boitmal/produit/zoom/FA0AE8DD57417DCB8FC83196C791AFF6.jpg,,,,,13,1,,,
1164,5601089080621,20.0,Boca Doce,Pudim de chocolate,Embalagem de 20g,0.45,22.5,0,kg,€/Kg,2024-07-10T23:59:59.999999999+01:00,PROSPECTUS,https://driveimg1.intermarche.com/pt/Content/images/boitmal/produit/zoom/B89ECCAB610493D298FF226A04F99E93.jpg,,,,,13,1,,,
1165,5601089080638,20.0,Boca Doce,Pudim morango,Embalagem de 20g,0.45,22.5,0,kg,€/Kg,2024-07-10T23:59:59.999999999+01:00,PROSPECTUS,https://driveimg1.intermarche.com/pt/Content/images/boitmal/produit/zoom/288A6DAD6E5E135036AEEDCA36F5A498.jpg,,,,,13,1,,,
1166,5601089080645,20.0,Boca Doce,Pudim de ananás,Embalagem de 20g,0.45,22.5,0,kg,€/Kg,2024-07-10T23:59:59.999999999+01:00,PROSPECTUS,https://driveimg1.intermarche.com/pt/Content/images/boitmal/produit/zoom/C5314CE85044AE695EB3531222FEDC74.jpg,,,,,13,1,,,
1187,5601119007963,120.0,Nobre,6 Salsichas de porco,Lata de 120g,1.19,9.92,0,kg,€/Kg,2024-07-10T23:59:59.999999999+01:00,PROSPECTUS,https://driveimg1.intermarche.com/pt/Content/images/boitmal/produit/zoom/120DC1535B1AFA150D13CE3A5CE70137.jpg,,,,,13,1,,,
1188,5601119007970,200.0,Nobre,Salsichas de porco,Lata de 200g,1.49,7.45,0,kg,€/Kg,2024-07-10T23:59:59.999999999+01:00,PROSPECTUS,https://driveimg1.intermarche.com/pt/Content/images/boitmal/produit/zoom/01CF2549C0E08C23060DD310D0C9B5DD.jpg,,,,,13,1,,,
1189,5601119007987,250.0,Nobre,Salsichas de porco,Lata de 250g,1.79,7.16,0,kg,€/Kg,2024-07-10T23:59:59.999999999+01:00,PROSPECTUS,https://driveimg1.intermarche.com/pt/Content/images/boitmal/produit/zoom/098AB25EB23B66D623E253A97FD15BDF.jpg,,,,,13,1,,,
1191,5601119009660,180.0,Nobre,Mini salsichas cocktail,lata de 180g,1.79,9.94,0,kg,€/Kg,2024-07-10T23:59:59.999999999+01:00,PROSPECTUS,https://driveimg1.intermarche.com/pt/Content/images/boitmal/produit/zoom/823F6F019E644C8CAAB58DB89986EEFD.jpg,,,,,13,1,,,
1196,5601119942608,200.0,Nobre,Salsichas de aves,Lata de 200 g,1.49,7.45,0,kg,€/Kg,2024-07-10T23:59:59.999999999+01:00,PROSPECTUS,https://driveimg1.intermarche.com/pt/Content/images/boitmal/produit/zoom/E7AAE34DF3D6C2B149A624A478B3E3DF.jpg,,,,,13,1,,,
1224,5601146000104,1000.0,Sagres,Cerveja com álcool,Garrafa de 1 l,1.74,1.74,1000,L,€/L,2024-07-10T23:59:59.999999999+01:00,PROSPECTUS,https://driveimg1.intermarche.com/pt/Content/images/boitmal/produit/zoom/61199517C4A36CE8AA54F4F59C81BAB3.jpg,,,,,13,1,,,
1225,5601146000319,500.0,Sagres,Cerveja com álcool,Lata de 500ml,0.79,1.58,500,L,€/L,2024-07-10T23:59:59.999999999+01:00,PROSPECTUS,https://driveimg1.intermarche.com/pt/Content/images/boitmal/produit/zoom/5AA9837C7EA7B15D1FA47AC69F3D8222.jpg,,,,,13,1,,,
1269,5601151021750,850.0,Compal,Feijão preto 4/4,Lata de 850g,1.74,2.05,850,L,€/L,2024-07-10T23:59:59.999999999+01:00,PROSPECTUS,https://driveimg1.intermarche.com/pt/Content/images/boitmal/produit/zoom/21DABA3EFA33FCE5CAC8AAB060A46375.jpg,,,,,13,1,,,
1278,5601151123249,1000.0,Bongo,Néctar de laranja,Garrafa de 1 l,1.19,1.19,1000,L,€/L,2024-07-10T23:59:59.999999999+01:00,PROSPECTUS,https://driveimg1.intermarche.com/pt/Content/images/boitmal/produit/zoom/ECF3B33743BE09484EEE984BEF29004D.jpg,,,,,13,1,,,
1279,5601151123362,1000.0,Bongo,Néctar de 8 frutos,Garrafa de 1 l,1.19,1.19,1000,L,€/L,2024-07-10T23:59:59.999999999+01:00,PROSPECTUS,https://driveimg1.intermarche.com/pt/Content/images/boitmal/produit/zoom/A385521CD93D23B64326FFF286275FD6.jpg,,,,,13,1,,,
1288,5601151300756,850.0,Compal,Feijão branco,Lata de 850g,1.74,2.05,0,kg,€/Kg,2024-07-10T23:59:59.999999999+01:00,PROSPECTUS,https://driveimg1.intermarche.com/pt/Content/images/boitmal/produit/zoom/367FF58B393A37854E3F243B57409D70.jpg,,,,,13,1,,,
1294,5601151450758,850.0,Compal,Feijão manteiga,Lata de 850g,1.74,2.05,0,kg,€/Kg,2024-07-10T23:59:59.999999999+01:00,PROSPECTUS,https://driveimg1.intermarche.com/pt/Content/images/boitmal/produit/zoom/6FA62F2ED9DBA77E1AF2A2492B6A9743.jpg,,,,,13,1,,,
1302,5601151700754,850.0,Compal,Grão de bico,Lata de 850g,1.74,2.05,0,kg,€/Kg,2024-07-10T23:59:59.999999999+01:00,PROSPECTUS,https://driveimg1.intermarche.com/pt/Content/images/boitmal/produit/zoom/7BEB4F1F2A34C3C3B01503DD510ABAFA.jpg,,,,,13,1,,,
1308,5601151979099,1250.0,Sumol,Refrigerante com gás de laranja,"Garrafa de 1,25 l",1.09,0.87,1250,L,€/L,2024-08-02T23:59:59.999999999+01:00,PROSPECTUS,https://driveimg1.intermarche.com/pt/Content/images/boitmal/produit/zoom/ECE6BD1006EEE4AC73A1110926F981DC.jpg,,,,1000 Artigos,13,1,,,
1309,5601151979105,1250.0,Sumol,"Refrigerante com gás, ananás","Garrafa de 1,25 l",1.09,0.87,1250,L,€/L,2024-08-02T23:59:59.999999999+01:00,PROSPECTUS,https://driveimg1.intermarche.com/pt/Content/images/boitmal/produit/zoom/BEECBA2128529C8FAEEDAE9896BFB132.jpg,,,,1000 Artigos,13,1,,,
1315,5601151983508,1250.0,Seven-up,Refrigerante com Gás Lima Limão,"Garrafa de 1,25 l",1.19,0.95,1250,L,€/L,2024-08-02T23:59:59.999999999+01:00,PROSPECTUS,https://driveimg1.intermarche.com/pt/Content/images/boitmal/produit/zoom/D7ADD067C52BBE29F907539EA3813D05.jpg,,,,1000 Artigos,13,1,,,
1327,5601164115606,1000.0,Super Bock,Cerveja com álcool,Garrafa de 1 l,1.69,1.69,1000,L,€/L,2024-07-10T23:59:59.999999999+01:00,PROSPECTUS,https://driveimg1.intermarche.com/pt/Content/images/boitmal/produit/zoom/FC11CF1C46007F0CF2F97506679F884C.jpg,,,,,13,1,,,
1331,5601165006255,260.0,Calvé,Molho de alho,Embalagem de 260g,1.94,7.46,0,kg,€/Kg,2024-07-10T23:59:59.999999999+01:00,PROSPECTUS,https://driveimg1.intermarche.com/pt/Content/images/boitmal/produit/zoom/089B1CAB7287353404366CB7226AD30F.jpg,https://driveimg1.intermarche.com/pt/Content/images/boitmal/produit/zoom/5F13F0DF96776682A865C5AC21E8DB42.jpg,https://driveimg1.intermarche.com/pt/Content/images/boitmal/produit/zoom/5F13F0DF96776682A865C5AC21E8DB42.jpg,https://driveimg1.intermarche.com/pt/Content/images/boitmal/produit/zoom/5F13F0DF96776682A865C5AC21E8DB42.jpg,,13,1,,,
1332,5601165006279,250.0,Calvé,Molho de whisky cocktail,Garrafa de 250 ml,1.94,7.76,250,L,€/L,2024-07-10T23:59:59.999999999+01:00,PROSPECTUS,https://driveimg1.intermarche.com/pt/Content/images/boitmal/produit/zoom/5C7EAAE13BB0E5B1A973BA1CE41F5495.jpg,https://driveimg1.intermarche.com/pt/Content/images/boitmal/produit/zoom/6A3EC69CF4C27CD9078CE26776992F21.jpg,https://driveimg1.intermarche.com/pt/Content/images/boitmal/produit/zoom/6A3EC69CF4C27CD9078CE26776992F21.jpg,,,13,1,,,
1337,5601165100786,50.0,Calvé,Piri piri,Garrafa de 50 ml,1.68,33.6,50,L,€/L,2024-07-10T23:59:59.999999999+01:00,PROSPECTUS,https://driveimg1.intermarche.com/pt/Content/images/boitmal/produit/zoom/008C8E9F15AC26570DA04227E6BC4B56.jpg,,,,,13,1,,,
1426,5601255312112,1000.0,Caçarola,Arroz carolino,Embalagem de 1kg,1.45,1.45,0,kg,€/Kg,2024-07-10T23:59:59.999999999+01:00,PROSPECTUS,https://driveimg1.intermarche.com/pt/Content/images/boitmal/produit/zoom/7F690432AAD8958D114DBA6E5A052325.jpg,,,,,13,1,,,
1427,5601255322128,1000.0,Caçarola,Arroz agulha,Embalagem de 1 kg,1.28,1.28,0,kg,€/Kg,2024-08-02T23:59:59.999999999+01:00,PROSPECTUS,https://driveimg1.intermarche.com/pt/Content/images/boitmal/produit/zoom/A52540C62DF57685F2A437535D54EC25.jpg,,,,1000 Artigos,13,1,,,
1428,5601255322210,1000.0,Caçarola,Arroz basmati,Embalagem de 1 kg,2.49,2.49,0,kg,€/Kg,2024-07-10T23:59:59.999999999+01:00,PROSPECTUS,https://driveimg1.intermarche.com/pt/Content/images/boitmal/produit/zoom/597DB0594D385F011EF164902A284637.jpg,,,,,13,1,,,
1429,5601255323125,1000.0,Caçarola,Arroz estufado,Embalagem de 1 kg,1.25,1.25,0,kg,€/Kg,2024-07-10T23:59:59.999999999+01:00,PROSPECTUS,https://driveimg1.intermarche.com/pt/Content/images/boitmal/produit/zoom/ED0B6D9BD767D2AF150FD69C63788B2B.jpg,,,,,13,1,,,
1462,5601286231772,250.0,Milaneza,"Massa, estrelinhas",Embalagem de 250g,0.59,2.36,0,kg,€/Kg,2024-07-10T23:59:59.999999999+01:00,PROSPECTUS,https://driveimg1.intermarche.com/pt/Content/images/boitmal/produit/zoom/E2F1A211F7D24F0BF020FA7DF88C2F67.jpg,,,,,13,1,,,
1463,5601286232779,250.0,Milaneza,Massa pevide,Embalagem de 250g,0.59,2.36,0,kg,€/Kg,2024-07-10T23:59:59.999999999+01:00,PROSPECTUS,https://driveimg1.intermarche.com/pt/Content/images/boitmal/produit/zoom/EBAFF1FEDF33318543096DA417AD4777.jpg,,,,,13,1,,,
1464,5601286233776,250.0,Milaneza,Massa de bagos,Embalagem de 250g,0.59,2.36,0,kg,€/Kg,2024-07-10T23:59:59.999999999+01:00,PROSPECTUS,https://driveimg1.intermarche.com/pt/Content/images/boitmal/produit/zoom/94A5C2AC0EA7E97B0F5832D0BD95AE7F.jpg,,,,,13,1,,,
1465,5601286234773,250.0,Milaneza,Massa de letras,Embalagem de 250g,0.59,2.36,0,kg,€/Kg,2024-07-10T23:59:59.999999999+01:00,PROSPECTUS,https://driveimg1.intermarche.com/pt/Content/images/boitmal/produit/zoom/B041072B3650057DB6CDC9523E22E29B.jpg,,,,,13,1,,,
1466,5601286235770,250.0,Milaneza,Massa cuscus,Embalagem de 250g,0.59,2.36,0,kg,€/Kg,2024-07-10T23:59:59.999999999+01:00,PROSPECTUS,https://driveimg1.intermarche.com/pt/Content/images/boitmal/produit/zoom/C88D2492C00ABAD0495ACF6CE8960CC4.jpg,,,,,13,1,,,
1504,5601383014445,400.0,Izidoro,"Salsichas bockwurst em frasco, 8 unidades",Embalagem de 400g,3.95,9.88,0,kg,€/Kg,2024-07-10T23:59:59.999999999+01:00,PROSPECTUS,https://driveimg1.intermarche.com/pt/Content/images/boitmal/produit/zoom/94D45C8DD779266214B9AD05E3765642.jpg,,,,,13,1,,,
1505,5601383014506,120.0,Izidoro,Salsichas Frankfurt em lata,Embalagem de 120g,0.99,8.25,0,kg,€/Kg,2024-07-10T23:59:59.999999999+01:00,PROSPECTUS,https://driveimg1.intermarche.com/pt/Content/images/boitmal/produit/zoom/8577674F64B16918632AA37BE8A01B7E.jpg,,,,,13,1,,,
1506,5601383014513,200.0,Izidoro,8 salsichas frankfurt,Embalagem de 200g,1.29,6.45,0,kg,€/Kg,2024-07-10T23:59:59.999999999+01:00,PROSPECTUS,https://driveimg1.intermarche.com/pt/Content/images/boitmal/produit/zoom/4F422CE7940A68A49F23AC8BC8304DBE.jpg,,,,,13,1,,,
1507,5601383014537,250.0,Izidoro,Salsichas Frankfurt em lata,Embalagem de 250g,1.69,6.76,0,kg,€/Kg,2024-07-10T23:59:59.999999999+01:00,PROSPECTUS,https://driveimg1.intermarche.com/pt/Content/images/boitmal/produit/zoom/2F007D77C245888A3F3F0F69D08EF71D.jpg,,,,,13,1,,,
1604,5601560111196,350.0,Diatosta,Mini tostas de trigo,Embalagem de 350 g,2.19,6.26,0,kg,€/Kg,2024-07-10T23:59:59.999999999+01:00,PROSPECTUS,https://driveimg1.intermarche.com/pt/Content/images/boitmal/produit/zoom/E51BEDC3B21AC22814E793489153A886.jpg,,,,,13,1,,,
1677,5602711001311,1000.0,Rar,Açúcar granulado embalado em papel,Embalagem de 1 kg,1.59,1.59,0,kg,€/Kg,2024-08-02T23:59:59.999999999+01:00,PROSPECTUS,https://driveimg1.intermarche.com/pt/Content/images/boitmal/produit/zoom/F8294E745C95C50AD875621A802EA691.jpg,,,,1000 Artigos,13,1,,,
1693,5603344681017,40.0,General,Filete de anchovas estendidas,Embalagem de 40g,1.85,46.25,0,kg,€/Kg,2024-07-10T23:59:59.999999999+01:00,PROSPECTUS,https://driveimg1.intermarche.com/pt/Content/images/boitmal/produit/zoom/96A841288ED8A7D04158591EC80D9676.jpg,,,,,13,1,,,
1709,5604055111060,6000.0,Fastio,Água mineral sem gás,Embalagem de 6 lt,1.69,0.28,6000,L,€/L,2024-07-10T23:59:59.999999999+01:00,PROSPECTUS,https://driveimg1.intermarche.com/pt/Content/images/boitmal/produit/zoom/6DC4524795A66E05CC84F206F41E7F8C.jpg,,,,,13,1,,,
1711,5604055118410,6000.0,Fastio,Água mineral sem gás,Pack 4 x 1.5 l,2.19,0.37,6000,L,€/L,2024-07-10T23:59:59.999999999+01:00,PROSPECTUS,https://driveimg1.intermarche.com/pt/Content/images/boitmal/produit/zoom/D02DF978D621E943487B52391D308C37.jpg,,,,,13,1,,,
1964,5604260061549,210.0,PorSi,Bolachas waffers baunilha,Embalagem de 210g,1.17,5.57,0,kg,€/Kg,2024-08-02T23:59:59.999999999+01:00,PROSPECTUS,https://driveimg1.intermarche.com/pt/Content/images/boitmal/produit/zoom/20367F05C9E3E51FF277B9951DA20D70.jpg,,,,1000 Artigos,13,1,,,
1965,5604260061556,210.0,PorSi,Bolachas waffers morango,Embalagem de 210g,1.08,5.14,0,kg,€/Kg,2024-08-02T23:59:59.999999999+01:00,PROSPECTUS,https://driveimg1.intermarche.com/pt/Content/images/boitmal/produit/zoom/6F356F6CE8F384B8CEF6FD248AF1DFF4.jpg,,,,1000 Artigos,13,1,,,
1966,5604260061563,210.0,PorSi,Bolachas waffers chocolate,Embalagem de 210g,1.17,5.57,0,kg,€/Kg,2024-08-02T23:59:59.999999999+01:00,PROSPECTUS,https://driveimg1.intermarche.com/pt/Content/images/boitmal/produit/zoom/E92C257493404A909F14CAEAF9D2A018.jpg,,,,1000 Artigos,13,1,,,
2177,5604260263851,1000.0,Kings Bräu,Cerveja com álcool,Garrafa de 1 l,1.15,1.15,1000,L,€/L,2024-07-10T23:59:59.999999999+01:00,PROSPECTUS,https://driveimg1.intermarche.com/pt/Content/images/boitmal/produit/zoom/13849A0ABE30250310C5EE051C131A8C.jpg,,,,,13,1,,,
2206,5604260265084,800.0,PorSi,Bacalhau em lombos,Embalagem de 800g,14.49,18.11,0,kg,€/Kg,2024-08-02T23:59:59.999999999+01:00,PROSPECTUS,https://driveimg1.intermarche.com/pt/Content/images/boitmal/produit/zoom/3A39DBFB4F8A5BABDA8F378C8D2032E7.jpg,,,,1000 Artigos,13,1,,,
2249,5604260267682,500.0,Kings Bräu,"Cerveja com álcool, lata","Embalagem de 0,50 l",0.6,1.2,500,L,€/L,2024-07-10T23:59:59.999999999+01:00,PROSPECTUS,https://driveimg1.intermarche.com/pt/Content/images/boitmal/produit/zoom/5ED5BD034D52671755539F32AEBDCADC.jpg,,,,1000 Artigos,13,1,,,
2250,5604260267699,330.0,Kings Bräu,Cerveja com álcool,"Embalagem de 0,33 l",0.38,1.15,330,L,€/L,2024-07-10T23:59:59.999999999+01:00,PROSPECTUS,https://driveimg1.intermarche.com/pt/Content/images/boitmal/produit/zoom/0D11D47DD8B6C5E815AEE8940B6348BD.jpg,,,,1000 Artigos,13,1,,,
2403,5608543000072,20.0,Tetley,"Chá de mel, limão e ginseng",Embalagem de 20g,0.95,47.5,0,kg,€/Kg,2024-07-10T23:59:59.999999999+01:00,PROSPECTUS,https://driveimg1.intermarche.com/pt/Content/images/boitmal/produit/zoom/DB68353C4D0E30C880FEA97D075943EF.jpg,,,,,13,1,,,
2405,5608543000096,15.0,Tetley,Chá preto,Embalagem de 20g,0.74,49.33,0,kg,€/Kg,2024-07-10T23:59:59.999999999+01:00,PROSPECTUS,https://driveimg1.intermarche.com/pt/Content/images/boitmal/produit/zoom/B40D664132094CEE9391DB8865EC11A2.jpg,,,,,13,1,,,
2406,5608543000102,30.0,Tetley,Chá preto,Embalagem de 30g,1.29,43.0,0,kg,€/Kg,2024-07-10T23:59:59.999999999+01:00,PROSPECTUS,https://driveimg1.intermarche.com/pt/Content/images/boitmal/produit/zoom/B2CA31FF335EAFD397F63994E5AF9EBC.jpg,,,,,13,1,,,
2407,5608543000133,18.0,Tetley,Chá verde,Embalagem de 20g,0.95,52.78,0,kg,€/Kg,2024-07-10T23:59:59.999999999+01:00,PROSPECTUS,https://driveimg1.intermarche.com/pt/Content/images/boitmal/produit/zoom/8E02DD9BA1324B098CBEC62350029218.jpg,,,,,13,1,,,
2409,5608543000157,10.0,Tetley,Infusão de camomila,Embalagem de 10g,0.89,89.0,0,kg,€/Kg,2024-07-10T23:59:59.999999999+01:00,PROSPECTUS,https://driveimg1.intermarche.com/pt/Content/images/boitmal/produit/zoom/C995769A7E3ACBF1E8869F2AEDA95DF9.jpg,,,,,13,1,,,
2411,5608543000171,10.0,Tetley,Infusão de tília,Embalagem de 10g,0.89,89.0,0,kg,€/Kg,2024-07-10T23:59:59.999999999+01:00,PROSPECTUS,https://driveimg1.intermarche.com/pt/Content/images/boitmal/produit/zoom/9134BB2B5DD011DC82336B723C7688FB.jpg,,,,,13,1,,,
2412,5608543000188,10.0,Tetley,Infusão de lúcia lima,Embalagem de 10g,0.89,89.0,0,kg,€/Kg,2024-07-10T23:59:59.999999999+01:00,PROSPECTUS,https://driveimg1.intermarche.com/pt/Content/images/boitmal/produit/zoom/97861FD053982D10D1A19EBF7D3A0A0F.jpg,,,,,13,1,,,
2413,5608543000201,10.0,Tetley,Infusão de cidreira,Embalagem de 10g,0.89,89.0,0,kg,€/Kg,2024-07-10T23:59:59.999999999+01:00,PROSPECTUS,https://driveimg1.intermarche.com/pt/Content/images/boitmal/produit/zoom/B509E21C38FEEA977A773FECDA02428B.jpg,,,,,13,1,,,
2415,5609060006608,100.0,Delta,Café solúvel c/ cafeína,Embalagem de 100g,2.99,29.9,0,kg,€/Kg,2024-07-10T23:59:59.999999999+01:00,PROSPECTUS,https://driveimg1.intermarche.com/pt/Content/images/boitmal/produit/zoom/4E36A2E9AF2A6A6888AB89D7619B5CC5.jpg,,,,,13,1,,,
2441,5998749107898,720.0,Pedigree,Snack dentastix médio,Embalagem de 720 g,7.99,11.1,0,kg,€/Kg,2024-07-10T23:59:59.999999999+01:00,PROSPECTUS,https://driveimg1.intermarche.com/pt/Content/images/boitmal/produit/zoom/CE7E08251A6723C8CAC86E9215088ECD.jpg,,,,,13,1,,,
2444,5998749108598,60.0,Whiskas,Snack para gato anti-hairball,Embalagem de 60g,1.94,32.33,0,kg,€/Kg,2024-07-10T23:59:59.999999999+01:00,PROSPECTUS,https://driveimg1.intermarche.com/pt/Content/images/boitmal/produit/zoom/78A3F0C7B7306ADCBA4F1255D1A847AE.jpg,,,,,13,1,,,
2445,5998749109113,270.0,Pedigree,Snack dentastix grande,Embalagem de 270 g,3.45,12.78,0,kg,€/Kg,2024-07-10T23:59:59.999999999+01:00,PROSPECTUS,https://driveimg1.intermarche.com/pt/Content/images/boitmal/produit/zoom/35241472DE7F17B0C520CB43E029E0A7.jpg,,,,,13,1,,,
2446,5998749110027,1170.0,Pedigree,Snack para cão dentastix grande,"Embalagem de 1,17 kg",9.99,8.54,0,kg,€/Kg,2024-07-10T23:59:59.999999999+01:00,PROSPECTUS,https://driveimg1.intermarche.com/pt/Content/images/boitmal/produit/zoom/2E3518D9B0484B32129F22EC8E5E205A.jpg,,,,,13,2,,,
2459,7613031497096,400.0,Nestlé,Fruta para bebé maçã pera +4 meses,Embalagem de 4 x 100 g,2.44,6.1,0,kg,€/Kg,2024-07-10T23:59:59.999999999+01:00,PROSPECTUS,https://driveimg1.intermarche.com/pt/Content/images/boitmal/produit/zoom/3650148F0B7099306F07D0EF8CBAB903.jpg,,,,,13,2,,,
2460,7613031501649,400.0,Nestlé,Fruta para bebé maçã banana +4 meses,Embalagem de 4 x 100 g,2.44,6.1,0,kg,€/Kg,2024-07-10T23:59:59.999999999+01:00,PROSPECTUS,https://driveimg1.intermarche.com/pt/Content/images/boitmal/produit/zoom/2ED31B0C460E18911C0B603016079F2F.jpg,,,,,13,2,,,
2480,7613032584436,250.0,Cerelac,Papa infantil láctea maçã +6 meses,Embalagem de 250g,2.99,11.96,0,kg,€/Kg,2024-07-10T23:59:59.999999999+01:00,PROSPECTUS,https://driveimg1.intermarche.com/pt/Content/images/boitmal/produit/zoom/4B73DF3882A4B6402995485DCA85D514.jpg,,,,,13,2,,,
2481,7613032584504,250.0,Cerelac,Papa infantil láctea banana laranja +6 meses,Embalagem de 250g,3.19,12.76,0,kg,€/Kg,2024-07-10T23:59:59.999999999+01:00,PROSPECTUS,https://driveimg1.intermarche.com/pt/Content/images/boitmal/produit/zoom/12AA78D07473050DA396CA590B616904.jpg,,,,,13,2,,,
2482,7613032584757,250.0,Cerelac,Papa infantil láctea 5 frutos +6 meses,Embalagem de 250g,3.19,12.76,0,kg,€/Kg,2024-07-10T23:59:59.999999999+01:00,PROSPECTUS,https://driveimg1.intermarche.com/pt/Content/images/boitmal/produit/zoom/E556F8FC1B3F8A18686F81CECF666A55.jpg,,,,,13,2,,,
2483,7613032607463,250.0,Cerelac,Papa infantil não láctea 8 cereais e mel +6 meses,Embalagem de 250g,2.39,9.56,0,kg,€/Kg,2024-07-10T23:59:59.999999999+01:00,PROSPECTUS,https://driveimg1.intermarche.com/pt/Content/images/boitmal/produit/zoom/8422E2D873A4D72A80E67E60D5902F1A.jpg,,,,,13,2,,,
2500,7613033129025,250.0,Cerelac,Papa infantil não láctea bolacha maria +6 meses,Embalagem de 250g,1.94,7.76,0,kg,€/Kg,2024-07-10T23:59:59.999999999+01:00,PROSPECTUS,https://driveimg1.intermarche.com/pt/Content/images/boitmal/produit/zoom/1A288A774960D901AD4DC15008F92E64.jpg,,,,,13,2,,,
2518,7613033814693,400.0,Nestlé,Fruta para bebé 7 frutos +6 meses,Embalagem de 4 x 100 g,2.44,6.1,0,kg,€/Kg,2024-07-10T23:59:59.999999999+01:00,PROSPECTUS,https://driveimg1.intermarche.com/pt/Content/images/boitmal/produit/zoom/5C71B6B9B51E8496D30C8FC7F83397E6.jpg,,,,,13,2,,,
2577,7622210252074,190.0,Triunfo,Bolachas de aveia,Embalagem de 190g,1.24,6.53,0,kg,€/Kg,2024-07-10T23:59:59.999999999+01:00,PROSPECTUS,https://driveimg1.intermarche.com/pt/Content/images/boitmal/produit/zoom/1549878B1887043B8581F850E3C563EA.jpg,,,,,13,2,,,
2582,7622300118679,30.0,Tang,Refresco em pó de laranja,Embalagem de 30g,0.99,33.0,0,kg,€/Kg,2024-07-10T23:59:59.999999999+01:00,PROSPECTUS,https://driveimg1.intermarche.com/pt/Content/images/boitmal/produit/zoom/93C950E23C6D3C4F7356D5E290068B2C.jpg,,,,,13,2,,,
2583,7622300118969,30.0,Tang,"Refresco em pó, tropical",Embalagem de 30g,0.99,33.0,0,kg,€/Kg,2024-07-10T23:59:59.999999999+01:00,PROSPECTUS,https://driveimg1.intermarche.com/pt/Content/images/boitmal/produit/zoom/CA5DD9C6D01E8CCB6A796283D557355A.jpg,,,,,13,2,,,
2584,7622300119096,30.0,Tang,Refresco em pó de morango,Embalagem de 30g,0.99,33.0,0,kg,€/Kg,2024-07-10T23:59:59.999999999+01:00,PROSPECTUS,https://driveimg1.intermarche.com/pt/Content/images/boitmal/produit/zoom/0CE3759E9057974EA33B7DBBD2396BBE.jpg,,,,,13,2,,,
2589,7622300281182,150.0,Oreo,"Bolachas, tubo",Embalagem de 150g,1.34,8.93,0,kg,€/Kg,2024-07-10T23:59:59.999999999+01:00,PROSPECTUS,https://driveimg1.intermarche.com/pt/Content/images/boitmal/produit/zoom/A967EF8D7DC66A4DE384AFCA6E356DB8.jpg,,,,,13,2,,,
2734,8410063005683,400.0,Pescanova,Caprichos do mar s/ glúten,Embalagem de 400g,2.49,6.23,0,kg,€/Kg,2024-07-10T23:59:59.999999999+01:00,PROSPECTUS,https://driveimg1.intermarche.com/pt/Content/images/boitmal/produit/zoom/737C8419743536AEFEAED7A1B1CAD3F9.jpg,,,,Tipo de stockagem,13,2,,,
2738,8410063015927,250.0,Pescanova,"Muslitos do mar, 250 g",,2.19,8.76,0,kg,€/Kg,2024-07-10T23:59:59.999999999+01:00,PROSPECTUS,https://driveimg1.intermarche.com/pt/Content/images/boitmal/produit/zoom/86EB1198611F2075AEB55143E6235189.jpg,,,,Tipo de stockagem,13,2,,,
2740,8410063016627,400.0,Pescanova,4 filetes de pescada panados c/ limão,Embalagem de 400g,4.65,11.63,0,kg,€/Kg,2024-07-10T23:59:59.999999999+01:00,PROSPECTUS,https://driveimg1.intermarche.com/pt/Content/images/boitmal/produit/zoom/3032EB7CA68A0B391F99FAEA119599B8.jpg,,,,Tipo de stockagem,13,2,,,
2749,8410063046532,350.0,Pescanova,Miolo de camarão 80/100,Embalagem de 350g,6.99,19.97,0,kg,€/Kg,2024-07-10T23:59:59.999999999+01:00,PROSPECTUS,https://driveimg1.intermarche.com/pt/Content/images/boitmal/produit/zoom/B1D2AEF816246B4D1E4F3A2363606A04.jpg,,,,Tipo de stockagem,13,2,,,
2750,8410063059280,450.0,Pescanova,15 barrinhas pescada,Embalagem de 450g,4.79,10.64,0,kg,€/Kg,2024-07-10T23:59:59.999999999+01:00,PROSPECTUS,https://driveimg1.intermarche.com/pt/Content/images/boitmal/produit/zoom/E2718F33AA39910DEB8F1D5A2118AE03.jpg,,,,Tipo de stockagem,13,2,,,
3642,3059943009080,250.0,Air Wick,Ambientador recarga lavanda,Garrafa de 250 ml,3.59,14.36,250,L,€/L,2024-08-02T23:59:59.999999999+01:00,PROSPECTUS,https://driveimg1.intermarche.com/pt/Content/images/boitmal/produit/zoom/756F620C8BCD41CE49D260CCD66BCDF2.jpg,,,,1000 Artigos,13,2,,,
4110,3250393073519,2500.0,Kings Bräu,Panaché,"Embalagem de 10x0,25 l",3.19,1.28,2500,L,€/L,2024-07-10T23:59:59.999999999+01:00,PROSPECTUS,https://driveimg1.intermarche.com/pt/Content/images/boitmal/produit/zoom/3577F9C513F9B4EC2D2C843B989BE43F.jpg,,,,,13,2,,,
4196,3574660464429,,Carefree,"Pensos diários respirare, 76 unidades",Uma embalagem,3.74,3.74,0,,€/Unidade,2024-07-10T23:59:59.999999999+01:00,PROSPECTUS,https://driveimg1.intermarche.com/pt/Content/images/boitmal/produit/zoom/F1443756E2E93D0DFBDE85A3A5997C3A.jpg,,,,,13,2,,,
4208,3574660709216,,Carefree,"Pensos diários maxi, aloé vera",embalagem com 48 unidades,3.74,3.74,0,,€/Unidade,2024-07-10T23:59:59.999999999+01:00,PROSPECTUS,https://driveimg1.intermarche.com/pt/Content/images/boitmal/produit/zoom/26FFB8C904F08713D51E0B27DC72CB68.jpg,,,,,13,2,,,
4236,3600521519479,400.0,Elvive,Champô color-vive,Embalagem de 400 ml,3.99,9.98,400,L,€/L,2024-07-10T23:59:59.999999999+01:00,PROSPECTUS,https://driveimg1.intermarche.com/pt/Content/images/boitmal/produit/zoom/9488D59592F5790FC0E9B4078309C960.jpg,,,,,13,2,,,
4304,3600540277244,200.0,Ambre Solaire,Spray Clear Protect FPS 30,Embalagem de 200 ml,10.19,50.95,200,L,€/L,2024-08-07T23:59:59.999999999+01:00,PROSPECTUS,https://driveimg1.intermarche.com/pt/Content/images/boitmal/produit/zoom/562D3706C913B836BDBE841DED7198DD.jpg,,,,,13,2,,,
4310,3600540362384,400.0,Ultra Suave,"Champô de camomila, 400 ml",,3.59,8.98,400,L,€/L,2024-07-10T23:59:59.999999999+01:00,PROSPECTUS,https://driveimg1.intermarche.com/pt/Content/images/boitmal/produit/zoom/3682EA1516F924548CF0016D3C028605.jpg,,,,,13,2,,,
4315,3600540542861,400.0,Garnier,Champô de abacate & karité,Embalagem de 400 ml,3.79,9.48,400,L,€/L,2024-07-10T23:59:59.999999999+01:00,PROSPECTUS,https://driveimg1.intermarche.com/pt/Content/images/boitmal/produit/zoom/E826DE4F268362A3E1B1E27463FF1F1A.jpg,,,,,13,2,,,
4400,3600541533226,400.0,Ultra Suave,Champô gama maravilhosa,Embalagem de 400 ml,3.79,9.48,400,L,€/L,2024-07-10T23:59:59.999999999+01:00,PROSPECTUS,https://driveimg1.intermarche.com/pt/Content/images/boitmal/produit/zoom/28CA81276EA21AB8CD8D9A9F969FF989.jpg,,,,,13,2,,,
4715,5000204593198,72.0,WC Pato,Discos Sanitários Activos Recarga Marinho,Embalagem de 2x36 ml,3.49,48.47,72,L,€/L,2024-07-10T23:59:59.999999999+01:00,PROSPECTUS,https://driveimg1.intermarche.com/pt/Content/images/boitmal/produit/zoom/F7441989F6C7A270983579F368947C08.jpg,,,,,13,2,,,
4716,5000204593242,72.0,WC Pato,Discos Sanitários Activos Recarga Lima,Embalagem de 2x36 ml,3.49,48.47,72,L,€/L,2024-07-10T23:59:59.999999999+01:00,PROSPECTUS,https://driveimg1.intermarche.com/pt/Content/images/boitmal/produit/zoom/63F83864AA3214D8A29D6F7792A8DB6E.jpg,,,,,13,2,,,
4734,5000204678840,50.0,WC Pato,"Bloco sanitário, automático, água azul",Embalagem de 2x50 g,2.49,49.8,0,kg,€/Kg,2024-07-10T23:59:59.999999999+01:00,PROSPECTUS,https://driveimg1.intermarche.com/pt/Content/images/boitmal/produit/zoom/29B5E9AA7D7F561343C3AC75500FD699.jpg,,,,,13,2,,,
4849,5099873001370,700.0,Jack Daniel's,Whisky Bourbon Honey,"Garrafa de 0,70 l",21.99,31.41,700,L,€/L,2024-07-10T23:59:59.999999999+01:00,PROSPECTUS,https://driveimg1.intermarche.com/pt/Content/images/boitmal/produit/zoom/F366126535D53535BA758F18F1BD5667.jpg,,,,,13,2,,,
4987,5601012115505,750.0,Planalto,Vinho doc douro branco,Garrafa de 0.75 l,4.99,6.65,750,L,€/L,2024-07-10T23:59:59.999999999+01:00,PROSPECTUS,https://driveimg1.intermarche.com/pt/Content/images/boitmal/produit/zoom/6C726FDABB211E05C4F7D5DBE4A94D76.jpg,,,,,13,2,,,
5079,5601036310726,200.0,Ambre Solaire,Óleo Bronzeador Coco,Embalagem de 200 ml,8.69,43.45,200,L,€/L,2024-08-07T23:59:59.999999999+01:00,PROSPECTUS,https://driveimg1.intermarche.com/pt/Content/images/boitmal/produit/zoom/88958AA1036E20813FEF490C29B56E53.jpg,,,,,13,2,,,
5126,5601068014494,750.0,Cif,Desinfetante em gel c/ lixívia,Garrafa de 750 ml,1.49,1.99,750,L,€/L,2024-07-10T23:59:59.999999999+01:00,PROSPECTUS,https://driveimg1.intermarche.com/pt/Content/images/boitmal/produit/zoom/DD01BA25A9A9F730D8ADD335AE8FD21F.jpg,,,,,13,2,,,
5244,5601151510759,850.0,Compal,Feijão encarnado,Lata de 850g,1.74,2.05,0,kg,€/Kg,2024-07-10T23:59:59.999999999+01:00,PROSPECTUS,https://driveimg1.intermarche.com/pt/Content/images/boitmal/produit/zoom/606A85BE0216806A1AC1DB5B88F76288.jpg,,,,,13,2,,,
5247,5601151720752,850.0,Compal,Feijão frade,Lata de 850g,1.74,2.05,0,kg,€/Kg,2024-07-10T23:59:59.999999999+01:00,PROSPECTUS,https://driveimg1.intermarche.com/pt/Content/images/boitmal/produit/zoom/9F9B431A96B6B05E71B79E3CE414A982.jpg,,,,,13,2,,,
5272,5601164902312,4800.0,Super Bock,Cerveja Mini,pack 24 x 0.20 l ,9.99,2.08,4800,L,€/L,2024-07-10T23:59:59.999999999+01:00,PROSPECTUS,https://driveimg1.intermarche.com/pt/Content/images/boitmal/produit/zoom/2912E3195E8AA342B174CBFEDFDDDFEF.jpg,https://driveimg1.intermarche.com/pt/Content/images/boitmal/produit/zoom/C2C2858ADC421F33AF17C6115D108100.jpg,,,1000 Artigos,13,2,,,
5273,5601164902343,7920.0,Super Bock,Cerveja c/ álcool,pack 24 x 0.33 l,16.99,2.15,7920,L,€/L,2024-07-10T23:59:59.999999999+01:00,PROSPECTUS,https://driveimg1.intermarche.com/pt/Content/images/boitmal/produit/zoom/9036A4A1A895E7D1EC16B298057D65EB.jpg,,,,1000 Artigos,13,2,,,
5584,5602107003127,50.0,SAN ZE,Aperitivos couratos,Embalagem de 50 g,1.0,20.0,0,kg,€/Kg,2024-07-10T23:59:59.999999999+01:00,PROSPECTUS,https://driveimg1.intermarche.com/pt/Content/images/boitmal/produit/zoom/04AEBBA050EB9CA81396FB9D636BF636.jpg,,,,,13,2,,,
5632,5602445000536,750.0,Encosta das Perdizes,Vinho regional alentejano tinto,Garrafa de 750 ml,2.69,3.59,750,L,€/L,2024-08-02T23:59:59.999999999+01:00,PROSPECTUS,https://driveimg1.intermarche.com/pt/Content/images/boitmal/produit/zoom/3071A928CC77370088593218C9A3FE4D.jpg,,,,1000 Artigos,13,2,,,
5721,5603488000118,750.0,Santar,Vinho branco doc dão,Garrafa de 0.75 l,5.99,7.99,750,L,€/L,2024-07-10T23:59:59.999999999+01:00,PROSPECTUS,https://driveimg1.intermarche.com/pt/Content/images/boitmal/produit/zoom/A4B53E5A56E20FC69E0C2FB847B051AE.jpg,,,,,13,2,,,
5745,5603722513718,1000.0,Vigor,Leite pasteurizado m/g sem lactose,Garrafa de 1 l,1.15,1.15,1000,L,€/L,2024-08-02T23:59:59.999999999+01:00,PROSPECTUS,https://driveimg1.intermarche.com/pt/Content/images/boitmal/produit/zoom/2B0BBD13280229875622C8E875C24761.jpg,,,,1000 Artigos,13,2,,,
5772,5604260025275,200.0,PorSi,"Fiambre extra, fatiado",Embalagem de 200g,1.99,9.95,0,kg,€/Kg,2024-08-02T23:59:59.999999999+01:00,PROSPECTUS,https://driveimg1.intermarche.com/pt/Content/images/boitmal/produit/zoom/E1FD3B6764CBA26BBE33F1BC49A13FA3.jpg,,,,1000 Artigos,13,2,,,
5816,5604260061921,1980.0,Kings Bräu,Cerveja com álcool,"Embalagem de 6x0,30 l",2.79,1.41,1980,L,€/L,2024-07-10T23:59:59.999999999+01:00,PROSPECTUS,https://driveimg1.intermarche.com/pt/Content/images/boitmal/produit/zoom/3B2DB089EEFEDD704874A6D0C953D14E.jpg,,,,,13,2,,,
5818,5604260063765,1000.0,PorSi,Macedonia de legumes,Embalagem de 1 kg,1.89,1.89,0,kg,€/Kg,2024-08-02T23:59:59.999999999+01:00,PROSPECTUS,https://driveimg1.intermarche.com/pt/Content/images/boitmal/produit/zoom/FB7C912619E696B4A0C61F64E6787D35.jpg,,,,1000 Artigos,13,2,,,
5901,5604260247523,2000.0,PorSi,Gelado de morango,Embalagem de 2 l,2.99,1.5,2000,L,€/L,2024-08-02T23:59:59.999999999+01:00,PROSPECTUS,https://driveimg1.intermarche.com/pt/Content/images/boitmal/produit/zoom/D82528BBD4537BCDAF3E65EDA0ADB1B7.jpg,,,,1000 Artigos,13,2,,,
6057,5608527000401,750.0,Dona Ermelinda,Vinho doc palmela tinto,Garrafa de 750 ml,3.99,5.32,750,L,€/L,2024-07-10T23:59:59.999999999+01:00,PROSPECTUS,https://driveimg1.intermarche.com/pt/Content/images/boitmal/produit/zoom/A42E08518C2D5C24CA9EADB32EC8646D.jpg,,,,,13,2,,,
6087,5998749110720,440.0,Pedigree,Snack dentastix small,Embalagem de 440 g,6.59,14.98,0,kg,€/Kg,2024-07-10T23:59:59.999999999+01:00,PROSPECTUS,https://driveimg1.intermarche.com/pt/Content/images/boitmal/produit/zoom/EB3FC1490357C9C6D78F1322396D0D39.jpg,,,,,13,2,,,
6301,8410024700015,700.0,Malibu,Rhum com coco,Garrafa de 700 ml,13.29,18.99,700,L,€/L,2024-07-10T23:59:59.999999999+01:00,PROSPECTUS,https://driveimg1.intermarche.com/pt/Content/images/boitmal/produit/zoom/679306170757FBDDED74E4D7EF4E60D9.jpg,,,,,13,2,,,
6315,8410063055923,800.0,Pescanova,Camarão moçambique 48/64,Embalagem de 800g,15.99,19.99,0,kg,€/Kg,2024-07-10T23:59:59.999999999+01:00,PROSPECTUS,https://driveimg1.intermarche.com/pt/Content/images/boitmal/produit/zoom/01BFFA30A3AA2EC1DAD9EEC714FDF562.jpg,,,,Tipo de stockagem,13,2,,,
6475,8410436242264,1100.0,Sonasol,Lava Tudo Brilhante Madeira,"embalagem 1,1L",2.79,2.54,1100,L,€/L,2024-08-02T23:59:59.999999999+01:00,PROSPECTUS,https://driveimg1.intermarche.com/pt/Content/images/boitmal/produit/zoom/4804207F489281D6AC8C3987D7C802CA.jpg,,,,1000 Artigos,13,2,,,
6476,8410436242295,1100.0,Sonasol,Lava Tudo Brilhante Universal,"embalagem 1,1L",2.79,2.54,1100,L,€/L,2024-08-02T23:59:59.999999999+01:00,PROSPECTUS,https://driveimg1.intermarche.com/pt/Content/images/boitmal/produit/zoom/D9029A6D2079E1FEC6711F790C7F6C82.jpg,,,,1000 Artigos,13,2,,,
6477,8410437531008,750.0,Cif,Desinfetante em gel p/ wc,Garrafa de 750 ml,1.49,1.99,750,L,€/L,2024-07-10T23:59:59.999999999+01:00,PROSPECTUS,https://driveimg1.intermarche.com/pt/Content/images/boitmal/produit/zoom/F80AEED5DC0E17CB3B3BE1F09E46AB95.jpg,,,,,13,2,,,
6534,8411134100757,,Control,12 Preservativos Adapta Nature,,6.29,6.29,0,,€/Unidade,2024-07-10T23:59:59.999999999+01:00,PROSPECTUS,https://driveimg1.intermarche.com/pt/Content/images/boitmal/produit/zoom/52A6B27093122B9DA7C38472B2A69000.jpg,https://driveimg1.intermarche.com/pt/Content/images/boitmal/produit/zoom/C568F514DA52A86EAC67EF526EF8F152.jpg,,,,13,2,,,
6535,8411134100764,,Control,6 Preservativos Adapta Senso,,4.29,4.29,0,,€/Unidade,2024-07-10T23:59:59.999999999+01:00,PROSPECTUS,https://driveimg1.intermarche.com/pt/Content/images/boitmal/produit/zoom/DC0D4681173A103E4475E97113B35EF1.jpg,https://driveimg1.intermarche.com/pt/Content/images/boitmal/produit/zoom/9695A5E49C9F0664ACB2A50376B468E9.jpg,,,,13,2,,,
6536,8411134100771,,Control,6 Preservativos Adapta  Retard,,4.19,4.19,0,,€/Unidade,2024-07-10T23:59:59.999999999+01:00,PROSPECTUS,https://driveimg1.intermarche.com/pt/Content/images/boitmal/produit/zoom/F34EB91AB606DD8088B0ADD17B7F5860.jpg,https://driveimg1.intermarche.com/pt/Content/images/boitmal/produit/zoom/CDEDFA54E61730BFAA0A840BAF0C333A.jpg,,,,13,2,,,
6556,8411300565052,,Excellence,"Coloração permanente, louro escuro nº6",1 unidade,9.49,9.49,0,,€/Unidade,2024-07-10T23:59:59.999999999+01:00,PROSPECTUS,https://driveimg1.intermarche.com/pt/Content/images/boitmal/produit/zoom/046670657520E90973C411B21F396F6F.jpg,,,,,13,2,,,
6558,8411300565076,,Excellence,"Coloração permanente, louro claro nº8",1 unidade,9.49,9.49,0,,€/Unidade,2024-07-10T23:59:59.999999999+01:00,PROSPECTUS,https://driveimg1.intermarche.com/pt/Content/images/boitmal/produit/zoom/BD3E36BC9006470E685DF71F8D3EF7E3.jpg,,,,,13,2,,,
6560,8411300565113,,Excellence,"Coloração permanente, louro dourado, nº7.3",1 unidade,9.49,9.49,0,,€/Unidade,2024-07-10T23:59:59.999999999+01:00,PROSPECTUS,https://driveimg1.intermarche.com/pt/Content/images/boitmal/produit/zoom/9DC97409DFF7206E360851979C1CB370.jpg,,,,,13,2,,,
6561,8411300565120,,Excellence,"Coloração permanente, louro natural, nº8.1",1 unidade,9.49,9.49,0,,€/Unidade,2024-07-10T23:59:59.999999999+01:00,PROSPECTUS,https://driveimg1.intermarche.com/pt/Content/images/boitmal/produit/zoom/1940E9A7D591433F63C907B00C0AB069.jpg,,,,,13,2,,,
6563,8411300566196,,Excellence,"Coloração permanente, louro muito claro nº10",1 unidade,9.49,9.49,0,,€/Unidade,2024-07-10T23:59:59.999999999+01:00,PROSPECTUS,https://driveimg1.intermarche.com/pt/Content/images/boitmal/produit/zoom/34F0858947AD3564A3CE0C258B08FBAA.jpg,,,,,13,2,,,
6564,8411300657009,50.0,L'oreal,Creme anti-rugas de dia revitalift,Embalagem de 50 ml,10.49,209.8,50,L,€/L,2024-07-10T23:59:59.999999999+01:00,PROSPECTUS,https://driveimg1.intermarche.com/pt/Content/images/boitmal/produit/zoom/68D18059EDD51719125049C57C7D905E.jpg,https://driveimg1.intermarche.com/pt/Content/images/boitmal/produit/zoom/C1E9474AE6B93EE51B8B2F38628F451C.jpg,,,,13,2,,,
6775,8712100482199,900.0,Olá,Gelado carte d'or baunilha & pecans,Embalagem de 900 ml,5.99,6.66,900,L,€/L,2024-07-10T23:59:59.999999999+01:00,PROSPECTUS,https://driveimg1.intermarche.com/pt/Content/images/boitmal/produit/zoom/B22E3A2503332235A1CE4993E1C02089.jpg,https://driveimg1.intermarche.com/pt/Content/images/boitmal/produit/zoom/50A55416EEAB0C328C0C30A2A461E136.jpg,https://driveimg1.intermarche.com/pt/Content/images/boitmal/produit/zoom/50A55416EEAB0C328C0C30A2A461E136.jpg,,Tipo de stockagem,13,2,,,
6818,8712566118625,390.0,Olá,Gelado supermaxi,Embalagem de 6 x 65 ml,3.09,7.92,390,L,€/L,2024-08-02T23:59:59.999999999+01:00,PROSPECTUS,https://driveimg1.intermarche.com/pt/Content/images/boitmal/produit/zoom/EDD74C84414985483D339FDE915214FB.jpg,https://driveimg1.intermarche.com/pt/Content/images/boitmal/produit/zoom/C78EEEF4719F48D1D9E8F75D0F700815.jpg,https://driveimg1.intermarche.com/pt/Content/images/boitmal/produit/zoom/C78EEEF4719F48D1D9E8F75D0F700815.jpg,,1000 Artigos,13,2,,,
6819,8712566125982,420.0,Olá,Gelado perna de pau,Embalagem de 6 x 70 ml,3.09,7.36,420,L,€/L,2024-08-02T23:59:59.999999999+01:00,PROSPECTUS,https://driveimg1.intermarche.com/pt/Content/images/boitmal/produit/zoom/BF8A8D36D858A4A7866707A764C6448A.jpg,https://driveimg1.intermarche.com/pt/Content/images/boitmal/produit/zoom/CDF3DFE8D09454EBB2363B5EF224B65F.jpg,https://driveimg1.intermarche.com/pt/Content/images/boitmal/produit/zoom/CDF3DFE8D09454EBB2363B5EF224B65F.jpg,,1000 Artigos,13,2,,,
6820,8712566127757,60.0,Knorr,Creme lagosta,Embalagem de 60g,1.59,26.5,0,kg,€/Kg,2024-07-10T23:59:59.999999999+01:00,PROSPECTUS,https://driveimg1.intermarche.com/pt/Content/images/boitmal/produit/zoom/4A5C4560F5172C0E4D53FE3FA5E1E52A.jpg,,,,,13,2,,,
6962,0000040111445,50.0,M&M's,"Chocolate m&m s, amendoim",Embalagem de 45 g,0.99,19.8,0,kg,€/Kg,2024-07-10T23:59:59.999999999+01:00,PROSPECTUS,https://driveimg1.intermarche.com/pt/Content/images/boitmal/produit/zoom/E5B5F584733A1C8E7D283D280EAC1471.jpg,,,,,13,2,,,
6972,4005900827890,50.0,Nivea Men,Desodorizante roll-on magnesium dry,Embalagem de 50 ml,2.99,59.8,50,L,€/L,2024-07-10T23:59:59.999999999+01:00,PROSPECTUS,https://driveimg1.intermarche.com/pt/Content/images/boitmal/produit/zoom/E584B90A44395E97F1D97529CCC2D822.jpg,,,,,13,2,,,
7142,2895065000000,250.0,Paiva,Queijo Curado Apimentado,Vendido ao peso a partir de 250 gr,2.47,9.89,0,,€/Kg,2024-07-10T23:59:59.999999999+01:00,PROSPECTUS,https://driveimg1.intermarche.com/pt/Content/images/boitmal/produit/zoom/4BD3253AA457F28D8C7DD0DBC64BA3C4.jpg,,,,,13,2,,,
7143,2895066000000,1100.0,Paiva,Queijo Curado Amanteigado,"1 un = 1,1 kg (aprox.)",10.88,9.89,0,,€/Kg,2024-07-10T23:59:59.999999999+01:00,PROSPECTUS,https://driveimg1.intermarche.com/pt/Content/images/boitmal/produit/zoom/40A4EED51E63B3C8D3B6401ED95BDDC3.jpg,,,,,13,2,,,
7179,2895264000000,250.0,Paiva,Queijo curado meio gordo,Vendido ao peso ,2.47,9.89,0,,€/Kg,2024-07-10T23:59:59.999999999+01:00,PROSPECTUS,https://driveimg1.intermarche.com/pt/Content/images/boitmal/produit/zoom/4C5AE4093FF39B240405084751F6661B.jpg,,,,,13,2,,,
7244,3073781050196,140.0,A Vaca Que Ri,Queijo em palitos,Embalagem de 140g,1.99,14.21,0,kg,€/Kg,2024-07-10T23:59:59.999999999+01:00,PROSPECTUS,https://driveimg1.intermarche.com/pt/Content/images/boitmal/produit/zoom/D85AB49CD10B93D1670A1C9148A74D22.jpg,,,,,13,2,,,
7255,3083681022865,400.0,Bonduelle,Grelos,Embalagem de 400 g,1.85,4.63,0,kg,€/Kg,2024-07-10T23:59:59.999999999+01:00,PROSPECTUS,https://driveimg1.intermarche.com/pt/Content/images/boitmal/produit/zoom/C5B12FFB36994DA0173AE3EBA9161F9C.jpg,,,,Tipo de stockagem,13,2,,,
7295,3147690089704,750.0,Cruz,Vinho do porto tawny,"Garrafa de 0,75 l",5.49,7.32,750,L,€/L,2024-07-10T23:59:59.999999999+01:00,PROSPECTUS,https://driveimg1.intermarche.com/pt/Content/images/boitmal/produit/zoom/15A76339A08A1C7F2E2FA8AD2BB8E4BE.jpg,,,,,13,2,,,
7550,3600541550087,400.0,Ultra Suave,Champô tesouros de mel,Embalagem de 400 ml,3.79,9.48,400,L,€/L,2024-07-10T23:59:59.999999999+01:00,PROSPECTUS,https://driveimg1.intermarche.com/pt/Content/images/boitmal/produit/zoom/E6566E0DAE3A76CF422C4F3C02B07F81.jpg,,,,,13,2,,,
7653,4005808408306,200.0,Nivea Sun,Protetor Solar Hidratante FPS50+,Embalagem de 200 ml,11.09,55.45,200,L,€/L,2024-08-07T23:59:59.999999999+01:00,PROSPECTUS,https://driveimg1.intermarche.com/pt/Content/images/boitmal/produit/zoom/3271C607B6277ECDAA0C013662A2C48D.jpg,,,,,13,2,,,
7655,4005808432783,200.0,Nivea Sun,"Loção solar, protect&bronze f20",Embalagem de 200 ml,11.09,55.45,200,L,€/L,2024-08-07T23:59:59.999999999+01:00,PROSPECTUS,https://driveimg1.intermarche.com/pt/Content/images/boitmal/produit/zoom/271EFA952838F0919DAEF82FCC8FF432.jpg,,,,,13,2,,,
7657,4005808435357,200.0,Nivea Sun,"Loção solar, protect&bronze f50",Embalagem de 200 ml,12.59,62.95,200,L,€/L,2024-08-07T23:59:59.999999999+01:00,PROSPECTUS,https://driveimg1.intermarche.com/pt/Content/images/boitmal/produit/zoom/143F96A61D099CC8B3687EF553217D80.jpg,,,,,13,2,,,
7665,4005808479672,200.0,Nivea Sun,Loção Hidratante para Depois do Sol,Embalagem de 200 ml,7.19,35.95,200,L,€/L,2024-08-07T23:59:59.999999999+01:00,PROSPECTUS,https://driveimg1.intermarche.com/pt/Content/images/boitmal/produit/zoom/3BB63D862CF0C67151906C0FDD26EABE.jpg,,,,,13,2,,,
7692,4005808751174,200.0,Nivea Sun,Spray protect&bronze f30,Embalagem de 200 ml,11.99,59.95,200,L,€/L,2024-08-07T23:59:59.999999999+01:00,PROSPECTUS,https://driveimg1.intermarche.com/pt/Content/images/boitmal/produit/zoom/711F44F573994E69781D318E43DB1C6E.jpg,,,,,13,2,,,
7958,5000204524710,18.0,Glade,"Recarga Ambientador Sense & Spray Baunilha, 18 ml",,3.49,193.89,18,L,€/L,2024-07-10T23:59:59.999999999+01:00,PROSPECTUS,https://driveimg1.intermarche.com/pt/Content/images/boitmal/produit/zoom/569A91E972D1C1831826B3FD90647421.jpg,,,,,13,2,,,
7965,5000204595369,,Glade,"Recarga ambientador automático, sense & spray, lavanda/jasmim",,3.49,3.49,0,,€/Unidade,2024-07-10T23:59:59.999999999+01:00,PROSPECTUS,https://driveimg1.intermarche.com/pt/Content/images/boitmal/produit/zoom/79F31608A8C9C832B0C2783B71CE42B1.jpg,,,,,13,2,,,
7994,5000204700398,,Raid,"Inseticida, recarga, elétrico, pack 2",1 embalagem com 2x27ml,7.19,7.19,0,,€/Unidade,2024-08-02T23:59:59.999999999+01:00,PROSPECTUS,https://driveimg1.intermarche.com/pt/Content/images/boitmal/produit/zoom/8901480BBB5476B8C9CD083F26DF5351.jpg,,,,1000 Artigos,13,2,,,
8068,5011417544679,400.0,Finish,Abrilhantador p/ máquina de lavar loiça,Garrafa de 400 ml,4.99,12.48,400,L,€/L,2024-07-10T23:59:59.999999999+01:00,PROSPECTUS,https://driveimg1.intermarche.com/pt/Content/images/boitmal/produit/zoom/5D045CC65EE222532216DB5B0BF2A582.jpg,,,,,13,2,,,
8222,5411188553304,1000.0,Alpro,Bebida Vegetal de Soja com Cálcio,Embalagem de 1 l,1.69,1.69,1000,L,€/L,2024-07-10T23:59:59.999999999+01:00,PROSPECTUS,https://driveimg1.intermarche.com/pt/Content/images/boitmal/produit/zoom/545BAB00502BFD84583926EFDBFE9F24.jpg,,,,,13,2,,,
8260,5600394180019,750.0,Herdade dos Grous,Vinho tinto regional alentejano,Garrafa de 750 ml,11.99,15.99,750,L,€/L,2024-07-10T23:59:59.999999999+01:00,PROSPECTUS,https://driveimg1.intermarche.com/pt/Content/images/boitmal/produit/zoom/C4511BA724098D17DB9EDFA78CFE28A2.jpg,,,,,13,2,,,
8261,5600394180033,750.0,Herdade dos Grous,Vinho branco alentejo,Garrafa de 750 ml,11.99,15.99,750,L,€/L,2024-07-10T23:59:59.999999999+01:00,PROSPECTUS,https://driveimg1.intermarche.com/pt/Content/images/boitmal/produit/zoom/91CE6A7D07C4EC989AA1AB511FED9CF6.jpg,,,,,13,2,,,
8383,5601049132995,1000.0,Mimosa,Leite uht meio gordo,Embalagem de 1 litro,0.89,0.89,1000,L,€/L,2024-07-10T23:59:59.999999999+01:00,PROSPECTUS,https://driveimg1.intermarche.com/pt/Content/images/boitmal/produit/zoom/30AE72C16512D7F6E9C8B5E7CBD4B0A2.jpg,https://driveimg1.intermarche.com/pt/Content/images/boitmal/produit/zoom/AE810093A08CEBD60415DCC626CF5804.jpg,https://driveimg1.intermarche.com/pt/Content/images/boitmal/produit/zoom/A0562293538F541B1B99592AA046327B.jpg,,,13,2,,,
8384,5601049133992,1000.0,Mimosa,Leite uht magro,Embalagem de 1 litro,0.89,0.89,1000,L,€/L,2024-07-10T23:59:59.999999999+01:00,PROSPECTUS,https://driveimg1.intermarche.com/pt/Content/images/boitmal/produit/zoom/F5320FAD88ED459A5E33FEB47EAEF410.jpg,https://driveimg1.intermarche.com/pt/Content/images/boitmal/produit/zoom/8C350978140C257D0AAD7365CD133F0C.jpg,https://driveimg1.intermarche.com/pt/Content/images/boitmal/produit/zoom/B9BED9F397071733FB4D36CBE39ECDBA.jpg,,,13,2,,,
8396,5601049614330,250.0,Milhafre,Manteiga com sal,Embalagem de 250g,1.99,7.96,0,kg,€/Kg,2024-07-10T23:59:59.999999999+01:00,PROSPECTUS,https://driveimg1.intermarche.com/pt/Content/images/boitmal/produit/zoom/8DCB9F2F3B36086D35B7173891ABA268.jpg,,,,,13,2,,,
8397,5601050016017,600.0,Danone,"Danacol morango,  6 x 100 g",,2.99,4.98,0,kg,€/Kg,2024-07-10T23:59:59.999999999+01:00,PROSPECTUS,https://driveimg1.intermarche.com/pt/Content/images/boitmal/produit/zoom/5124A44EE2066C8E1CF52CF325D9AAB2.jpg,,,,,13,2,,,
8398,5601050016024,600.0,Danone,"Danacol natural,  6 x 100 g",,2.99,4.98,0,kg,€/Kg,2024-07-10T23:59:59.999999999+01:00,PROSPECTUS,https://driveimg1.intermarche.com/pt/Content/images/boitmal/produit/zoom/F95F766B58ABBBA7608620C57921073C.jpg,,,,,13,2,,,
8457,5601066600118,375.0,Nacional,Cereais Corn Flakes Zero,Embalagem de 375 g,1.94,5.17,0,kg,€/Kg,2024-07-10T23:59:59.999999999+01:00,PROSPECTUS,https://driveimg1.intermarche.com/pt/Content/images/boitmal/produit/zoom/A7683E8F168E338F28BB577100AEAF53.jpg,,,,,13,2,,,
8520,5601119956490,120.0,Nobre,Fiambre perna extra finissimos fatiado,Embalagem de 120g,1.99,16.58,0,kg,€/Kg,2024-07-10T23:59:59.999999999+01:00,PROSPECTUS,https://driveimg1.intermarche.com/pt/Content/images/boitmal/produit/zoom/A7AE9A4CE77B2E0C74B78D8E6FD0475C.jpg,,,,,13,2,,,
8521,5601119956810,120.0,Nobre,Fiambre perna extra fatiado,Embalagem de 120g,1.99,16.58,0,kg,€/Kg,2024-07-10T23:59:59.999999999+01:00,PROSPECTUS,https://driveimg1.intermarche.com/pt/Content/images/boitmal/produit/zoom/92F6E974DF0D1BEE6EC9B9E40F884B8B.jpg,,,,,13,2,,,
8577,5601146000425,1980.0,Sagres,"Cerveja com álcool, tara perdida",pack 6 x 0.33 l,4.85,2.45,1980,L,€/L,2024-07-10T23:59:59.999999999+01:00,PROSPECTUS,https://driveimg1.intermarche.com/pt/Content/images/boitmal/produit/zoom/2EB7704DBA490BA8B3C0147A31E27A52.jpg,,,,,13,2,,,
8665,5601164162204,1500.0,Carlsberg,Cerveja Mini,pack 6 x 0.25 l,3.79,2.53,1500,L,€/L,2024-07-10T23:59:59.999999999+01:00,PROSPECTUS,https://driveimg1.intermarche.com/pt/Content/images/boitmal/produit/zoom/5F52CBF936CAEC9A515DA874014E66BB.jpg,,,,,13,2,,,
8667,5601164404205,1980.0,Super Bock,"Cerveja com álcool, preta",Pack 6 X 0.33L ,4.49,2.27,1980,L,€/L,2024-07-10T23:59:59.999999999+01:00,PROSPECTUS,https://driveimg1.intermarche.com/pt/Content/images/boitmal/produit/zoom/A211FB1A18CD69CB53EF7B899CF02AA3.jpg,,,,,13,2,,,
8670,5601164900004,6000.0,Carlsberg,Cerveja Mini,"Embalagem de 24x0,25 l",13.47,2.25,6000,L,€/L,2024-07-10T23:59:59.999999999+01:00,PROSPECTUS,https://driveimg1.intermarche.com/pt/Content/images/boitmal/produit/zoom/8E793C10596DF6E5F3EB52AE7B2C3310.jpg,,,,1000 Artigos,13,2,,,
8707,5601192103200,1000.0,Agros,Leite com Chocolate,Embalagem de 1 litro,1.59,1.59,1000,L,€/L,2024-07-10T23:59:59.999999999+01:00,PROSPECTUS,https://driveimg1.intermarche.com/pt/Content/images/boitmal/produit/zoom/D7AE3551DA81973E52565C5166319D0B.jpg,,,,,13,3,,,
8752,5601217102065,1000.0,Finish,Sal p/ máquina de lavar loiça,Embalagem de 1 kg,1.89,1.89,0,kg,€/Kg,2024-07-10T23:59:59.999999999+01:00,PROSPECTUS,https://driveimg1.intermarche.com/pt/Content/images/boitmal/produit/zoom/8EBDC7AE1197593D3539E53F449D6E79.jpg,,,,,13,3,,,
8802,5601244202363,400.0,Terra Nostra,Queijo em fatias,Embalagem de 400g,3.99,9.98,0,kg,€/Kg,2024-07-10T23:59:59.999999999+01:00,PROSPECTUS,https://driveimg1.intermarche.com/pt/Content/images/boitmal/produit/zoom/B65A579FDF6F0A415C810CA406B71B6F.jpg,,,,,13,3,,,
8914,5601356013918,750.0,Porta da Ravessa,Vinho regional alentejano reserva tinto,Garrafa de 0.75 l,2.99,3.99,750,L,€/L,2024-08-02T23:59:59.999999999+01:00,PROSPECTUS,https://driveimg1.intermarche.com/pt/Content/images/boitmal/produit/zoom/5A0F16E858B5305FC120D1A2BF434A2F.jpg,,,,1000 Artigos,13,3,,,
8915,5601356013925,750.0,Porta da Ravessa,Vinho doc alentejo reseva branco,Garrafa de 0.75 l,2.99,3.99,750,L,€/L,2024-08-02T23:59:59.999999999+01:00,PROSPECTUS,https://driveimg1.intermarche.com/pt/Content/images/boitmal/produit/zoom/11D5FD31BE53576219787F9D101E8F85.jpg,,,,1000 Artigos,13,3,,,
8929,5601377319082,750.0,Monsaraz,Vinho doc alentejo branco,"Garrafa de 0,75 l",3.19,4.25,750,L,€/L,2024-08-02T23:59:59.999999999+01:00,PROSPECTUS,https://driveimg1.intermarche.com/pt/Content/images/boitmal/produit/zoom/57A61372BA394565717B5AEFA7626E3C.jpg,,,,1000 Artigos,13,3,,,
8933,5601377339080,750.0,Monsaraz,Vinho Tinto DOC Alentejo,"Garrafa de 0,75 l",3.19,4.25,750,L,€/L,2024-08-02T23:59:59.999999999+01:00,PROSPECTUS,https://driveimg1.intermarche.com/pt/Content/images/boitmal/produit/zoom/91D66AE5F752617A4B7436C49147FA1C.jpg,,,,1000 Artigos,13,3,,,
8945,5601385503329,50.0,Aquafresh,Dentifríco p/ Dentes de Leite,Embalagem de 50 ml,2.24,44.8,50,L,€/L,2024-07-10T23:59:59.999999999+01:00,PROSPECTUS,https://driveimg1.intermarche.com/pt/Content/images/boitmal/produit/zoom/B0CD98112B11ABD5A72D29EB6212A2AF.jpg,,,,,13,3,,,
8947,5601385503350,,Aquafresh,Escova de Dentes de Leite,1 unidade,2.45,2.45,0,,€/Unidade,2024-07-10T23:59:59.999999999+01:00,PROSPECTUS,https://driveimg1.intermarche.com/pt/Content/images/boitmal/produit/zoom/03492E9B20DC3374A4CA85BF36584E8D.jpg,,,,,13,3,,,
9078,5601883000351,250.0,Nova Açores,Manteiga com sal,Embalagem de 250g,1.79,7.16,0,kg,€/Kg,2024-07-10T23:59:59.999999999+01:00,PROSPECTUS,https://driveimg1.intermarche.com/pt/Content/images/boitmal/produit/zoom/B374003B4D850F2B18FB43590E1FCCC4.jpg,,,,,13,3,,,
9079,5601883000719,200.0,Nova Açores,"Queijo flamengo, fatias",Embalagem de 200g,2.09,10.45,0,kg,€/Kg,2024-07-10T23:59:59.999999999+01:00,PROSPECTUS,https://driveimg1.intermarche.com/pt/Content/images/boitmal/produit/zoom/7F26FAA8053D654E46EFF18238D0A9DA.jpg,,,,,13,3,,,
9111,5601989001412,750.0,Monte Velho,Vinho regional alentejano tinto,Garrafa de 0.75 l,3.79,5.05,750,L,€/L,2024-08-02T23:59:59.999999999+01:00,PROSPECTUS,https://driveimg1.intermarche.com/pt/Content/images/boitmal/produit/zoom/71C75E8C8338510892305D4318796B26.jpg,,,,1000 Artigos,13,3,,,
9161,5602154002920,750.0,Adega de Borba,Vinho tinto alentejo,Garrafa de 0.75 l,8.99,11.99,750,L,€/L,2024-07-10T23:59:59.999999999+01:00,PROSPECTUS,https://driveimg1.intermarche.com/pt/Content/images/boitmal/produit/zoom/9D4E622CDEFB67E1BEC54DD1E1636255.jpg,,,,,13,3,,,
9164,5602154601499,750.0,Adega de Borba,Vinho doc alentejo branco,Garrafa de 0.75 l,2.89,3.85,750,L,€/L,2024-07-10T23:59:59.999999999+01:00,PROSPECTUS,https://driveimg1.intermarche.com/pt/Content/images/boitmal/produit/zoom/A3BA3E1F3DC5EDC5F70E270024BFEDDC.jpg,,,,,13,3,,,
9165,5602154602465,750.0,Adega de Borba,Vinho tinto doc premium alentejo,Garrafa de 750 ml,4.99,6.65,750,L,€/L,2024-07-10T23:59:59.999999999+01:00,PROSPECTUS,https://driveimg1.intermarche.com/pt/Content/images/boitmal/produit/zoom/A6251A82BF9E98D5A5D7515C22E87BEC.jpg,,,,,13,3,,,
9166,5602154602489,750.0,Adega de Borba,Vinho doc alentejo tinto,Garrafa de 0.75 l,2.89,3.85,750,L,€/L,2024-07-10T23:59:59.999999999+01:00,PROSPECTUS,https://driveimg1.intermarche.com/pt/Content/images/boitmal/produit/zoom/514753703531FE90FF5D906728FCBEAD.jpg,,,,,13,3,,,
9184,5602348062754,70.0,Damatta,Presunto sabor português fatiado,Embalagem de 70 g,2.29,32.71,0,kg,€/Kg,2024-07-10T23:59:59.999999999+01:00,PROSPECTUS,https://driveimg1.intermarche.com/pt/Content/images/boitmal/produit/zoom/0A14ED361A0023E1AFBFC3FC3C5833B1.jpg,,,,,13,3,,,
9238,5603016000443,750.0,Adega de Pegões,Vinho rosé península de setúbal,Garrafa de 750 ml,2.19,2.92,750,L,€/L,2024-07-10T23:59:59.999999999+01:00,PROSPECTUS,https://driveimg1.intermarche.com/pt/Content/images/boitmal/produit/zoom/67EA33F6043EE7B3EC5A6D721A58D1E2.jpg,,,,,13,3,,,
9241,5603016000788,750.0,Adega de Pegões,Vinho branco regional península de setúbal,Garrafa de 750 ml,2.19,2.92,750,L,€/L,2024-07-10T23:59:59.999999999+01:00,PROSPECTUS,https://driveimg1.intermarche.com/pt/Content/images/boitmal/produit/zoom/9228EB47277BD4705321A002DCD34986.jpg,,,,,13,3,,,
9243,5603016133455,750.0,Adega de Pegões,Vinho tinto península de setúbal,Garrafa de 750 ml,2.19,2.92,750,L,€/L,2024-07-10T23:59:59.999999999+01:00,PROSPECTUS,https://driveimg1.intermarche.com/pt/Content/images/boitmal/produit/zoom/9765C3E933914B7E947EFD31D4F27304.jpg,,,,,13,3,,,
9255,5603124024140,550.0,Mistolin,Tira gorduras recarga,Garrafa de 550 ml,2.28,4.15,550,L,€/L,2024-07-10T23:59:59.999999999+01:00,PROSPECTUS,https://driveimg1.intermarche.com/pt/Content/images/boitmal/produit/zoom/31FDA54CC7088DA8DC03FDBEA4FCDE3B.jpg,,,,,13,3,,,
9273,5603344641011,120.0,General,Potas gigantes em caldeirada,Embalagem de 120g,1.39,11.58,0,kg,€/Kg,2024-07-10T23:59:59.999999999+01:00,PROSPECTUS,https://driveimg1.intermarche.com/pt/Content/images/boitmal/produit/zoom/DA286C1CA72706769D8C72270F66CFEC.jpg,,,,,13,3,,,
9278,5603522994533,750.0,Assobio,Vinho maduro tinto doc douro,Garrafa de 0.75 l,5.99,7.99,750,L,€/L,2024-08-02T23:59:59.999999999+01:00,PROSPECTUS,https://driveimg1.intermarche.com/pt/Content/images/boitmal/produit/zoom/EFAE1C03B088D3413F74EC6C13DEDC12.jpg,,,,1000 Artigos,13,3,,,
9279,5603533652002,1000.0,Frize,Água c/ gás limão,pack 4 x 0.25 l,1.99,1.99,1000,L,€/L,2024-08-02T23:59:59.999999999+01:00,PROSPECTUS,https://driveimg1.intermarche.com/pt/Content/images/boitmal/produit/zoom/5168323A2D812BEF907FCB0E5F1CDA9E.jpg,,,,1000 Artigos,13,3,,,
9315,5603722509544,1000.0,Mimosa,Leite 0% lactose magro,Garrafa de 1 l,1.14,1.14,1000,L,€/L,2024-07-10T23:59:59.999999999+01:00,PROSPECTUS,https://driveimg1.intermarche.com/pt/Content/images/boitmal/produit/zoom/F5A14B3D114F4F7D42484C8D1602E358.jpg,https://driveimg1.intermarche.com/pt/Content/images/boitmal/produit/zoom/DC5219EC1E15E09529E323B7D196FADA.jpg,https://driveimg1.intermarche.com/pt/Content/images/boitmal/produit/zoom/DC48BFFA4281D8016E9FB40168ED4485.jpg,,,13,3,,,
9691,5604260270613,500.0,PorSi,Queijo Flamengo Fatias,Embalagem 500G,3.99,7.98,0,kg,€/Kg,2024-08-02T23:59:59.999999999+01:00,PROSPECTUS,https://driveimg1.intermarche.com/pt/Content/images/boitmal/produit/zoom/FFFF236BFADF54D62A4E0EFB7AF0E7B7.jpg,,,,1000 Artigos,13,3,,,
9727,5604260273058,200.0,PorSi,Queijo mozzarella ralado,Embalagem de 200 g,1.39,6.95,0,kg,€/Kg,2024-08-02T23:59:59.999999999+01:00,PROSPECTUS,https://driveimg1.intermarche.com/pt/Content/images/boitmal/produit/zoom/06A41E6C952C21A7856951F2F972349C.jpg,,,,1000 Artigos,13,3,,,
9762,5604260265862,1980.0,Serra de Fafe,Água mineral sem gás infantil,"Embalagem de 6x0,33 l",1.26,0.64,1980,L,€/L,2024-07-10T23:59:59.999999999+01:00,PROSPECTUS,https://driveimg1.intermarche.com/pt/Content/images/boitmal/produit/zoom/F08046F8FE4F773B19A242D6F8973B30.jpg,,,,,13,3,,,
9809,5608527000418,750.0,Dona Ermelinda,Vinho doc palmela branco,Garrafa de 750 ml,3.99,5.32,750,L,€/L,2024-07-10T23:59:59.999999999+01:00,PROSPECTUS,https://driveimg1.intermarche.com/pt/Content/images/boitmal/produit/zoom/2259C36579DB9596F3C8BA9119D1E5F8.jpg,,,,,13,3,,,
9810,5608527000449,750.0,Dona Ermelinda,"Vinho tinto, denominação de origem controlada, reserva",Garrafa de 0.75 l,7.49,9.99,750,L,€/L,2024-07-10T23:59:59.999999999+01:00,PROSPECTUS,https://driveimg1.intermarche.com/pt/Content/images/boitmal/produit/zoom/53111B5F7F79C3477145BA17168F05A0.jpg,,,,,13,3,,,
9814,5608543000119,18.0,Tetley,"Chá preto, sem cafeína, 10 saquetas",Embalagem de 20g,0.95,52.78,0,kg,€/Kg,2024-07-10T23:59:59.999999999+01:00,PROSPECTUS,https://driveimg1.intermarche.com/pt/Content/images/boitmal/produit/zoom/2852A5AE7141EA3B3E4C9845007ED5A0.jpg,,,,,13,3,,,
9859,5998749117750,60.0,Catisfactions,Snack para gato de salmão,Embalagem de 60g,1.69,28.17,0,kg,€/Kg,2024-08-02T23:59:59.999999999+01:00,PROSPECTUS,https://driveimg1.intermarche.com/pt/Content/images/boitmal/produit/zoom/ECD901B60A4EF872E45444E2143B7E09.jpg,,,,1000 Artigos,13,3,,,
9860,5998749117774,60.0,Catisfactions,Snack para gato,Embalagem de 60g,1.69,28.17,0,kg,€/Kg,2024-08-02T23:59:59.999999999+01:00,PROSPECTUS,https://driveimg1.intermarche.com/pt/Content/images/boitmal/produit/zoom/7959C16D36E6FB98E4D26D4979458461.jpg,,,,1000 Artigos,13,3,,,
9861,5998749117798,60.0,Catisfactions,Snack para gato de queijo,Embalagem de 60g,1.69,28.17,0,kg,€/Kg,2024-08-02T23:59:59.999999999+01:00,PROSPECTUS,https://driveimg1.intermarche.com/pt/Content/images/boitmal/produit/zoom/E76D54B1E9A2969AFD569194CDA45FA0.jpg,,,,1000 Artigos,13,3,,,
9913,7622300118945,30.0,Tang,"Refresco em pó, ananás",Embalagem de 30g,0.99,33.0,0,kg,€/Kg,2024-07-10T23:59:59.999999999+01:00,PROSPECTUS,https://driveimg1.intermarche.com/pt/Content/images/boitmal/produit/zoom/8FD16408E776EC436D9EFD86A0FE2770.jpg,,,,,13,3,,,
9989,8000430133035,125.0,Galbani,Queijo mozzarella fresca,Embalagem de 125 g,1.59,12.72,0,kg,€/Kg,2024-07-10T23:59:59.999999999+01:00,PROSPECTUS,https://driveimg1.intermarche.com/pt/Content/images/boitmal/produit/zoom/605C9FB94611B32191667C7EDC36EC8E.jpg,,,,,13,3,,,
10091,8410100059839,360.0,Nestlé,"Queijinho petit nesquik,  6 x 60 g",,2.79,7.75,0,kg,€/Kg,2024-07-10T23:59:59.999999999+01:00,PROSPECTUS,https://driveimg1.intermarche.com/pt/Content/images/boitmal/produit/zoom/DBBACE0B574A9C35FF94ECEF6B014E4C.jpg,,,,,13,3,,,
10094,8435257040776,640.0,Nestlé,"Iogurte líquido yoggi banana,  4 x 160 g",,1.99,3.11,0,kg,€/Kg,2024-07-10T23:59:59.999999999+01:00,PROSPECTUS,https://driveimg1.intermarche.com/pt/Content/images/boitmal/produit/zoom/7A1039A34E2D3851553F65DFE7093FB2.jpg,,,,,13,3,,,
10095,8435257040899,640.0,Nestlé,"Iogurte líquido yoggi morango,  4 x 160 g",,1.99,3.11,0,kg,€/Kg,2024-07-10T23:59:59.999999999+01:00,PROSPECTUS,https://driveimg1.intermarche.com/pt/Content/images/boitmal/produit/zoom/F1F347BA34EB28F1148C3C442A42CC17.jpg,,,,,13,3,,,
10116,8410104702601,,Finish,Limpa Máquina Loiça Regular,,3.99,3.99,0,,€/Unidade,2024-07-10T23:59:59.999999999+01:00,PROSPECTUS,https://driveimg1.intermarche.com/pt/Content/images/boitmal/produit/zoom/48C07A9F37A8CDCBE24415AE46D3B576.jpg,,,,,13,3,,,
10128,8006540836224,,Dodot,Toalhitas Pure 0% Plástico,Embalagem de 48 unidades,1.74,1.74,0,,€/Unidade,2024-08-02T23:59:59.999999999+01:00,PROSPECTUS,https://driveimg1.intermarche.com/pt/Content/images/boitmal/produit/zoom/17235F16D1C1F2E1B279ED0493A63896.jpg,,,,1000 Artigos,13,3,,,
10274,8410436242172,1100.0,Sonasol,Lava Tudo Brilhante Floral,"embalagem 1,1L",2.79,2.54,1100,L,€/L,2024-08-02T23:59:59.999999999+01:00,PROSPECTUS,https://driveimg1.intermarche.com/pt/Content/images/boitmal/produit/zoom/45AE65B29796E27661779732657737AC.jpg,,,,1000 Artigos,13,3,,,
10351,8411134103338,,Control,6 Preservativos Adapta Nature,,3.49,3.49,0,,€/Unidade,2024-07-10T23:59:59.999999999+01:00,PROSPECTUS,https://driveimg1.intermarche.com/pt/Content/images/boitmal/produit/zoom/AA1589B4885D56D6E675A34B47F3AFEE.jpg,https://driveimg1.intermarche.com/pt/Content/images/boitmal/produit/zoom/E904E0E3DEA92FC0A6E00A850118F1A2.jpg,,,,13,3,,,
10352,8411134108029,,Control,12 Preservativos Adapta Non Stop,,7.99,7.99,0,,€/Unidade,2024-07-10T23:59:59.999999999+01:00,PROSPECTUS,https://driveimg1.intermarche.com/pt/Content/images/boitmal/produit/zoom/F39405203FB8D1A525A884B6ECDF91D3.jpg,https://driveimg1.intermarche.com/pt/Content/images/boitmal/produit/zoom/23E1B8F6BE93C9600275C63272596B90.jpg,,,,13,3,,,
10353,8411134124111,,Control,10 Preservativos Easy Way Nature,,7.99,7.99,0,,€/Unidade,2024-07-10T23:59:59.999999999+01:00,PROSPECTUS,https://driveimg1.intermarche.com/pt/Content/images/boitmal/produit/zoom/1A377B891AF6FCB424149F15BFAE8D24.jpg,https://driveimg1.intermarche.com/pt/Content/images/boitmal/produit/zoom/179D8E5C984811BA893D9D5A5CEA8C81.jpg,,,,13,3,,,
10394,8411300565021,,Excellence,"Coloração permanente, preto natural, nº3",1 unidade,9.49,9.49,0,,€/Unidade,2024-07-10T23:59:59.999999999+01:00,PROSPECTUS,https://driveimg1.intermarche.com/pt/Content/images/boitmal/produit/zoom/3AE4B048E3BBB64A5FDE33709033D254.jpg,,,,,13,3,,,
10509,8435250297955,256.0,Nestlé,"Iogurte mix-in smarties baunilha,  2 x 128 g",,1.99,7.77,0,kg,€/Kg,2024-08-02T23:59:59.999999999+01:00,PROSPECTUS,https://driveimg1.intermarche.com/pt/Content/images/boitmal/produit/zoom/4FC6F733C531A7A948940F213F0E604D.jpg,,,,1000 Artigos,13,3,,,
10513,8435250439591,236.0,Nestlé,"Iogurte mix-in chocapic,  2 x 118 g",,1.99,8.43,0,kg,€/Kg,2024-08-02T23:59:59.999999999+01:00,PROSPECTUS,https://driveimg1.intermarche.com/pt/Content/images/boitmal/produit/zoom/0789BA3D2E6EA8E7B9EBDD728E77A7C3.jpg,,,,1000 Artigos,13,3,,,
10595,8712000900014,250.0,Heineken,Cerveja Mini,"Pack 6x0,25 l ",4.49,17.96,250,L,€/L,2024-07-10T23:59:59.999999999+01:00,PROSPECTUS,https://driveimg1.intermarche.com/pt/Content/images/boitmal/produit/zoom/4CD67FF57C15377D615F5BEED8C6BB98.jpg,,,,,13,3,,,
10639,8712566395514,60.0,Knorr,"Sopa gourmet, cogumelos",Embalagem de 60g,1.99,33.17,0,kg,€/Kg,2024-07-10T23:59:59.999999999+01:00,PROSPECTUS,https://driveimg1.intermarche.com/pt/Content/images/boitmal/produit/zoom/B0DE93CCE9C882CDFCAF84912313B4E5.jpg,,,,,13,3,,,
10858,3023290400111,400.0,Nestlé,Sobremesa banana/laranja/bolacha,Embalagem de 4 x 100 g,1.99,4.98,0,kg,€/Kg,2024-07-10T23:59:59.999999999+01:00,PROSPECTUS,https://driveimg1.intermarche.com/pt/Content/images/boitmal/produit/zoom/041AEAA15D5C254A10039C7CB21C8A11.jpg,,,,,13,3,,,
11116,3600521639221,,Excellence,"Coloração permanente, caramelo avelã, nº 6.41",1 unidade,9.49,9.49,0,,€/Unidade,2024-07-10T23:59:59.999999999+01:00,PROSPECTUS,https://driveimg1.intermarche.com/pt/Content/images/boitmal/produit/zoom/EDE5C11388B45D615C78C1EFF7F11BEA.jpg,,,,,13,3,,,
11245,4011100005884,400.0,M&M's,"M&ms pouch, amendoim",Embalagem de 400 g,5.99,14.98,0,kg,€/Kg,2024-07-10T23:59:59.999999999+01:00,PROSPECTUS,https://driveimg1.intermarche.com/pt/Content/images/boitmal/produit/zoom/DE869D7F093BA8800A8BC7E78EBCC4DC.jpg,,,,,13,3,,,
11445,5600318520013,1500.0,Sandevid,"Bebida açucarada  tinto de verão, clássico","Garrafa de 1,5 l",1.79,1.19,1500,L,€/L,2024-07-10T23:59:59.999999999+01:00,PROSPECTUS,https://driveimg1.intermarche.com/pt/Content/images/boitmal/produit/zoom/92A9D3AE7125620FF31ACFE4A8B47EDD.jpg,,,,,13,3,,,
11446,5600318520020,1500.0,Sandevid,"Bebida açucarada  tinto de verão, limão","Garrafa de 1,5 l",1.79,1.19,1500,L,€/L,2024-07-10T23:59:59.999999999+01:00,PROSPECTUS,https://driveimg1.intermarche.com/pt/Content/images/boitmal/produit/zoom/A5CB0DF1D89C5A97B4317620E25B71A9.jpg,,,,,13,3,,,
11503,5601050019100,600.0,Danone,"Danacol frutos exóticos,  6 x 100 g",,2.99,4.98,0,kg,€/Kg,2024-07-10T23:59:59.999999999+01:00,PROSPECTUS,https://driveimg1.intermarche.com/pt/Content/images/boitmal/produit/zoom/17F7F3CE5BC5B190BC85D20A58C39B60.jpg,,,,,13,3,,,
11522,5601050207750,1200.0,Danone,"Iogurte danacol de morango,  12 x 100 g",,5.39,4.49,0,kg,€/Kg,2024-07-10T23:59:59.999999999+01:00,PROSPECTUS,https://driveimg1.intermarche.com/pt/Content/images/boitmal/produit/zoom/19DF119EEF937F27AD1CAD10B25F439C.jpg,,,,,13,3,,,
11560,5601146111008,1980.0,Sagres,Cerveja c/ álcool radler,pack 6 x 0.33 l,4.89,2.47,1980,L,€/L,2024-07-10T23:59:59.999999999+01:00,PROSPECTUS,https://driveimg1.intermarche.com/pt/Content/images/boitmal/produit/zoom/88F160692B7EC2A421B615A3D9CD76D1.jpg,,,,,13,3,,,
11612,5601164824478,1980.0,Super Bock,"Cerveja sem álcool, preta",pack 6 x 0.33 l,4.49,2.27,1980,L,€/L,2024-07-10T23:59:59.999999999+01:00,PROSPECTUS,https://driveimg1.intermarche.com/pt/Content/images/boitmal/produit/zoom/0CFEF6C5B88735DDFF42E02E1A9B9592.jpg,,,,,13,3,,,
11613,5601164864467,1320.0,Somersby,Sidra maçã,pack 4 x 0.33 l,3.95,2.99,1320,L,€/L,2024-07-10T23:59:59.999999999+01:00,PROSPECTUS,https://driveimg1.intermarche.com/pt/Content/images/boitmal/produit/zoom/6483890D0FF6343894A37D6DC6393C66.jpg,,,,,13,3,,,
11614,5601164874206,1980.0,Super Bock,"Cerveja sem álcool, tara perdida",Pack 6 X 0.33 L,4.49,2.27,1980,L,€/L,2024-07-10T23:59:59.999999999+01:00,PROSPECTUS,https://driveimg1.intermarche.com/pt/Content/images/boitmal/produit/zoom/82CDFA291D56D541FEE3D9F75B502D50.jpg,,,,,13,3,,,
11640,5601180000993,1000.0,Vigor,Leite pasteurizado gordo,Garrafa de 1 l,0.98,0.98,1000,L,€/L,2024-08-02T23:59:59.999999999+01:00,PROSPECTUS,https://driveimg1.intermarche.com/pt/Content/images/boitmal/produit/zoom/D35A2632D9FCF31B32BD4205099C2552.jpg,,,,1000 Artigos,13,3,,,
11641,5601180001020,1000.0,Vigor,Leite pasteurizado meio gordo,Garrafa de 1 l,0.98,0.98,1000,L,€/L,2024-08-02T23:59:59.999999999+01:00,PROSPECTUS,https://driveimg1.intermarche.com/pt/Content/images/boitmal/produit/zoom/27E81D9C59177D8FE66A1E22F472A238.jpg,,,,1000 Artigos,13,3,,,
11642,5601180002003,1000.0,Vigor,Leite pasteurizado magro,Garrafa de 1 l,0.98,0.98,1000,L,€/L,2024-08-02T23:59:59.999999999+01:00,PROSPECTUS,https://driveimg1.intermarche.com/pt/Content/images/boitmal/produit/zoom/4712850F57AD5A8BB3282BD0DF37AD78.jpg,,,,1000 Artigos,13,3,,,
11656,5601195510128,1000.0,Pedras Salgadas,Água com gás limão,pack 4 x 0.25 l,2.19,2.19,1000,L,€/L,2024-07-10T23:59:59.999999999+01:00,PROSPECTUS,https://driveimg1.intermarche.com/pt/Content/images/boitmal/produit/zoom/9870F7D10B9ED7376F5917B0306BAC76.jpg,,,,,13,3,,,
11671,5601217126382,1650.0,Woolite,Detergente líquido p/ máquina lavar roupa cores,"Garrafa de 1,65 l",6.99,4.24,1650,L,€/L,2024-08-02T23:59:59.999999999+01:00,PROSPECTUS,https://driveimg1.intermarche.com/pt/Content/images/boitmal/produit/zoom/50465693868DD35972833B1D4D848AC2.jpg,,,,1000 Artigos,13,3,,,
11672,5601217126399,1650.0,Woolite,Detergente líquido p/ máquina lavar roupa cores escuras,"Garrafa de 1,65 l",6.99,4.24,1650,L,€/L,2024-08-02T23:59:59.999999999+01:00,PROSPECTUS,https://driveimg1.intermarche.com/pt/Content/images/boitmal/produit/zoom/F70AD128C36B39364F81379E51C417C0.jpg,,,,1000 Artigos,13,3,,,
11687,5601244202158,400.0,Terra Nostra,Queijo fatias -50% gordura,Embalagem de 400g,4.09,10.23,0,kg,€/Kg,2024-07-10T23:59:59.999999999+01:00,PROSPECTUS,https://driveimg1.intermarche.com/pt/Content/images/boitmal/produit/zoom/CCCF8966A6691863BD8AEE552A96BE72.jpg,,,,,13,3,,,
11744,5601385503367,,Aquafresh,Escova de Dentes Júnior,1 unidade,2.45,2.45,0,,€/Unidade,2024-07-10T23:59:59.999999999+01:00,PROSPECTUS,https://driveimg1.intermarche.com/pt/Content/images/boitmal/produit/zoom/0160271DAF706285EBC770A381C4D6B1.jpg,,,,,13,3,,,
11749,5601385504852,,Polident,"Pasta de limpeza com oxigénio activo, 48 unidades",Uma embalagem,4.39,4.39,0,,€/Unidade,2024-08-02T23:59:59.999999999+01:00,PROSPECTUS,https://driveimg1.intermarche.com/pt/Content/images/boitmal/produit/zoom/AC483E1AD960CCBCC920CFB27F488BEA.jpg,,,,1000 Artigos,13,3,,,
11811,5601954000709,750.0,Miranda,Vinho verde branco,"Garrafa de 0,75 l",2.39,3.19,750,L,€/L,2024-08-02T23:59:59.999999999+01:00,PROSPECTUS,https://driveimg1.intermarche.com/pt/Content/images/boitmal/produit/zoom/FB65A678A00D2C85CD9AA69983F93D9F.jpg,,,,1000 Artigos,13,3,,,
11883,5602445000543,750.0,Encosta das Perdizes,Vinho regional alentejano reserva tinto,Garrafa de 0.75 l,3.29,4.39,750,L,€/L,2024-08-02T23:59:59.999999999+01:00,PROSPECTUS,https://driveimg1.intermarche.com/pt/Content/images/boitmal/produit/zoom/97CDEC766F9D980921096CEB55AB1DA5.jpg,,,,1000 Artigos,13,3,,,
11935,5603124023273,550.0,Mistolin,Tira gorduras pistola,Garrafa de 550 ml,2.29,4.16,550,L,€/L,2024-07-10T23:59:59.999999999+01:00,PROSPECTUS,https://driveimg1.intermarche.com/pt/Content/images/boitmal/produit/zoom/28669AD1C6D39A84EAC8A5B22B9F840C.jpg,,,,,13,3,,,
11940,5603488000033,750.0,Santar,Vinho doc dão tinto,Garrafa de 0.75 l,5.99,7.99,750,L,€/L,2024-07-10T23:59:59.999999999+01:00,PROSPECTUS,https://driveimg1.intermarche.com/pt/Content/images/boitmal/produit/zoom/419CDD9D3A2CFACABFCD558342C2A64E.jpg,https://driveimg1.intermarche.com/pt/Content/images/boitmal/produit/zoom/7A563D647C4A54F5ADF522EE09342D9C.jpg,https://driveimg1.intermarche.com/pt/Content/images/boitmal/produit/zoom/7A563D647C4A54F5ADF522EE09342D9C.jpg,,,13,3,,,
11942,5603533492202,1000.0,Frize,Água c/ gás groselha,pack 4 x 0.25 l,1.99,1.99,1000,L,€/L,2024-08-02T23:59:59.999999999+01:00,PROSPECTUS,https://driveimg1.intermarche.com/pt/Content/images/boitmal/produit/zoom/1BCB2445A8F41EC02B613ABED34EE191.jpg,,,,1000 Artigos,13,3,,,
11961,5603722505607,1000.0,Mimosa,Leite s/ lactose meio gordo,Garrafa de 1 l,1.14,1.14,1000,L,€/L,2024-07-10T23:59:59.999999999+01:00,PROSPECTUS,https://driveimg1.intermarche.com/pt/Content/images/boitmal/produit/zoom/B50AD06E1D69691E134268704FD849E5.jpg,https://driveimg1.intermarche.com/pt/Content/images/boitmal/produit/zoom/4E57BFE09E8D859BDBE1705476BB9F1B.jpg,https://driveimg1.intermarche.com/pt/Content/images/boitmal/produit/zoom/E1F70144AAFCC0EAEBFF05614177D009.jpg,,,13,3,,,
11990,5604067039000,750.0,Quintas de Melgaço,Vinho verde branco alvarinho,Garrafa de 0.75 l,8.89,11.85,750,L,€/L,2024-07-10T23:59:59.999999999+01:00,PROSPECTUS,https://driveimg1.intermarche.com/pt/Content/images/boitmal/produit/zoom/9EB8EF785C8704DC6218759EEDC6B93C.jpg,,,,,13,3,,,
12097,5604868001091,1980.0,Serra de Fafe,Água mineral sem gás,"Embalagem de 6x0,33 l",0.99,0.5,1980,L,€/L,2024-07-10T23:59:59.999999999+01:00,PROSPECTUS,https://driveimg1.intermarche.com/pt/Content/images/boitmal/produit/zoom/C03BC8FBA59E4596B8A5BE3C16BF5C77.jpg,,,,,13,3,,,
12168,5604575110024,750.0,Cabriz,Vinho tinto doc dão,Garrafa de 0.75 l,3.99,5.32,750,L,€/L,2024-08-02T23:59:59.999999999+01:00,PROSPECTUS,https://driveimg1.intermarche.com/pt/Content/images/boitmal/produit/zoom/A3374E31A2BF8230054ADB4C2C4F8376.jpg,https://driveimg1.intermarche.com/pt/Content/images/boitmal/produit/zoom/B79B99AC1459B8F6165E16A7A5B65E9E.jpg,https://driveimg1.intermarche.com/pt/Content/images/boitmal/produit/zoom/B79B99AC1459B8F6165E16A7A5B65E9E.jpg,,1000 Artigos,13,3,,,
12213,5608527000593,750.0,Dom Campos,Vinho Tinto Regional Península de Setúbal,Garrafa de 0.75 l,2.99,3.99,750,L,€/L,2024-08-02T23:59:59.999999999+01:00,PROSPECTUS,https://driveimg1.intermarche.com/pt/Content/images/boitmal/produit/zoom/1A255C817780D1D2A5433549CCF19D64.jpg,,,,1000 Artigos,13,3,,,
12230,7613034192264,250.0,Cerelac,Papa infantil para preparar com leite +6 meses,Embalagem de 250g,1.84,7.36,0,kg,€/Kg,2024-07-10T23:59:59.999999999+01:00,PROSPECTUS,https://driveimg1.intermarche.com/pt/Content/images/boitmal/produit/zoom/9FAA017CC3BC08A98F0EF54D61B67C5D.jpg,,,,,13,3,,,
12237,7613034725936,390.0,Nesquik,Achocolatado em pó extra chocolate,Embalagem de 390g,4.39,11.26,0,kg,€/Kg,2024-07-10T23:59:59.999999999+01:00,PROSPECTUS,https://driveimg1.intermarche.com/pt/Content/images/boitmal/produit/zoom/BB833C246FA0F7BBDDFD7107AA28A5C9.jpg,,,,,13,3,,,
12253,7622210293602,170.0,Triunfo,Bolachas de manteiga,Embalagem de 170g,1.49,8.76,0,kg,€/Kg,2024-07-10T23:59:59.999999999+01:00,PROSPECTUS,https://driveimg1.intermarche.com/pt/Content/images/boitmal/produit/zoom/5388E83127296877F23028D98C2523F1.jpg,,,,,13,3,,,
12325,8410000827446,440.0,Oreo,Bolachas oreo,Embalagem de 440g,2.99,6.8,0,kg,€/Kg,2024-07-10T23:59:59.999999999+01:00,PROSPECTUS,https://driveimg1.intermarche.com/pt/Content/images/boitmal/produit/zoom/7FB878BD0E0E056A811C587B8C6317B3.jpg,,,,,13,3,,,
12348,8435257040745,640.0,Nestlé,"Iogurte líquido yoggi frutos tropicais,  4 x 160 g",,1.99,3.11,0,kg,€/Kg,2024-07-10T23:59:59.999999999+01:00,PROSPECTUS,https://driveimg1.intermarche.com/pt/Content/images/boitmal/produit/zoom/F06F94EC2019E76EF04B92D91F880D65.jpg,,,,,13,3,,,
12391,8410436183338,75.0,Gliss,Elixir oil,Embalagem de 75 ml,5.99,79.87,75,L,€/L,2024-07-10T23:59:59.999999999+01:00,PROSPECTUS,https://driveimg1.intermarche.com/pt/Content/images/boitmal/produit/zoom/099A071CBB18C995CB02ADE470EFFCD5.jpg,,,,,13,3,,,
12426,8411134112804,,Control,12 Preservativos Adapta Finíssimo,,6.99,6.99,0,,€/Unidade,2024-07-10T23:59:59.999999999+01:00,PROSPECTUS,https://driveimg1.intermarche.com/pt/Content/images/boitmal/produit/zoom/B91BAE1077CB2520CD7FFEBB885B9986.jpg,https://driveimg1.intermarche.com/pt/Content/images/boitmal/produit/zoom/0249329A134B1716C9019348A212960F.jpg,,,,13,3,,,
12468,8435250439584,256.0,Nestlé,"Iogurte mix-in smarties morango,  2 x 128 g",,1.99,7.77,0,kg,€/Kg,2024-08-02T23:59:59.999999999+01:00,PROSPECTUS,https://driveimg1.intermarche.com/pt/Content/images/boitmal/produit/zoom/A56FAF9000F1827F93D14D3DAF96AF68.jpg,,,,1000 Artigos,13,3,,,
12471,8435257040868,640.0,Nestlé,"Iogurte líquido yoggi morango/banana,  4 x 160 g",,1.99,3.11,0,kg,€/Kg,2024-07-10T23:59:59.999999999+01:00,PROSPECTUS,https://driveimg1.intermarche.com/pt/Content/images/boitmal/produit/zoom/93A52C02113750956F92B7DD59810765.jpg,,,,,13,3,,,
12472,8435257040837,640.0,Nestlé,"Iogurte líquido yoggi limonada,  4 x 160 g",,1.99,3.11,0,kg,€/Kg,2024-07-10T23:59:59.999999999+01:00,PROSPECTUS,https://driveimg1.intermarche.com/pt/Content/images/boitmal/produit/zoom/586B0CAE1B2B9AD94476E81C9AFC81A0.jpg,,,,,13,3,,,
12473,8435257040806,640.0,Nestlé,"Iogurte líquido yoggi frutos silvestres,  4 x 160 g",,1.99,3.11,0,kg,€/Kg,2024-07-10T23:59:59.999999999+01:00,PROSPECTUS,https://driveimg1.intermarche.com/pt/Content/images/boitmal/produit/zoom/F132B5D16757645AB9845EFAD7CA5753.jpg,,,,,13,3,,,
12519,8712100417054,416.0,Hellmann's,"Maionese, frasco",Embalagem de 420g,3.09,7.43,0,kg,€/Kg,2024-07-10T23:59:59.999999999+01:00,PROSPECTUS,https://driveimg1.intermarche.com/pt/Content/images/boitmal/produit/zoom/252D905CA391CC38A3FB504ED230564C.jpg,https://driveimg1.intermarche.com/pt/Content/images/boitmal/produit/zoom/6731B805B2B4B445CCCFD0D614219E37.jpg,https://driveimg1.intermarche.com/pt/Content/images/boitmal/produit/zoom/6731B805B2B4B445CCCFD0D614219E37.jpg,,,13,3,,,
12521,8712100417474,460.0,Hellmann's,Maionese magra em frasco,Embalagem de 460g,3.14,6.83,0,kg,€/Kg,2024-07-10T23:59:59.999999999+01:00,PROSPECTUS,https://driveimg1.intermarche.com/pt/Content/images/boitmal/produit/zoom/A7BCD2CD890AA2348D9DB42E7F0D2DB6.jpg,https://driveimg1.intermarche.com/pt/Content/images/boitmal/produit/zoom/5EE500879C9469898FD1466D95386BB7.jpg,https://driveimg1.intermarche.com/pt/Content/images/boitmal/produit/zoom/5EE500879C9469898FD1466D95386BB7.jpg,,,13,3,,,
12718,5604260297023,230.0,PorSi,Massa Folhada Margarina,Embalagem de 230 g,0.89,3.87,0,kg,€/Kg,2024-07-10T23:59:59.999999999+01:00,PROSPECTUS,https://driveimg1.intermarche.com/pt/Content/images/boitmal/produit/zoom/6C1FA409E5C8134DE9FAB02BCA4DC1FA.jpg,,,,,13,3,,,
12723,5604260297030,230.0,PorSi,Massa Quebrada Margarina,Embalagem de 230 g,0.89,3.87,0,kg,€/Kg,2024-07-10T23:59:59.999999999+01:00,PROSPECTUS,https://driveimg1.intermarche.com/pt/Content/images/boitmal/produit/zoom/59441B0A1A3AA87C68C2FF2729BD7609.jpg,,,,,13,3,,,
12752,3574660097009,,Carefree,Pensos diários flexiform,Embalagem de 30 unidades,1.94,1.94,0,,€/Unidade,2024-07-10T23:59:59.999999999+01:00,PROSPECTUS,https://driveimg1.intermarche.com/pt/Content/images/boitmal/produit/zoom/AB9D1A8E115573D5130D10FC8CB3505C.jpg,,,,1000 Artigos,13,3,,,
12765,3574660571783,500.0,Listerine,Elixir bocal para crianças,Embalagem de 500 ml,4.19,8.38,500,L,€/L,2024-08-02T23:59:59.999999999+01:00,PROSPECTUS,https://driveimg1.intermarche.com/pt/Content/images/boitmal/produit/zoom/9879612C2408C6F73A34652EDBBF2A01.jpg,,,,1000 Artigos,13,3,,,
12819,3600522023883,400.0,Elvive,Champô total repair,Embalagem de 400 ml,3.99,9.98,400,L,€/L,2024-07-10T23:59:59.999999999+01:00,PROSPECTUS,https://driveimg1.intermarche.com/pt/Content/images/boitmal/produit/zoom/EA7D6E07CD09475944FC0B7344377C93.jpg,,,,,13,3,,,
12825,3600522282006,400.0,Elvive,Champô Arginina,Embalagem de 400 ml,3.99,9.98,400,L,€/L,2024-07-10T23:59:59.999999999+01:00,PROSPECTUS,https://driveimg1.intermarche.com/pt/Content/images/boitmal/produit/zoom/832D274A47C2AA7B477B5C7301E042D6.jpg,,,,,13,3,,,
12832,3600522417101,50.0,L'oreal,"Creme anti-rugas revitalizante fps30, dia",Embalagem de 50 ml,11.89,237.8,50,L,€/L,2024-07-10T23:59:59.999999999+01:00,PROSPECTUS,https://driveimg1.intermarche.com/pt/Content/images/boitmal/produit/zoom/1F3D6DD8A0442A44ED3F56B9CB098A50.jpg,,,,,13,3,,,
12884,2892009000000,200.0,Fruta,Limão,1 un = 200 gr (aprox.),0.2,0.99,0,,€/Kg,2024-07-10T23:59:59.999999999+01:00,PROSPECTUS,https://driveimg1.intermarche.com/pt/Content/images/boitmal/produit/zoom/2F7773525E5DEBAE013C06CBE4768FAC.jpg,,,,,13,4,,,
12928,2892050000000,2000.0,Fruta,Abacaxi,1 un = 2kg ( aprox.),2.18,1.09,0,,€/Kg,2024-07-10T23:59:59.999999999+01:00,PROSPECTUS,https://driveimg1.intermarche.com/pt/Content/images/boitmal/produit/zoom/993B44B8E23C8F727CA72FBC30DDEA70.jpg,,,,,13,4,,,
12940,2892083000000,200.0,Fruta,Lima,1 un = 200 gr (aprox.),0.7,3.49,0,,€/Kg,2024-07-10T23:59:59.999999999+01:00,PROSPECTUS,https://driveimg1.intermarche.com/pt/Content/images/boitmal/produit/zoom/20A6BBEF6B12F4FB4181A414DFA3AAB3.jpg,,,,,13,4,,,
12943,2892087000000,1500.0,Fruta,Mamão,"1 un = 1,5 kg (aprox.)",5.84,3.89,0,,€/Kg,2024-07-10T23:59:59.999999999+01:00,PROSPECTUS,https://driveimg1.intermarche.com/pt/Content/images/boitmal/produit/zoom/7BEA239E9FBE1F40B72B7D640F731AC1.jpg,,,,,13,4,,,
12945,2892154000000,250.0,Fruta,Ameixa Amarela,1 un = 250 gr  (aprox.),0.62,2.49,0,,€/Kg,2024-07-10T23:59:59.999999999+01:00,PROSPECTUS,https://driveimg1.intermarche.com/pt/Content/images/boitmal/produit/zoom/2090DD1A82171FDD907927AD0AF26B38.jpg,,,,,13,4,,,
12946,2892155000000,250.0,Fruta,Ameixa Vermelha,1 un = 250 gr  (aprox.),0.55,2.19,0,,€/Kg,2024-07-10T23:59:59.999999999+01:00,PROSPECTUS,https://driveimg1.intermarche.com/pt/Content/images/boitmal/produit/zoom/1F3553DA3EF8F6B165B1563A2EC408C3.jpg,,,,,13,4,,,
12972,2892040000000,1000.0,Fruta,Banana,1 un = 200 gr (aprox.),1.09,1.09,0,,€/Kg,2024-07-10T23:59:59.999999999+01:00,PROSPECTUS,https://driveimg1.intermarche.com/pt/Content/images/boitmal/produit/zoom/C368220872795E9863F1F37C2230CCEA.jpg,,,,,13,4,,,
12978,2892462000000,400.0,Legumes,Alface Frisada,1 un= 400 g (aprox.),0.48,1.19,0,,€/Kg,2024-07-10T23:59:59.999999999+01:00,PROSPECTUS,https://driveimg1.intermarche.com/pt/Content/images/boitmal/produit/zoom/14C8DBD7827DB992F77D5C5056950123.jpg,,,,,13,4,,,
12990,2892510000000,250.0,Legumes,Beterraba sem Rama,1 un=250 gr (aprox.),0.32,1.29,0,,€/Kg,2024-07-10T23:59:59.999999999+01:00,PROSPECTUS,https://driveimg1.intermarche.com/pt/Content/images/boitmal/produit/zoom/FE38D0A0EDE44D01AA1FA1361EAB5312.jpg,,,,,13,4,,,
12994,2892524000000,100.0,Legumes,Cenoura Granel,1 un = 100 gr (aprox.),0.09,0.89,0,,€/Kg,2024-07-10T23:59:59.999999999+01:00,PROSPECTUS,https://driveimg1.intermarche.com/pt/Content/images/boitmal/produit/zoom/6427FE21A79FA79A1E8CC03E5F3B3703.jpg,,,,,13,4,,,
13000,2892533000000,1000.0,Legumes,Couve branca,1 un= 1 kg aprox,0.99,0.99,0,,€/Kg,2024-07-10T23:59:59.999999999+01:00,PROSPECTUS,https://driveimg1.intermarche.com/pt/Content/images/boitmal/produit/zoom/4A118CCD7A01ABE88026942CC385EB6B.jpg,,,,,13,4,,,
13048,2893561000000,250.0,Marisco,Ameijoa Branca Vietnamita Congelada,Vendido a partir de 250 gr  (aprox.),0.5,1.99,0,,€/Kg,2024-07-10T23:59:59.999999999+01:00,PROSPECTUS,https://driveimg1.intermarche.com/pt/Content/images/boitmal/produit/zoom/87AAE93BFC6F911123DE0600840801E2.jpg,,,,Avantages !,13,4,,,
13094,2893070000000,150.0,Peixaria,Carapau Médio Fresco,1 un = 150 gr (aprox.),0.45,2.99,0,,€/Kg,2024-07-10T23:59:59.999999999+01:00,PROSPECTUS,https://driveimg1.intermarche.com/pt/Content/images/boitmal/produit/zoom/5561FF39144D34B65C5FB553D6B1F100.jpg,,,,,13,4,,,
13095,2893071000000,100.0,Peixaria,Carapau Pequeno,1 un = 100 g (aprox.),0.3,2.99,0,,€/Kg,2024-07-10T23:59:59.999999999+01:00,PROSPECTUS,https://driveimg1.intermarche.com/pt/Content/images/boitmal/produit/zoom/A6FA4A5C89011F3F27A60AD959FD9913.jpg,,,,,13,4,,,
13158,2893143000000,100.0,Peixaria,Lula Descongelada,1 un= 100 gr (aprox.),1.0,9.99,0,,€/Kg,2024-07-10T23:59:59.999999999+01:00,PROSPECTUS,https://driveimg1.intermarche.com/pt/Content/images/boitmal/produit/zoom/ED50EDDD473B6F16081950AF9B5B4382.jpg,,,,,13,4,,,
13175,2893160000000,300.0,Marisco,Mexilhão Médio Fresco,Vendido ao peso,0.69,2.29,0,,€/Kg,2024-07-10T23:59:59.999999999+01:00,PROSPECTUS,https://driveimg1.intermarche.com/pt/Content/images/boitmal/produit/zoom/1B99F057F8C4C1BA9A19D558FEEB76B4.jpg,,,,,13,4,,,
13242,2893227000000,200.0,Peixaria,Robalo de Viveiro,de 200 a 600 g (aprox.),1.16,5.79,0,,€/Kg,2024-07-10T23:59:59.999999999+01:00,PROSPECTUS,https://driveimg1.intermarche.com/pt/Content/images/boitmal/produit/zoom/48561D1FC8B0542874DDBC21F2E9ADCA.jpg,,,,,13,4,,,
13566,2893560000000,250.0,Congelado de Aquicultura,Camarão Congelado 20/30,1 un = 250 gr  (aprox.),2.25,8.99,0,,€/Kg,2024-07-10T23:59:59.999999999+01:00,PROSPECTUS,https://driveimg1.intermarche.com/pt/Content/images/boitmal/produit/zoom/863DB9F10BE616A55736AB7A17BC6BB5.jpg,,,,Avantages !,13,4,,,
13577,2893572000000,200.0,Peixaria,Pota Inteira Congelada,1 un= 200 gr (aprox.),1.18,5.89,0,,€/Kg,2024-07-10T23:59:59.999999999+01:00,PROSPECTUS,https://driveimg1.intermarche.com/pt/Content/images/boitmal/produit/zoom/B2D6321EA80C5271A6C9DE3162C36D95.jpg,,,,Avantages !,13,4,,,
13582,2893577000000,800.0,Peixaria,Solha Congelada (200/400),Pescado no mar,3.99,4.99,0,,€/Kg,2024-07-10T23:59:59.999999999+01:00,PROSPECTUS,https://driveimg1.intermarche.com/pt/Content/images/boitmal/produit/zoom/09CD29C77ECA15BC59D0A288B72C20B4.jpg,,,,Avantages !,13,4,,,
13585,2893580000000,250.0,Marisco,Gambão Congelado 20/30,Vendido a partir de 250 (aprox.),2.2,8.79,0,,€/Kg,2024-07-10T23:59:59.999999999+01:00,PROSPECTUS,https://driveimg1.intermarche.com/pt/Content/images/boitmal/produit/zoom/FBF44724042B73F1218C70BB4977864A.jpg,,,,Avantages !,13,4,,,
13595,2893590000000,300.0,Peixaria,Pescada Pequena da Argentina Congelada,1 un= 1kg (aprox.),1.05,3.49,0,,€/Kg,2024-07-10T23:59:59.999999999+01:00,PROSPECTUS,https://driveimg1.intermarche.com/pt/Content/images/boitmal/produit/zoom/55D0840C54B4509E0B02B8F93D8A0E14.jpg,,,,Avantages !,13,4,,,
13625,2893620000000,300.0,Peixaria,Salmão de viveiro à posta,1 un. = 300 g (aprox.),3.9,12.99,0,,€/Kg,2024-07-10T23:59:59.999999999+01:00,PROSPECTUS,https://driveimg1.intermarche.com/pt/Content/images/boitmal/produit/zoom/29B9DB2E73FB6AE756265DB326B65712.jpg,,,,,13,4,,,
13842,2891009000000,800.0,Novilho,Bife da Vazia,Vendido ao peso a partir de 800 g,10.39,12.99,0,,€/Kg,2024-07-10T23:59:59.999999999+01:00,PROSPECTUS,https://driveimg1.intermarche.com/pt/Content/images/boitmal/produit/zoom/01A34A12BFFC51D86F44E2793C3596E7.jpg,,,,,13,4,,,
13856,2891025000000,1250.0,Bovino,Picanha,1 un = 1.250 kg (aprox.),21.86,17.49,0,,€/Kg,2024-07-10T23:59:59.999999999+01:00,PROSPECTUS,https://driveimg1.intermarche.com/pt/Content/images/boitmal/produit/zoom/759532435621A3D4B458F022D645930E.jpg,,,,,13,4,,,
13865,2891042000000,1000.0,Porco,Costeletas do Cachaço,Vendido ao peso a partir de 1 kg,4.98,4.98,0,,€/Kg,2024-07-10T23:59:59.999999999+01:00,PROSPECTUS,https://driveimg1.intermarche.com/pt/Content/images/boitmal/produit/zoom/9CC30521C194F3CF0E71F32C6E004880.jpg,,,,,13,4,,,
13866,2891048000000,1000.0,Porco,Bifanas,Vendido ao peso a partir de 1 kg,3.99,3.99,0,,€/Kg,2024-07-10T23:59:59.999999999+01:00,PROSPECTUS,https://driveimg1.intermarche.com/pt/Content/images/boitmal/produit/zoom/C9E276B082B119EFEDC2A2B0E1BC737E.jpg,,,,,13,4,,,
13881,2891051000000,500.0,Porco,Lombinhos,1 un=500 gr aprox.,3.49,6.98,0,,€/Kg,2024-07-10T23:59:59.999999999+01:00,PROSPECTUS,https://driveimg1.intermarche.com/pt/Content/images/boitmal/produit/zoom/72A8F969F14B8E66787332FACB9A8F30.jpg,,,,,13,4,,,
13884,2891106000000,2000.0,PorSi Select,Frango do Campo Inteiro c/ Miúdos Programa Origens,Vendido ao peso,6.9,3.45,0,,€/Kg,2024-07-10T23:59:59.999999999+01:00,PROSPECTUS,https://driveimg1.intermarche.com/pt/Content/images/boitmal/produit/zoom/6B6825838652E244237081C091CB1D51.jpg,,,,,13,4,,,
13892,2891041000000,1000.0,Porco,Costeletas do Lombo,Vendido ao peso a partir de 1 kg,3.89,3.89,0,,€/Kg,2024-07-10T23:59:59.999999999+01:00,PROSPECTUS,https://driveimg1.intermarche.com/pt/Content/images/boitmal/produit/zoom/0CEDBCB04142A68CDED3690FB39820D0.jpg,,,,,13,4,,,
13893,2891043000000,1000.0,Porco,Entrecosto,Vendido ao peso a partir de 1 kg,5.98,5.98,0,,€/Kg,2024-07-10T23:59:59.999999999+01:00,PROSPECTUS,https://driveimg1.intermarche.com/pt/Content/images/boitmal/produit/zoom/AA05EE99D302D59771FCC108473E0700.jpg,,,,,13,4,,,
13894,2891044000000,1000.0,Porco,Entremeada sem Entrecosto,Vendido ao peso a partir de 1 kg,4.88,4.88,0,,€/Kg,2024-07-10T23:59:59.999999999+01:00,PROSPECTUS,https://driveimg1.intermarche.com/pt/Content/images/boitmal/produit/zoom/C03EF63C56AFB4E4EA78E134436BF30C.jpg,,,,,13,4,,,
13895,2891047000000,150.0,Porco,Espetadas,1 un = 150 gr (aprox.),0.97,6.49,0,,€/Kg,2024-07-10T23:59:59.999999999+01:00,PROSPECTUS,https://driveimg1.intermarche.com/pt/Content/images/boitmal/produit/zoom/401EE6D6FA8B752FC8E1714FD69830E3.jpg,,,,,13,4,,,
13897,2891053000000,1000.0,Porco,Lombo sem Osso,Vendido ao peso a partir de 1 kg,5.28,5.28,0,,€/Kg,2024-07-10T23:59:59.999999999+01:00,PROSPECTUS,https://driveimg1.intermarche.com/pt/Content/images/boitmal/produit/zoom/415564DA70574ED3C1D7475F1F28BDB6.jpg,,,,,13,4,,,
13915,2891249000000,2000.0,Peru,Perna com Osso,Vendido ao peso,6.58,3.29,0,,€/Kg,2024-07-10T23:59:59.999999999+01:00,PROSPECTUS,https://driveimg1.intermarche.com/pt/Content/images/boitmal/produit/zoom/1D88BA2E1544364C5EB66CF19AD6E70E.jpg,,,,,13,4,,,
13947,2891125000000,150.0,Peru,Espetadas de Peru,1 un = 150 gr (aprox.),0.97,6.49,0,,€/Kg,2024-07-10T23:59:59.999999999+01:00,PROSPECTUS,https://driveimg1.intermarche.com/pt/Content/images/boitmal/produit/zoom/F64981E370592175339C16298CEA7C3B.jpg,,,,,13,4,,,
13950,2891145000000,100.0,Porco,Salsicha Fresca,1 un = 100 gr (aprox.),0.5,4.99,0,,€/Kg,2024-07-10T23:59:59.999999999+01:00,PROSPECTUS,https://driveimg1.intermarche.com/pt/Content/images/boitmal/produit/zoom/2E1CED7EDF010F56C2BF0E6CDF74D52B.jpg,,,,,13,4,,,
13956,2891205000000,50.0,Porco,Salsicha Brasileira,1 un = 50 gr (aprox.),0.25,4.99,0,,€/Kg,2024-07-10T23:59:59.999999999+01:00,PROSPECTUS,https://driveimg1.intermarche.com/pt/Content/images/boitmal/produit/zoom/14EAE52DCA3FF1BF75259E62B26E7BDF.jpg,,,,,13,4,,,
14000,2696303000000,,Pastelaria,Bolo de Arroz 70 g,,0.69,0.69,0,,€/Unidade,2024-07-10T23:59:59.999999999+01:00,PROSPECTUS,https://driveimg1.intermarche.com/pt/Content/images/boitmal/produit/zoom/1820F6FA8B5208330B464578E6A91559.jpg,,,,,13,4,,,
14001,2696304000000,,PorSi,Queque,1 unidade = 55 g,0.69,0.69,0,,€/Unidade,2024-07-10T23:59:59.999999999+01:00,PROSPECTUS,https://driveimg1.intermarche.com/pt/Content/images/boitmal/produit/zoom/B1529CA218E97B9C750DB3A885BCE211.jpg,,,,,13,4,,,
14165,5099873090473,700.0,Jack Daniel's,Whiskey bourbon,Garrafa de 700 ml,21.99,31.41,700,L,€/L,2024-07-10T23:59:59.999999999+01:00,PROSPECTUS,https://driveimg1.intermarche.com/pt/Content/images/boitmal/produit/zoom/1C68A9CA0085F370C66B536F41B373C8.jpg,,,,,13,4,,,
14250,5601036205596,,Excellence,Colaração Permanete Castanho Claro Dourado 5.3,1 unidade,9.49,9.49,0,,€/Unidade,2024-07-10T23:59:59.999999999+01:00,PROSPECTUS,https://driveimg1.intermarche.com/pt/Content/images/boitmal/produit/zoom/E776E03B14AA4B542BF2A9571B5B02F4.jpg,,,,,13,4,,,
14315,8712566108626,530.0,Olá,Callippo super mix,Embalagem de 5 x 105 ml,3.24,6.11,530,L,€/L,2024-08-02T23:59:59.999999999+01:00,PROSPECTUS,https://driveimg1.intermarche.com/pt/Content/images/boitmal/produit/zoom/12865216D8B90573A8FC573A8AC09487.jpg,,,,1000 Artigos,13,4,,,
14386,5601383025342,235.0,Izidoro,"Salsichas hot dog, frasco",Embalagem de 240g,2.65,11.28,0,kg,€/Kg,2024-07-10T23:59:59.999999999+01:00,PROSPECTUS,https://driveimg1.intermarche.com/pt/Content/images/boitmal/produit/zoom/94DAD04980BE384F62A189F01B200F20.jpg,,,,,13,4,,,
14437,5411188110835,1000.0,Alpro,Bebida Vegetal Amêndoa,Embalagem de 1 litro,1.99,1.99,1000,L,€/L,2024-07-10T23:59:59.999999999+01:00,PROSPECTUS,https://driveimg1.intermarche.com/pt/Content/images/boitmal/produit/zoom/6B753F65EC27A078C0F05C1BE13557F2.jpg,,,,,13,4,,,
14508,5411188115496,1000.0,Alpro,Bebida de Soja Sem Açúcar,Embalagem de 1L,1.99,1.99,1000,L,€/L,2024-07-10T23:59:59.999999999+01:00,PROSPECTUS,https://driveimg1.intermarche.com/pt/Content/images/boitmal/produit/zoom/59C7541613D2AEC2ECBE5B108019BE70.jpg,,,,,13,4,,,
14509,5411188115533,1000.0,Alpro,Bebida de soja baunilha,Embalagem de 1L,1.99,1.99,1000,L,€/L,2024-07-10T23:59:59.999999999+01:00,PROSPECTUS,https://driveimg1.intermarche.com/pt/Content/images/boitmal/produit/zoom/CC3EB204FB7E42571369231C3EB15D86.jpg,,,,,13,4,,,
14510,5411188116592,1000.0,Alpro,Bebida Vegetal Coco,Embalagem de 1L,1.99,1.99,1000,L,€/L,2024-07-10T23:59:59.999999999+01:00,PROSPECTUS,https://driveimg1.intermarche.com/pt/Content/images/boitmal/produit/zoom/1987CA16F4DDFE322033D82C2A376E65.jpg,,,,,13,4,,,
14629,7613034750433,220.0,Buondi,Café moagem normal: original,Embalagem de 220g,3.49,15.86,0,kg,€/Kg,2024-07-10T23:59:59.999999999+01:00,PROSPECTUS,https://driveimg1.intermarche.com/pt/Content/images/boitmal/produit/zoom/BA101DA897E67F31EBB715E69813F473.jpg,,,,,13,4,,,
14865,2696212000000,,Pastelaria,Folhado Misto 90 g,,0.69,0.69,0,,€/Unidade,2024-07-10T23:59:59.999999999+01:00,PROSPECTUS,https://driveimg1.intermarche.com/pt/Content/images/boitmal/produit/zoom/9A6753DB758F20AE554301F0A4A50040.jpg,,,,,13,4,,,
14897,2892245000000,4000.0,Fruta,Melancia Riscada,Vendido ao peso | 1 un = 4kg (aprox.),3.56,0.89,0,,€/Kg,2024-07-10T23:59:59.999999999+01:00,PROSPECTUS,https://driveimg1.intermarche.com/pt/Content/images/boitmal/produit/zoom/AA3D63A30F9BA2DBBD75810E5FD774FC.jpg,,,,,13,4,,,
14906,2893338000000,2500.0,Peixaria,Raia Média,1un= 2.5 kg (aprox.),12.48,4.99,0,,€/Kg,2024-07-10T23:59:59.999999999+01:00,PROSPECTUS,https://driveimg1.intermarche.com/pt/Content/images/boitmal/produit/zoom/F793DB00DDC6B724D88FB735A347087D.jpg,,,,,13,4,,,
14941,2893850000000,3000.0,Peixaria,Safio Médio,1 un= 3kg (aprox.),14.97,4.99,0,,€/Kg,2024-07-10T23:59:59.999999999+01:00,PROSPECTUS,https://driveimg1.intermarche.com/pt/Content/images/boitmal/produit/zoom/EB3D3584366D22239A20ACE785E0080C.jpg,,,,,13,4,,,
14971,3083681022803,400.0,Bonduelle,"Brocolos natur pré-preparados, congelados",Embalagem de 400g,1.69,4.23,0,kg,€/Kg,2024-07-10T23:59:59.999999999+01:00,PROSPECTUS,https://driveimg1.intermarche.com/pt/Content/images/boitmal/produit/zoom/A7ECF23AAE6D0B80CB5CD4B9FB0B6C43.jpg,,,,Tipo de stockagem,13,4,,,
15013,2892586000000,1000.0,Programa Origens,Couve Roxa,1 un = 1 kg (aprox.),0.99,0.99,0,,€/Kg,2024-07-10T23:59:59.999999999+01:00,PROSPECTUS,https://driveimg1.intermarche.com/pt/Content/images/boitmal/produit/zoom/C15FB4AA650D08814701170E90E9EDB6.jpg,,,,,13,4,,,
