identifier,produitEan13,capacite,marque,libelle,conditionnement,prix,unitPrice,volume,typeProduit_uniteByCode,unit_value,pictogrammes_0,pictogrammes_libelleCategorie,images_0,images_1,images_2,images_3,images_4,images_5,images_6,images_7,avantages_dateFin,avantages_categorie,nro_paginas,page
24921,5604260281855,500.0,PorSi,Massa Espirais Tricolores 500G,,0.79,1.58,0,kg,€/Kg,,,https://driveimg1.intermarche.com/pt/Content/images/boitmal/produit/zoom/5CE58905BD4CA1FD470803CD9B488D04.jpg,,,,,,,,2025-09-17T23:59:59+01:00,PROSPECTUS,16,1
2606,7622300744663,220.0,Oreo,Bolachas,Embalagem de 220g,1.94,8.82,0,kg,€/Kg,,,https://driveimg1.intermarche.com/pt/Content/images/boitmal/produit/zoom/887988ED237E8832E3CE94BB605D9B21.jpg,,,,,,,,2025-09-17T23:59:59+01:00,PROSPECTUS,16,1
16105,5601146703463,7500.0,Sagres,"Cerveja com álcool, pack 30 x 0.25 l",,13.85,1.85,7500,L,€/L,,,https://driveimg1.intermarche.com/pt/Content/images/boitmal/produit/zoom/03A5259A936839E6AA1FD95014E0E2CF.jpg,,,,,,,,2025-09-17T23:59:59+01:00,PROSPECTUS,16,1
43213,5603722519789,,Castelões,"Queijo cura especial barrado pimentão, 500 g",,6.29,6.29,1,,€/Unidade,,,https://driveimg1.intermarche.com/pt/Content/images/boitmal/produit/zoom/7F9659307338C4018D4890FC3B81F84B.jpg,,,,,,,,2025-10-01T23:59:59+01:00,PROSPECTUS,16,1
13866,2891048000000,1000.0,Porco,Bifanas,Vendido ao peso a partir de 1 kg,4.69,4.69,0,,€/Kg,,,https://driveimg1.intermarche.com/pt/Content/images/boitmal/produit/zoom/72DE0DA6B485199AC995C629E3E4D279.jpg,,,,,,,,2025-09-17T23:59:59+01:00,PROSPECTUS,16,1
54321,8718951477957,100.0,Colgate,"Pasta De Dentes Tripla Ação, 100ml",,2.14,21.4,100,L,€/L,,,https://driveimg1.intermarche.com/pt/Content/images/boitmal/produit/zoom/314A8AD6D21192FE5E061EE56C598725.jpg,https://driveimg1.intermarche.com/pt/Content/images/boitmal/produit/zoom/9ADDEB220D16C8DAE54C517CBC09DC55.jpg,https://driveimg1.intermarche.com/pt/Content/images/boitmal/produit/zoom/9ADDEB220D16C8DAE54C517CBC09DC55.jpg,https://driveimg1.intermarche.com/pt/Content/images/boitmal/produit/zoom/9ADDEB220D16C8DAE54C517CBC09DC55.jpg,,,,,2025-09-17T23:59:59+01:00,PROSPECTUS,16,1
13048,2893561000000,250.0,Marisco,Ameijoa Branca Vietnamita Congelada,Vendido a partir de 250 gr  (aprox.),0.5,1.99,0,,€/Kg,,Avantages !,https://driveimg1.intermarche.com/pt/Content/images/boitmal/produit/zoom/EB1BC296FF41180E6F3E1626AD4F78AA.jpg,,,,,,,,2025-09-17T23:59:59+01:00,PROSPECTUS,16,1
14038,2696013000000,80.0,Padaria,Bola mistura,1 unidade= 80 g,0.19,2.38,0,kg,€/Kg,,,https://driveimg1.intermarche.com/pt/Content/images/boitmal/produit/zoom/509539D5119FE663643D444B9A3F9D6A.jpg,,,,,,,,2025-09-17T23:59:59+01:00,PROSPECTUS,16,1
23524,5000204922851,750.0,Pato,"Líquido sanitário extra power, marinho, 750 ml",,1.69,2.25,750,L,€/L,,,https://driveimg1.intermarche.com/pt/Content/images/boitmal/produit/zoom/60268FF4016AF8FBA52DB6A9A88D181B.jpg,,,,,,,,2025-09-17T23:59:59+01:00,PROSPECTUS,16,1
13833,2892579000000,300.0,Legumes,Pepino,1 un = 300 gr  (aprox.),0.45,1.49,0,,€/Kg,,,https://driveimg1.intermarche.com/pt/Content/images/boitmal/produit/zoom/BD2734BFC4704D52A466FC85B929304E.jpg,,,,,,,,2025-09-17T23:59:59+01:00,PROSPECTUS,16,1
4987,5601012115505,750.0,Planalto,"Vinho doc douro branco, garrafa de 0.75 l",,4.09,5.45,750,L,€/L,,,https://driveimg1.intermarche.com/pt/Content/images/boitmal/produit/zoom/D4AD0E54C5A44C41C52E5EE1F77D08EB.jpg,,,,,,,,2025-10-01T23:59:59+01:00,PROSPECTUS,16,1
25750,7613034596437,3000.0,Friskies,Ração para cão mini menu com vaca,Embalagem de 3 kg,8.44,2.81,0,kg,€/Kg,,,https://driveimg1.intermarche.com/pt/Content/images/boitmal/produit/zoom/2296B11775F67113EEF61FB151567C52.jpg,,,,,,,,2025-09-17T23:59:59+01:00,PROSPECTUS,16,1
2466,7613032142599,500.0,Cerelac,Farinha láctea 12 meses,Embalagem de 500g,3.74,7.48,0,kg,€/Kg,,,https://driveimg1.intermarche.com/pt/Content/images/boitmal/produit/zoom/4E708CAF1A60A052407E76B7A92102F7.jpg,,,,,,,,2025-09-17T23:59:59+01:00,PROSPECTUS,16,1
33152,5601217130259,,Vanish,"Toalhitas gold, 16 unidades",,5.99,5.99,16,,€/Unidade,,,https://driveimg1.intermarche.com/pt/Content/images/boitmal/produit/zoom/2C4F47781D82CE8A2AF6BD52732E744E.jpg,,,,,,,,2025-09-17T23:59:59+01:00,PROSPECTUS,16,1
1480,5601314000073,9000.0,Vitalis,"Água mineral sem gás, pack 6 x 1.5 l",,2.69,0.3,9000,L,€/L,,,https://driveimg1.intermarche.com/pt/Content/images/boitmal/produit/zoom/DA3E69EB6FBF3CE3F3256CE592DB9A52.jpg,,,,,,,,2025-09-17T23:59:59+01:00,PROSPECTUS,16,1
46824,5603722518270,720.0,Mimosa,"Iogurte magro aroma multi sabores de morango/coco, 6x120g",,1.99,2.76,0,kg,€/Kg,,,https://driveimg1.intermarche.com/pt/Content/images/boitmal/produit/zoom/C1F13564A32ADE4727C9B834FE2B8090.jpg,,,,,,,,2025-09-17T23:59:59+01:00,PROSPECTUS,16,1
51607,8718951472846,400.0,Colgate,Elixir Cuidado das Gengivas PerioGard,400 ml,4.84,12.1,400,L,€/L,,,https://driveimg1.intermarche.com/pt/Content/images/boitmal/produit/zoom/4FEC2183E1AC0E3EB4E96AF1F412B444.jpg,,,,,,,,2025-09-17T23:59:59+01:00,PROSPECTUS,16,1
21745,7613035659728,250.0,Cerelac,Papa infantil não láctea multicereais +6 meses,Embalagem de 250g,2.39,9.56,0,kg,€/Kg,,,https://driveimg1.intermarche.com/pt/Content/images/boitmal/produit/zoom/90667A298E4003D9445C62EE2E028371.jpg,,,,,,,,2025-09-17T23:59:59+01:00,PROSPECTUS,16,1
15687,5000116109234,700.0,Iglo,"Ervilhas, embalagem de 700g",,3.39,4.84,0,kg,€/Kg,,Tipo de stockagem,https://driveimg1.intermarche.com/pt/Content/images/boitmal/produit/zoom/AC9F197DD289CE6E6A9903FC824FDD75.jpg,,,,,,,,2025-09-17T23:59:59+01:00,PROSPECTUS,16,1
10095,8435257040899,640.0,Nestlé,"Iogurte líquido yoggi morango, embalagem de 4 x 160g",,1.99,3.11,0,kg,€/Kg,,,https://driveimg1.intermarche.com/pt/Content/images/boitmal/produit/zoom/BCBB1C4518CDF8045B46EB41CD173E54.jpg,,,,,,,,2025-09-17T23:59:59+01:00,PROSPECTUS,16,1
53237,8445290299215,340.0,Purina One,"Comida Húmida para Cão Mini Controlo Peso, 4 x 85g",,2.24,6.59,0,kg,€/Kg,,,https://driveimg1.intermarche.com/pt/Content/images/boitmal/produit/zoom/40D134D7CE22BE39C26A49915801BF86.jpg,,,,,,,,2025-09-17T23:59:59+01:00,PROSPECTUS,16,1
12888,2892090000000,500.0,Fruta,Manga Avião,1 un=500 gr (aprox.),2.0,3.99,0,,€/Kg,,,https://driveimg1.intermarche.com/pt/Content/images/boitmal/produit/zoom/A3E5B8447376E0E91C2C4BB7B1444B76.jpg,https://driveimg1.intermarche.com/pt/Content/images/boitmal/produit/zoom/842EA0C904154D230A3A6F63A245D264.jpg,,,,,,,2025-09-17T23:59:59+01:00,PROSPECTUS,16,1
18530,5601349737722,750.0,Romanisco,Vinho DOC Douro Reserva Tinto,Garrafa de 0.75 l,4.99,6.65,750,L,€/L,,,https://driveimg1.intermarche.com/pt/Content/images/boitmal/produit/zoom/7B5FB7B9C877F174F0EAF824F026E64B.jpg,,,,,,,,2025-10-01T23:59:59+01:00,PROSPECTUS,16,1
13934,2891062000000,250.0,Porco,Rojões,1 un = 250 gr  (aprox.),1.17,4.69,0,,€/Kg,,,https://driveimg1.intermarche.com/pt/Content/images/boitmal/produit/zoom/925F2FDC1F925A7FD71EE6165315B22E.jpg,,,,,,,,2025-09-17T23:59:59+01:00,PROSPECTUS,16,1
13625,2893620000000,300.0,Peixaria,Salmão de viveiro à posta,1 un. = 300 g (aprox.),3.75,12.49,0,,€/Kg,,,https://driveimg1.intermarche.com/pt/Content/images/boitmal/produit/zoom/A170DAF9DE78983CFA7E8DD1EFE6A371.jpg,,,,,,,,2025-09-17T23:59:59+01:00,PROSPECTUS,16,1
34385,5604260285754,,PorSi,Papel Higiénico 2 Folhas Reciclado 12 Rolos,,2.39,2.39,0,,€/Unidade,,,https://driveimg1.intermarche.com/pt/Content/images/boitmal/produit/zoom/A1DBFD368962CC2E7DAC05F669F9A1E3.jpg,,,,,,,,2025-09-17T23:59:59+01:00,PROSPECTUS,16,1
42776,5604260304714,200.0,PorSi,Fiambre Da Pa Fatiado 200G,,1.59,7.95,0,kg,€/Kg,,,https://driveimg1.intermarche.com/pt/Content/images/boitmal/produit/zoom/96696B16BD79A06D0941D803193430BB.jpg,https://driveimg1.intermarche.com/pt/Content/images/boitmal/produit/zoom/4BF6C4B7F27D2FA729AB427C5AFC4D32.jpg,https://driveimg1.intermarche.com/pt/Content/images/boitmal/produit/zoom/4BF6C4B7F27D2FA729AB427C5AFC4D32.jpg,https://driveimg1.intermarche.com/pt/Content/images/boitmal/produit/zoom/4BF6C4B7F27D2FA729AB427C5AFC4D32.jpg,https://driveimg1.intermarche.com/pt/Content/images/boitmal/produit/zoom/4BF6C4B7F27D2FA729AB427C5AFC4D32.jpg,https://driveimg1.intermarche.com/pt/Content/images/boitmal/produit/zoom/4BF6C4B7F27D2FA729AB427C5AFC4D32.jpg,https://driveimg1.intermarche.com/pt/Content/images/boitmal/produit/zoom/4BF6C4B7F27D2FA729AB427C5AFC4D32.jpg,https://driveimg1.intermarche.com/pt/Content/images/boitmal/produit/zoom/4BF6C4B7F27D2FA729AB427C5AFC4D32.jpg,2025-09-17T23:59:59+01:00,PROSPECTUS,16,1
12943,2892087000000,1500.0,Fruta,Mamão,"1 un = 1,5 kg (aprox.)",5.84,3.89,0,,€/Kg,,,https://driveimg1.intermarche.com/pt/Content/images/boitmal/produit/zoom/E92859558CF3617793775ADAD1A11B14.jpg,,,,,,,,2025-09-17T23:59:59+01:00,PROSPECTUS,16,1
13817,2892582000000,250.0,Legumes,Pimento Verde,1 un = 250 gr  (aprox.),0.5,1.99,0,,€/Kg,,,https://driveimg1.intermarche.com/pt/Content/images/boitmal/produit/zoom/65E0131049B6BD4E669549F70B795EC0.jpg,,,,,,,,2025-09-17T23:59:59+01:00,PROSPECTUS,16,1
15577,5604260279166,125.0,PorSi,Framboesa,Embalagem com 125g,1.79,14.32,0,kg,€/Kg,,,https://driveimg1.intermarche.com/pt/Content/images/boitmal/produit/zoom/B88FD29FAEF1BF8CB6DEB86AC94C2B60.jpg,,,,,,,,2025-09-17T23:59:59+01:00,PROSPECTUS,16,1
37515,5604260294367,1000.0,PorSi,Arroz Agulha Europa 1000G,,1.25,1.25,0,kg,€/Kg,,,https://driveimg1.intermarche.com/pt/Content/images/boitmal/produit/zoom/3AE7BF941A236F6D331254BF58EBAFEF.jpg,,,,,,,,2025-09-17T23:59:59+01:00,PROSPECTUS,16,1
54632,5603722523045,1000.0,Gresso,"Leite UHT Meio Gordo, 1L",,0.87,0.87,1000,L,€/L,,,https://driveimg1.intermarche.com/pt/Content/images/boitmal/produit/zoom/ECF816693AC2579C9FB595FD8ABD96D7.jpg,,,,,,,,2025-09-17T23:59:59+01:00,PROSPECTUS,16,1
13915,2891249000000,2000.0,Peru,Perna com Osso,Vendido ao peso,8.98,4.49,0,,€/Kg,,,https://driveimg1.intermarche.com/pt/Content/images/boitmal/produit/zoom/EA6C55F440DB29FDE55EB019973B1FE5.jpg,,,,,,,,2025-09-17T23:59:59+01:00,PROSPECTUS,16,1
21292,5604260263837,250.0,PorSi,Alho Seco,Embalagem: 250 g  ,1.49,5.96,0,kg,€/Kg,,,https://driveimg1.intermarche.com/pt/Content/images/boitmal/produit/zoom/9CACD04AEB53BB065A4A6DA5A64A1473.jpg,,,,,,,,2025-09-17T23:59:59+01:00,PROSPECTUS,16,1
2312,5604260271832,185.0,PorSi,Cogumelos Laminados 355G,,1.19,6.43,0,kg,€/Kg,,,https://driveimg1.intermarche.com/pt/Content/images/boitmal/produit/zoom/60708037644026A27C2FB6731A0DAB33.jpg,,,,,,,,2025-09-17T23:59:59+01:00,PROSPECTUS,16,1
23590,5603722514142,1600.0,Agros,"Leite com chocolate, embalagem de 8x200 ml",,2.96,1.85,1600,L,€/L,,,https://driveimg1.intermarche.com/pt/Content/images/boitmal/produit/zoom/4B07C2A65AC5D9D66E12210391EDB136.jpg,,,,,,,,2025-09-17T23:59:59+01:00,PROSPECTUS,16,1
44956,2696878000000,,Padaria,Bola de mistura centeio Baviera,90 g,0.2,0.2,0,,€/Unidade,,,https://driveimg1.intermarche.com/pt/Content/images/boitmal/produit/zoom/09DB4B39AC0AAE5D11E868A906EFB364.jpg,,,,,,,,2025-09-17T23:59:59+01:00,PROSPECTUS,16,1
13813,2892489000000,250.0,Legumes,Batata Doce,1 un = 250 gr  (aprox.),0.45,1.79,0,,€/Kg,,,https://driveimg1.intermarche.com/pt/Content/images/boitmal/produit/zoom/B0785A3D8A1A6773EB1FB43B119AC4D9.jpg,,,,,,,,2025-09-17T23:59:59+01:00,PROSPECTUS,16,1
13848,2891015000000,150.0,Novilho,Entremeada Novilho,1 un=150 gr (aprox),1.5,9.99,0,,€/Kg,,,https://driveimg1.intermarche.com/pt/Content/images/boitmal/produit/zoom/E3E6C57F8100820E9FD4FEA74DC60325.jpg,,,,,,,,2025-09-17T23:59:59+01:00,PROSPECTUS,16,1
15010,2892545000000,1000.0,Programa Origens,Couve Flor,1 un = 1 kg (aprox.),2.39,2.39,0,,€/Kg,,,https://driveimg1.intermarche.com/pt/Content/images/boitmal/produit/zoom/93AF9BD404AC9C131A6A0C88150C31D1.jpg,,,,,,,,2025-09-17T23:59:59+01:00,PROSPECTUS,16,1
15039,2892256000000,4000.0,Fruta,Melão Verde,Vendido ao peso | 1 un = 4kg (aprox.),2.76,0.69,0,,€/Kg,,,https://driveimg1.intermarche.com/pt/Content/images/boitmal/produit/zoom/25FE547830213D1C98E9F3B3D9687685.jpg,,,,,,,,2025-09-17T23:59:59+01:00,PROSPECTUS,16,1
17189,5603344531107,110.0,General,"Atum em posta, em azeite, embalagem de 110g",,1.49,13.55,0,kg,€/Kg,,,https://driveimg1.intermarche.com/pt/Content/images/boitmal/produit/zoom/9B578FD57DAE66EA731A200412CF6D79.jpg,,,,,,,,2025-09-17T23:59:59+01:00,PROSPECTUS,16,1
251,2696001000000,400.0,Padaria,Baguete,400 g,0.79,1.98,0,kg,€/Kg,,,https://driveimg1.intermarche.com/pt/Content/images/boitmal/produit/zoom/42C2E126B9E5B84C243F0668DEC3869F.jpg,,,,,,,,2025-09-17T23:59:59+01:00,PROSPECTUS,16,1
2785,5601363013222,150.0,Ruffles,"Batata frita presunto, embalagem de 150 g",,1.39,9.27,0,kg,€/Kg,,,https://driveimg1.intermarche.com/pt/Content/images/boitmal/produit/zoom/7C1F8A2720963F6F12F5A2EE9BFB27BF.jpg,,,,,,,,2025-09-17T23:59:59+01:00,PROSPECTUS,16,1
52361,5604260330485,200.0,PorSi,Pão De Hamburguer 200 G,,0.85,4.25,0,kg,€/Kg,,,https://driveimg1.intermarche.com/pt/Content/images/boitmal/produit/zoom/2FC19DED276F09C4A0348E24A43EFD31.jpg,,,,,,,,2025-09-17T23:59:59+01:00,PROSPECTUS,16,1
973,5601024105020,1000.0,Fula,Óleo alimentar,Embalagem 1L,1.99,1.99,1000,L,€/L,,,https://driveimg1.intermarche.com/pt/Content/images/boitmal/produit/zoom/322383F88535C8A24498724B92188318.jpg,,,,,,,,2025-09-17T23:59:59+01:00,PROSPECTUS,16,1
11641,5601180001020,1000.0,Vigor,Leite pasteurizado meio gordo,Garrafa de 1 l,1.0,1.0,1000,L,€/L,,,https://driveimg1.intermarche.com/pt/Content/images/boitmal/produit/zoom/C25BCB5001E1A92DAA543A65EC5B2802.jpg,,,,,,,,2025-09-17T23:59:59+01:00,PROSPECTUS,16,1
1218,5601126039148,1000.0,Sical,"Café 5 estrelas grão, embalagem de 1 kg",,15.39,15.39,0,kg,€/Kg,,,https://driveimg1.intermarche.com/pt/Content/images/boitmal/produit/zoom/F30913D07FB49FD462FB35C8623DC586.jpg,https://driveimg1.intermarche.com/pt/Content/images/boitmal/produit/zoom/352FFCFAE868D5178905BD9725C43B6E.jpg,,,,,,,2025-09-17T23:59:59+01:00,PROSPECTUS,16,1
12379,8410285015354,250.0,Président,"Chantilly , embalagem de 250 g",,2.69,10.76,0,kg,€/Kg,,,https://driveimg1.intermarche.com/pt/Content/images/boitmal/produit/zoom/E0C73A85F9CF705E2D07E158861B3F39.jpg,,,,,,,,2025-09-17T23:59:59+01:00,PROSPECTUS,16,1
13884,2891106000000,2000.0,PorSi Select,Frango do Campo Inteiro c/ Miúdos Programa Origens,Vendido ao peso,8.58,4.29,0,,€/Kg,,,https://driveimg1.intermarche.com/pt/Content/images/boitmal/produit/zoom/4004CE88E12A24D0AD85684C27210FBB.jpg,,,,,,,,2025-09-17T23:59:59+01:00,PROSPECTUS,16,1
13947,2891125000000,150.0,Peru,Espetadas de Peru,1 un = 150 gr (aprox.),1.02,6.79,0,,€/Kg,,,https://driveimg1.intermarche.com/pt/Content/images/boitmal/produit/zoom/7051DD49B64096A6B46E7815DD618A85.jpg,,,,,,,,2025-09-17T23:59:59+01:00,PROSPECTUS,16,1
14372,8712100599392,550.0,Calvé,"Ketchup top down, embalagem de 550g",,2.59,4.71,0,kg,€/Kg,,,https://driveimg1.intermarche.com/pt/Content/images/boitmal/produit/zoom/6D3218F33B22BC3205033BC41E176600.jpg,https://driveimg1.intermarche.com/pt/Content/images/boitmal/produit/zoom/FE7F103C359D2D1FD7BF3FDC8DD381BA.jpg,https://driveimg1.intermarche.com/pt/Content/images/boitmal/produit/zoom/FE7F103C359D2D1FD7BF3FDC8DD381BA.jpg,https://driveimg1.intermarche.com/pt/Content/images/boitmal/produit/zoom/FE7F103C359D2D1FD7BF3FDC8DD381BA.jpg,,,,,2025-09-17T23:59:59+01:00,PROSPECTUS,16,1
14543,5606293100226,100.0,Vitacress,"Salada riva, embalagem de 100g",,1.69,16.9,0,kg,€/Kg,,,https://driveimg1.intermarche.com/pt/Content/images/boitmal/produit/zoom/A879736C03118BEA183E593C95961B3B.jpg,,,,,,,,2025-09-17T23:59:59+01:00,PROSPECTUS,16,1
1467,5601286236784,500.0,Milaneza,"Massa de espirais, embalagem de 500g",,1.04,2.08,0,kg,€/Kg,,,https://driveimg1.intermarche.com/pt/Content/images/boitmal/produit/zoom/90F3AD9985391E2BB3C76374F1217643.jpg,,,,,,,,2025-09-17T23:59:59+01:00,PROSPECTUS,16,1
14879,2696313000000,,Pastelaria,Croissant Brioche 85 g,,0.59,0.59,0,,€/Unidade,,,https://driveimg1.intermarche.com/pt/Content/images/boitmal/produit/zoom/53A872BBC45BBDDAC9749CC51F8CB1EC.jpg,,,,,,,,2025-09-17T23:59:59+01:00,PROSPECTUS,16,1
15981,5601119244375,210.0,Nobre,"Salsichas extra suculentas de frango, frasco de 210g",,2.55,12.14,0,kg,€/Kg,,,https://driveimg1.intermarche.com/pt/Content/images/boitmal/produit/zoom/FF112EFB90E4953B2240BF7E131FD2C0.jpg,,,,,,,,2025-09-17T23:59:59+01:00,PROSPECTUS,16,1
20434,5601244500063,1000.0,Terra Nostra,"Leite de pastagem meio gordo, embalagem de 1litro",,0.91,0.91,1000,L,€/L,,,https://driveimg1.intermarche.com/pt/Content/images/boitmal/produit/zoom/416A848D81A31A3BE14CC7E8951CC4DA.jpg,https://driveimg1.intermarche.com/pt/Content/images/boitmal/produit/zoom/E82125FE177156A16B33D08208F11D7F.jpg,,,,,,,2025-09-17T23:59:59+01:00,PROSPECTUS,16,1
20512,5601070000539,500.0,Cristal,"Vinagre de sidra, garrafa de 500 ml",,1.15,2.3,500,L,€/L,,,https://driveimg1.intermarche.com/pt/Content/images/boitmal/produit/zoom/088D2E6C27D5043C18AD10EB75A50F4E.jpg,,,,,,,,2025-09-17T23:59:59+01:00,PROSPECTUS,16,1
20912,5601096227309,750.0,Aveleda,"Vinho verde branco loureiro/alvarinho, garrafa de 0.75 l",,3.49,4.65,750,L,€/L,,,https://driveimg1.intermarche.com/pt/Content/images/boitmal/produit/zoom/0EDCFE54C28A289AA37078E6B8F87858.jpg,,,,,,,,2025-10-01T23:59:59+01:00,PROSPECTUS,16,1
26047,8412600070994,650.0,Bimbo,Pão de forma s/ côdea,Embalagem de 650 g,2.14,3.29,0,kg,€/Kg,,,https://driveimg1.intermarche.com/pt/Content/images/boitmal/produit/zoom/5D9620F17746A1D49642D0DCBD72A2D3.jpg,,,,,,,,2025-09-17T23:59:59+01:00,PROSPECTUS,16,1
34240,2892497000000,120.0,Programa Origens,Cebola roxa categoria II,Vendido ao peso,0.18,1.49,0,,€/Kg,,,https://driveimg1.intermarche.com/pt/Content/images/boitmal/produit/zoom/F8F441E981475C78DFA8B7423332B5B4.jpg,,,,,,,,2025-09-17T23:59:59+01:00,PROSPECTUS,16,1
34875,5604260285457,1500.0,PorSi,Maçã golden categoria II Programa Origens,Embalagem de 1.5 kg,1.99,1.33,0,kg,€/Kg,,,https://driveimg1.intermarche.com/pt/Content/images/boitmal/produit/zoom/56695A5FACFB945E46B511CB21214202.jpg,,,,,,,,2025-09-17T23:59:59+01:00,PROSPECTUS,16,1
37602,5603722518782,,Castelões,"Queijo curado pequeno, embalagem de 500g",,6.29,6.29,1,,€/Unidade,,,https://driveimg1.intermarche.com/pt/Content/images/boitmal/produit/zoom/5DFFAAD500F2992E98C505840753B8C7.jpg,,,,,,,,2025-10-01T23:59:59+01:00,PROSPECTUS,16,1
37990,8410063036175,1000.0,Pescanova,"Caprichos do mar sem glúten, embalagem de 1 kg",,5.99,5.99,0,kg,€/Kg,,Tipo de stockagem,https://driveimg1.intermarche.com/pt/Content/images/boitmal/produit/zoom/6895ADBC20BAA64ABF1A75EDB160FACB.jpg,,,,,,,,2025-09-17T23:59:59+01:00,PROSPECTUS,16,1
40383,2696845000000,500.0,Padaria,Pão forma de Rio Maior,500 g,1.45,2.9,0,kg,€/Kg,,,https://driveimg1.intermarche.com/pt/Content/images/boitmal/produit/zoom/17337BA5BC6BED0E351797EFE70D6ACA.jpg,,,,,,,,2025-09-17T23:59:59+01:00,PROSPECTUS,16,1
41437,5604260305773,170.0,Porsi Sel.,Chourico De Porco Preto 170G,,2.69,15.82,0,kg,€/Kg,,,https://driveimg1.intermarche.com/pt/Content/images/boitmal/produit/zoom/9AF028948550CC79F4506D20250D6D94.jpg,,,,,,,,2025-10-01T23:59:59+01:00,PROSPECTUS,16,1
46847,5604260316205,500.0,PorSi,Massa Laços Tricolores 500G,,0.99,1.98,0,kg,€/Kg,,,https://driveimg1.intermarche.com/pt/Content/images/boitmal/produit/zoom/26FB05A80D25E9387A8ADB50077F254D.jpg,,,,,,,,2025-09-17T23:59:59+01:00,PROSPECTUS,16,1
49831,8445290157348,390.0,Nesquik,"Achocolatado em pó, embalagem de 390g",,4.99,12.79,0,kg,€/Kg,,,https://driveimg1.intermarche.com/pt/Content/images/boitmal/produit/zoom/1C8D0ADDD419DD646B2CF36E18D3378F.jpg,,,,,,,,2025-09-17T23:59:59+01:00,PROSPECTUS,16,1
49888,5604260319343,200.0,PorSi,Salame Fatiado 200G,,1.99,9.95,0,kg,€/Kg,,,https://driveimg1.intermarche.com/pt/Content/images/boitmal/produit/zoom/8B61E0046B0E096FD5C847D0E5E118CA.jpg,,,,,,,,2025-10-01T23:59:59+01:00,PROSPECTUS,16,1
50658,7622201724443,150.0,Philadelphia,Queijo creme philadelphia light 150g,,1.79,11.93,0,kg,€/Kg,,,https://driveimg1.intermarche.com/pt/Content/images/boitmal/produit/zoom/8FABEA35481B05FDB647E4BD69595A1D.jpg,,,,,,,,2025-09-17T23:59:59+01:00,PROSPECTUS,16,1
51369,5000116125791,1400.0,Capitão Iglo,"50 douradinhos de peixe ómega 3 iglo, embalagem de 1.4 kg",,13.99,9.99,0,kg,€/Kg,,Tipo de stockagem,https://driveimg1.intermarche.com/pt/Content/images/boitmal/produit/zoom/6C5BC15FEE115209F2EC3E0B9DBA1CCD.jpg,,,,,,,,2025-09-17T23:59:59+01:00,PROSPECTUS,16,1
5158,5601109211127,750.0,Porca de Murça,Vinho tinto douro,Garrafa de 750 ml,3.69,4.92,750,L,€/L,,,https://driveimg1.intermarche.com/pt/Content/images/boitmal/produit/zoom/587F8C4D255FC74322AC5F8AED00CD39.jpg,,,,,,,,2025-10-01T23:59:59+01:00,PROSPECTUS,16,1
52171,5449000217189,1980.0,Coca-Cola,Coca-cola sabor original,Pack 6x330 ml,4.49,2.27,1980,L,€/L,,,https://driveimg1.intermarche.com/pt/Content/images/boitmal/produit/zoom/336CEDBCCB7EF720ED08209839FA8640.jpg,,,,,,,,2025-09-17T23:59:59+01:00,PROSPECTUS,16,1
55526,8436048965520,120.0,Artiach,"Bolachas Filipinos Chocolate Branco, 120g",,2.19,18.25,0,kg,€/Kg,,,https://driveimg1.intermarche.com/pt/Content/images/boitmal/produit/zoom/35327E82E374714AC1B41A1D1D6B708F.jpg,,,,,,,,2025-09-17T23:59:59+01:00,PROSPECTUS,16,1
5788,5604260033447,200.0,PorSi,Chourico Corrente 200G,,1.35,6.75,0,kg,€/Kg,,,https://driveimg1.intermarche.com/pt/Content/images/boitmal/produit/zoom/92DD7C79E00E3F96B89DDD048D065D1C.jpg,,,,,,,,2025-09-17T23:59:59+01:00,PROSPECTUS,16,1
8391,5601049159992,1000.0,Mimosa,"Leite especial cálcio + vitamina d magro, de 1l",,1.0,1.0,1000,L,€/L,,,https://driveimg1.intermarche.com/pt/Content/images/boitmal/produit/zoom/22E6964D6A2F2B922BCB40BB341AE902.jpg,,,,,,,,2025-09-17T23:59:59+01:00,PROSPECTUS,16,1
8487,5601096401303,750.0,Aveleda,"Vinho maduro branco minho alvarinho, garrafa de 0.75 l",,4.69,6.25,750,L,€/L,,,https://driveimg1.intermarche.com/pt/Content/images/boitmal/produit/zoom/5584288B4D3CB005FE87B35856EF89A7.jpg,,,,,,,,2025-10-01T23:59:59+01:00,PROSPECTUS,16,1
8500,5601109211110,750.0,Porca de Murça,Vinho branco douro,Garrafa de 750 ml,3.69,4.92,750,L,€/L,,,https://driveimg1.intermarche.com/pt/Content/images/boitmal/produit/zoom/3A37403A453BA89596AD6718ADA0F46A.jpg,,,,,,,,2025-10-01T23:59:59+01:00,PROSPECTUS,16,1
9681,5604260270194,250.0,PorSi,Chourico Mouro Fundao 250G,,2.79,11.16,0,kg,€/Kg,,,https://driveimg1.intermarche.com/pt/Content/images/boitmal/produit/zoom/92303740D425F2ABD1C9CDF43553E405.jpg,,,,,,,,2025-10-01T23:59:59+01:00,PROSPECTUS,16,1
10094,8435257040776,640.0,Nestlé,"Iogurte líquido yoggi banana, embalagem de 4 x 160 g",,1.99,3.11,0,kg,€/Kg,,,https://driveimg1.intermarche.com/pt/Content/images/boitmal/produit/zoom/6885FCEF2FEF4752D565E64A3BDEE242.jpg,,,,,,,,2025-09-17T23:59:59+01:00,PROSPECTUS,16,1
11688,5601244202318,200.0,Terra Nostra,"Queijo flamengo em fatias, embalagem de 200g",,2.29,11.45,0,kg,€/Kg,,,https://driveimg1.intermarche.com/pt/Content/images/boitmal/produit/zoom/51C5114F8500F311C1E44953A540868A.jpg,,,,,,,,2025-09-17T23:59:59+01:00,PROSPECTUS,16,1
13577,2893572000000,200.0,Peixaria,Pota Inteira Congelada,1 un= 200 gr (aprox.),1.0,4.99,0,,€/Kg,,Avantages !,https://driveimg1.intermarche.com/pt/Content/images/boitmal/produit/zoom/B2D6321EA80C5271A6C9DE3162C36D95.jpg,,,,,,,,2025-09-17T23:59:59+01:00,PROSPECTUS,16,1
1436,5601260038106,1000.0,Cigala,"Arroz brajma, embalagem de 1 kg",,2.54,2.54,0,kg,€/Kg,,,https://driveimg1.intermarche.com/pt/Content/images/boitmal/produit/zoom/3E85F2B6F5A9D6CEC74990FDA36993E9.jpg,,,,,,,,2025-09-17T23:59:59+01:00,PROSPECTUS,16,1
16567,5000116110070,750.0,Iglo,"Esparregado de espinafres, embalagem de 750g",,3.49,4.65,0,kg,€/Kg,,Tipo de stockagem,https://driveimg1.intermarche.com/pt/Content/images/boitmal/produit/zoom/F70E4F5A76F097E6E455FB2FF67D9B6F.jpg,,,,,,,,2025-09-17T23:59:59+01:00,PROSPECTUS,16,1
17827,5603344531022,110.0,General,Atum posta em óleo,Embalagem de 110g,0.99,9.0,0,kg,€/Kg,,,https://driveimg1.intermarche.com/pt/Content/images/boitmal/produit/zoom/6CF8780AD6CFF5E4D2703538338330A5.jpg,,,,,,,,2025-09-17T23:59:59+01:00,PROSPECTUS,16,1
18942,5601989950086,750.0,Monte Velho,"Vinho rosé, região do alentejo, garrafa de 0,75 l",,3.99,5.32,750,L,€/L,,,https://driveimg1.intermarche.com/pt/Content/images/boitmal/produit/zoom/492FA643C4A4901779ACEB329DDE602F.jpg,,,,,,,,2025-10-01T23:59:59+01:00,PROSPECTUS,16,1
20433,5601244500070,1000.0,Terra Nostra,"Leite de pastagem magro, embalagem de 1 l",,0.91,0.91,1000,L,€/L,,,https://driveimg1.intermarche.com/pt/Content/images/boitmal/produit/zoom/9F4485855ABBC3534A5CD1111ACFCBA8.jpg,https://driveimg1.intermarche.com/pt/Content/images/boitmal/produit/zoom/E6424B45F8177C670F59F3BF8C085519.jpg,,,,,,,2025-09-17T23:59:59+01:00,PROSPECTUS,16,1
22335,5000116110940,420.0,Capitão Iglo,"15 douradinhos, embalagem de 420g",,4.99,11.88,0,kg,€/Kg,,Tipo de stockagem,https://driveimg1.intermarche.com/pt/Content/images/boitmal/produit/zoom/3973A8C90F686ECB72E76C3B0A0492D4.jpg,,,,,,,,2025-09-17T23:59:59+01:00,PROSPECTUS,16,1
2784,8410199021137,160.0,Ruffles,"Batata frita, embalagem de 160 g",,1.39,8.69,0,kg,€/Kg,,,https://driveimg1.intermarche.com/pt/Content/images/boitmal/produit/zoom/99D56823BC057150117915B487192BF1.jpg,,,,,,,,2025-09-17T23:59:59+01:00,PROSPECTUS,16,1
2887,3154140117221,,Maped,"Borracha Technic, 600",embalagem com 2 unidades,1.39,1.39,0,,€/Unidade,,,https://driveimg1.intermarche.com/pt/Content/images/boitmal/produit/zoom/56FE965B05C719B66A4BEEF8E9685965.jpg,,,,,,,,2025-09-17T23:59:59+01:00,PROSPECTUS,16,1
2888,3154140124038,,Maped,"Borracha mini softy, pack de 3 unidades",1 embalagem,1.39,1.39,0,,€/Unidade,,,https://driveimg1.intermarche.com/pt/Content/images/boitmal/produit/zoom/620D36E60089F1C53F7CAA6E2622BC4C.jpg,,,,,,,,2025-09-17T23:59:59+01:00,PROSPECTUS,16,1
3298,5604260030095,,PorSi,Caderno Agrafado Capa Preta A5 Quadriculado 80Folhas,,0.69,0.69,0,,€/Unidade,,,https://driveimg1.intermarche.com/pt/Content/images/boitmal/produit/zoom/085C490F2BAD26890CE102569C2BF2FE.jpg,,,,,,,,2025-09-17T23:59:59+01:00,PROSPECTUS,16,1
33884,2893837000000,1500.0,Peixaria,Peixe espada preto inteiro,Vendido ao peso,11.99,7.99,0,,€/Kg,,,https://driveimg1.intermarche.com/pt/Content/images/boitmal/produit/zoom/0C1CA3DE6B16A13335042AAFE1F612D6.jpg,,,,,,,,2025-09-17T23:59:59+01:00,PROSPECTUS,16,1
34328,5603344291018,120.0,General,Bacalhau com grão,Embalagem de 120g,1.94,16.17,0,kg,€/Kg,,,https://driveimg1.intermarche.com/pt/Content/images/boitmal/produit/zoom/3CE63A7FB770BD16863F1AA0D2B1E6B2.jpg,,,,,,,,2025-09-17T23:59:59+01:00,PROSPECTUS,16,1
3526,2894034000000,150.0,Nobre,Fiambre da Perna Extra,1 un = 150 gr (aprox.),2.32,15.49,0,,€/Kg,,,https://driveimg1.intermarche.com/pt/Content/images/boitmal/produit/zoom/C76D05EF052819EDC79567520AD2D260.jpg,,,,,,,,2025-09-17T23:59:59+01:00,PROSPECTUS,16,1
37599,5604260296736,200.0,PorSi,Queijo Emmental Ralado 200G,,1.79,8.95,0,kg,€/Kg,,,https://driveimg1.intermarche.com/pt/Content/images/boitmal/produit/zoom/1083A405977EA22F8175F804229B3B36.jpg,,,,,,,,2025-09-17T23:59:59+01:00,PROSPECTUS,16,1
38560,5601027006447,280.0,Bimbo,Pão de leite 8 un.,Embalagem de 280g,2.04,7.29,0,kg,€/Kg,,,https://driveimg1.intermarche.com/pt/Content/images/boitmal/produit/zoom/6B2CD6A0B581F7726EA51AA0698C6FB6.jpg,https://driveimg1.intermarche.com/pt/Content/images/boitmal/produit/zoom/03428EFF3EBBF0386E77776667460845.jpg,,,,,,,2025-09-17T23:59:59+01:00,PROSPECTUS,16,1
38970,5603722518805,,Castelões,"Queijo curado -30% gordura, 500 g",,6.29,6.29,1,,€/Unidade,,,https://driveimg1.intermarche.com/pt/Content/images/boitmal/produit/zoom/72A7031F9A56666D6A179BF7A6411A71.jpg,,,,,,,,2025-10-01T23:59:59+01:00,PROSPECTUS,16,1
41439,5604260305803,70.0,Porsi Sel.,Paio Lombo Porc.Preto Fat. 70G,,4.69,67.0,0,kg,€/Kg,,,https://driveimg1.intermarche.com/pt/Content/images/boitmal/produit/zoom/FC4D8B8993BE3FCCF3CEE9D4E3E7FC70.jpg,,,,,,,,2025-10-01T23:59:59+01:00,PROSPECTUS,16,1
41661,5603769000752,750.0,Piano,Vinho DOC Douro Tinto Reserva,Garrafa de 0.75 l,6.59,8.79,750,L,€/L,,,https://driveimg1.intermarche.com/pt/Content/images/boitmal/produit/zoom/B0DFAFE37BB6D8C6F3E4E55468B7B398.jpg,,,,,,,,2025-10-01T23:59:59+01:00,PROSPECTUS,16,1
43374,5604260307166,250.0,PorSi,Morcela Assar Fundao 250G,,2.61,10.44,0,kg,€/Kg,,,https://driveimg1.intermarche.com/pt/Content/images/boitmal/produit/zoom/4B62B8D199F7410E10B7300143FA97F6.jpg,https://driveimg1.intermarche.com/pt/Content/images/boitmal/produit/zoom/18CE59FFC257102F97438AA54E07B2CC.jpg,https://driveimg1.intermarche.com/pt/Content/images/boitmal/produit/zoom/18CE59FFC257102F97438AA54E07B2CC.jpg,https://driveimg1.intermarche.com/pt/Content/images/boitmal/produit/zoom/18CE59FFC257102F97438AA54E07B2CC.jpg,https://driveimg1.intermarche.com/pt/Content/images/boitmal/produit/zoom/18CE59FFC257102F97438AA54E07B2CC.jpg,https://driveimg1.intermarche.com/pt/Content/images/boitmal/produit/zoom/18CE59FFC257102F97438AA54E07B2CC.jpg,,,2025-10-01T23:59:59+01:00,PROSPECTUS,16,2
43876,5604260313693,460.0,PorSi,Hambúrgueres De Frango 460 G,,3.09,6.72,0,kg,€/Kg,,,https://driveimg1.intermarche.com/pt/Content/images/boitmal/produit/zoom/B59F443B43C1B7309A984790E7E9E810.jpg,,,,,,,,2025-09-17T23:59:59+01:00,PROSPECTUS,16,2
44642,8410199021168,140.0,Doritos,"Snack de milho com sabor chilli, 140g",,1.39,9.93,0,kg,€/Kg,,,https://driveimg1.intermarche.com/pt/Content/images/boitmal/produit/zoom/4BF0B752BBDEC2A3E78C82178EA88929.jpg,,,,,,,,2025-09-17T23:59:59+01:00,PROSPECTUS,16,2
46825,5603722518287,720.0,Mimosa,"Iogurte magro aroma multi sabores de morango e kiwi/manga, 6 x 120g",,1.99,2.76,0,kg,€/Kg,,,https://driveimg1.intermarche.com/pt/Content/images/boitmal/produit/zoom/EBBE1EB3FBC3C9322F0040C9AA4B6B04.jpg,,,,,,,,2025-09-17T23:59:59+01:00,PROSPECTUS,16,2
4687,5000116105212,375.0,Iglo,"Ervilhas, embalagem de 375g",,1.89,5.04,0,kg,€/Kg,,Tipo de stockagem,https://driveimg1.intermarche.com/pt/Content/images/boitmal/produit/zoom/6C528FEBBEDC5462386A3AB117EEBFD4.jpg,,,,,,,,2025-09-17T23:59:59+01:00,PROSPECTUS,16,2
47004,5604260319237,1500.0,PorSi,Iogurte Tipo Grego Natural 12X125G,,4.29,2.86,0,kg,€/Kg,,,https://driveimg1.intermarche.com/pt/Content/images/boitmal/produit/zoom/6E0AFE6E9DD1C82BA35308A7C2D6B6B4.jpg,,,,,,,,2025-09-17T23:59:59+01:00,PROSPECTUS,16,2
48176,5604260319800,190.0,PorSi,"Queijo Vaca, Cabra E Ovelha Curado 190G",,2.49,13.11,0,kg,€/Kg,,,https://driveimg1.intermarche.com/pt/Content/images/boitmal/produit/zoom/9F30972D1DDC65075CB2985C2FF35284.jpg,,,,,,,,2025-10-01T23:59:59+01:00,PROSPECTUS,16,2
49071,8410199023155,150.0,Ruffles,"Batatas yorkeso, embalagem de 150g",,1.39,9.27,0,kg,€/Kg,,,https://driveimg1.intermarche.com/pt/Content/images/boitmal/produit/zoom/B6C4A3A0ABC352D933A4B2BC3EF17920.jpg,,,,,,,,2025-09-17T23:59:59+01:00,PROSPECTUS,16,2
50657,7622201723767,150.0,Philadelphia,Queijo Creme Original,Embalagem de 150g,1.79,11.93,0,kg,€/Kg,,,https://driveimg1.intermarche.com/pt/Content/images/boitmal/produit/zoom/20323EE24C6F48A7328A69B95A2AA090.jpg,,,,,,,,2025-09-17T23:59:59+01:00,PROSPECTUS,16,2
52049,3073781193091,250.0,A Vaca Que Ri,"Queijo fundido, 250g",,2.95,11.8,0,kg,€/Kg,,,https://driveimg1.intermarche.com/pt/Content/images/boitmal/produit/zoom/95197B9CF404BE8AF1D5A1B4E7B898B7.jpg,,,,,,,,2025-09-17T23:59:59+01:00,PROSPECTUS,16,2
52299,3023290072035,160.0,Lindahls,"Iogurte sólido proteico morango lima, embalagem de 160 g",,0.99,6.19,0,kg,€/Kg,,,https://driveimg1.intermarche.com/pt/Content/images/boitmal/produit/zoom/3FA8DBA052D28654C7C833F137C987A5.jpg,,,,,,,,2025-09-17T23:59:59+01:00,PROSPECTUS,16,2
52528,5604260330942,750.0,Selecção de Enófilos,Vinho Tinto do Douro Touriga-Nacional,Garrafa de 0.75 litros,3.99,5.32,750,L,€/L,,,https://driveimg1.intermarche.com/pt/Content/images/boitmal/produit/zoom/29F9A33D63ECB561DFD106794543885E.jpg,,,,,,,,2025-10-01T23:59:59+01:00,PROSPECTUS,16,2
52880,8719200267794,450.0,Becel,"Creme vegetal de barrar com sabor a manteiga, 450g",,3.56,7.91,0,kg,€/Kg,,,https://driveimg1.intermarche.com/pt/Content/images/boitmal/produit/zoom/E2EFE8BE5E96AF9FCA9D840059BF696C.jpg,https://driveimg1.intermarche.com/pt/Content/images/boitmal/produit/zoom/287D301C66C180312FAA8A3BAE7EA710.jpg,https://driveimg1.intermarche.com/pt/Content/images/boitmal/produit/zoom/287D301C66C180312FAA8A3BAE7EA710.jpg,https://driveimg1.intermarche.com/pt/Content/images/boitmal/produit/zoom/287D301C66C180312FAA8A3BAE7EA710.jpg,,,,,2025-09-17T23:59:59+01:00,PROSPECTUS,16,2
53292,8719200265424,450.0,Becel,"Creme vegetal culinária, 450g",,2.49,5.53,0,kg,€/Kg,,,https://driveimg1.intermarche.com/pt/Content/images/boitmal/produit/zoom/731104623BFBA291592C36763AD2ACB6.jpg,https://driveimg1.intermarche.com/pt/Content/images/boitmal/produit/zoom/FE0F50DA9FD82BB1CA28828D6783A017.jpg,https://driveimg1.intermarche.com/pt/Content/images/boitmal/produit/zoom/FE0F50DA9FD82BB1CA28828D6783A017.jpg,https://driveimg1.intermarche.com/pt/Content/images/boitmal/produit/zoom/FE0F50DA9FD82BB1CA28828D6783A017.jpg,,,,,2025-09-17T23:59:59+01:00,PROSPECTUS,16,2
54349,5601217138040,1332.0,Quanto,"Amaciador roupa concentrado ametista e íris, 74d",,2.99,2.24,1332,L,€/L,,,https://driveimg1.intermarche.com/pt/Content/images/boitmal/produit/zoom/AA97CA06C6A5E4D6FDDA513779ACDB8A.jpg,,,,,,,,2025-09-17T23:59:59+01:00,PROSPECTUS,16,2
54361,8410104915186,,Finish,"Detergente Loiça Máquina Quantum Limão, 28 Pastilhas",,5.99,5.99,0,,€/Unidade,,,https://driveimg1.intermarche.com/pt/Content/images/boitmal/produit/zoom/AF6445EE2B2537230E8784866A377CB3.jpg,,,,,,,,2025-09-17T23:59:59+01:00,PROSPECTUS,16,2
5438,5601314222222,1980.0,Vitalis,"Água mineral sem gás, pack 6 x 0.33 l",,1.39,0.7,1980,L,€/L,,,https://driveimg1.intermarche.com/pt/Content/images/boitmal/produit/zoom/33D50EDEE051731540B4213BFFB43642.jpg,,,,,,,,2025-09-17T23:59:59+01:00,PROSPECTUS,16,2
54787,8711327622708,270.0,Magnum,"3 gelados wonder toffee, chocolate e amêndoas caramelizadas, 270 ml",,3.99,14.78,270,L,€/L,,Tipo de stockagem,https://driveimg1.intermarche.com/pt/Content/images/boitmal/produit/zoom/91A59B9A1ED20D7F6951EC35A524075D.jpg,,,,,,,,2025-09-17T23:59:59+01:00,PROSPECTUS,16,2
54790,8711327621176,770.0,Magnum,"8 gelados chocolate clássico, amêndoa e chocolate branco, 770 ml",,5.99,7.78,770,L,€/L,,Tipo de stockagem,https://driveimg1.intermarche.com/pt/Content/images/boitmal/produit/zoom/9E8AC0EAF965CDDF6107434D3A13539B.jpg,,,,,,,,2025-09-17T23:59:59+01:00,PROSPECTUS,16,2
55246,8410063095219,1000.0,Pescanova,"Filetes de Pescada Panados sem Glúten, 1kg",,7.89,7.89,0,kg,€/Kg,,Tipo de stockagem,https://driveimg1.intermarche.com/pt/Content/images/boitmal/produit/zoom/A5655C95B01DFE4827D4B19FBAEEAA93.jpg,,,,,,,,2025-09-17T23:59:59+01:00,PROSPECTUS,16,2
55380,5608309018228,750.0,Altano,"Vinho Tinto Reserva Douro, 75cl",,7.49,9.99,750,L,€/L,,,https://driveimg1.intermarche.com/pt/Content/images/boitmal/produit/zoom/E22DC036D9C0CFB1BF954618CC4A8CB0.jpg,,,,,,,,2025-10-01T23:59:59+01:00,PROSPECTUS,16,2
56458,5604260334452,200.0,PorSi,Chourico De Cebola Beiras 200G,,2.49,12.45,0,kg,€/Kg,,,https://driveimg1.intermarche.com/pt/Content/images/boitmal/produit/zoom/CA2370BC258FB43E800BBBE018B02B12.jpg,,,,,,,,2025-10-01T23:59:59+01:00,PROSPECTUS,16,2
7324,3228020390131,250.0,President,"Manteiga magra meio sal, embalagem de 250g",,2.65,10.6,0,kg,€/Kg,,,https://driveimg1.intermarche.com/pt/Content/images/boitmal/produit/zoom/331DC0C2868698A1CF61BBA910E6E1D6.jpg,,,,,,,,2025-09-17T23:59:59+01:00,PROSPECTUS,16,2
828,5000157073006,150.0,Heinz,"Molho de soja, de 150 ml",,2.64,17.6,150,L,€/L,,,https://driveimg1.intermarche.com/pt/Content/images/boitmal/produit/zoom/BBD9F6A5E4EDC067C43EB10CA6FCF5E6.jpg,,,,,,,,2025-09-17T23:59:59+01:00,PROSPECTUS,16,2
8413,8410500008932,600.0,Danone,"Actimel iogurte líquido de morango, de 6 x 100g",,2.99,4.98,0,kg,€/Kg,,,https://driveimg1.intermarche.com/pt/Content/images/boitmal/produit/zoom/F5F985DE2C1FEBCCE4ED6002098F416C.jpg,,,,,,,,2025-09-17T23:59:59+01:00,PROSPECTUS,16,2
8417,8410500006020,600.0,Danone,"Actimel magro natural, embalagem de 6 x 100g",,2.99,4.98,0,kg,€/Kg,,,https://driveimg1.intermarche.com/pt/Content/images/boitmal/produit/zoom/729A5232D0A334A9B7BE031706F8AD19.jpg,,,,,,,,2025-09-17T23:59:59+01:00,PROSPECTUS,16,2
8495,5601098047004,,Paiva,"Queijo curado apimentado, embalagem de 550g",,6.29,6.29,1,,€/Unidade,,,https://driveimg1.intermarche.com/pt/Content/images/boitmal/produit/zoom/F3C00530E1C68E4049DD501A62C23610.jpg,,,,,,,,2025-10-01T23:59:59+01:00,PROSPECTUS,16,2
8538,5601119957213,120.0,Campofrio,"Peito frango forno lenha fatias finas, embalagem de 120g",,2.39,19.92,0,kg,€/Kg,,,https://driveimg1.intermarche.com/pt/Content/images/boitmal/produit/zoom/73C7285F6ACF8A124F339DF62D4EEA07.jpg,,,,,,,,2025-09-17T23:59:59+01:00,PROSPECTUS,16,2
10056,8410036800468,750.0,Freixenet,"Espumante cava bruto, reserva, garrafa de 750 ml",,7.99,10.65,750,L,€/L,,,https://driveimg1.intermarche.com/pt/Content/images/boitmal/produit/zoom/96EFA695B1C4201910FA2011BCE09AEA.jpg,,,,,,,,2025-10-01T23:59:59+01:00,PROSPECTUS,16,2
10057,8410036800512,750.0,Freixenet,"Espumante cava meio seco reserva, garrafa de 750 ml",,6.99,9.32,750,L,€/L,,,https://driveimg1.intermarche.com/pt/Content/images/boitmal/produit/zoom/595A72B091587557F63E6DF8F5C0E8F8.jpg,,,,,,,,2025-10-01T23:59:59+01:00,PROSPECTUS,16,2
10091,8410100059839,360.0,Nestlé,"Queijinho petit nesquik, embalagem de 6 x 60g",,2.99,8.31,0,kg,€/Kg,,,https://driveimg1.intermarche.com/pt/Content/images/boitmal/produit/zoom/88B248C453A669F7E350B1DDEC2F3C33.jpg,,,,,,,,2025-09-17T23:59:59+01:00,PROSPECTUS,16,2
10111,8410104402501,200.0,Vanish,"Pré-lavagem power gel, garrafa de 200 ml",,3.99,19.95,200,L,€/L,,,https://driveimg1.intermarche.com/pt/Content/images/boitmal/produit/zoom/43D4A166A3EF555D36A5BBF95FBB5D96.jpg,,,,,,,,2025-09-17T23:59:59+01:00,PROSPECTUS,16,2
10116,8410104702601,,Finish,Limpa máquina loiça regular,,3.99,3.99,1,,€/Unidade,,,https://driveimg1.intermarche.com/pt/Content/images/boitmal/produit/zoom/928CE798A3F3B183700718A418930AB8.jpg,,,,,,,,2025-09-17T23:59:59+01:00,PROSPECTUS,16,2
10639,8712566395514,61.0,Knorr,"Sopa gourmet, cogumelos, embalagem de 60g",,1.99,32.62,0,kg,€/Kg,,,https://driveimg1.intermarche.com/pt/Content/images/boitmal/produit/zoom/37AB5E4154A122936DBF40F8E46CCD3D.jpg,,,,,,,,2025-09-17T23:59:59+01:00,PROSPECTUS,16,2
10823,2895063000000,250.0,Castelões,Queijo Curado kg,1 un = 250 gr  (aprox.),2.62,10.49,0,,€/Kg,,,https://driveimg1.intermarche.com/pt/Content/images/boitmal/produit/zoom/75B6363D9B6BD363EA11623977BF1CB2.jpg,,,,,,,,2025-10-01T23:59:59+01:00,PROSPECTUS,16,2
10842,2895207000000,250.0,Santiago,Queijo 3 Igrejas Cura 2m Pimentão,Vendido ao peso a partir de 250 gr,3.0,11.99,0,,€/Kg,,,https://driveimg1.intermarche.com/pt/Content/images/boitmal/produit/zoom/2F11F4EC63EB49EF2522FB61028743A0.jpg,,,,,,,,2025-09-17T23:59:59+01:00,PROSPECTUS,16,2
1131,5601078005024,750.0,Grao Vasco,"Vinho doc dão branco, garrafa de 750 ml",,3.35,4.47,750,L,€/L,,,https://driveimg1.intermarche.com/pt/Content/images/boitmal/produit/zoom/08D876911D136C69F8C23B36643D6D00.jpg,,,,,,,,2025-10-01T23:59:59+01:00,PROSPECTUS,16,2
1146,5601082027029,55.0,Delta Q,Café em cápsulas deqafeitatus,Embalagem de 55 g,3.99,72.55,0,kg,€/Kg,,,https://driveimg1.intermarche.com/pt/Content/images/boitmal/produit/zoom/245DF90A4F20DF617A9331E6A54D24B0.jpg,,,,,,,,2025-09-17T23:59:59+01:00,PROSPECTUS,16,2
11642,5601180002003,1000.0,Vigor,Leite pasteurizado magro,Garrafa de 1 l,1.0,1.0,1000,L,€/L,,,https://driveimg1.intermarche.com/pt/Content/images/boitmal/produit/zoom/F8C109F76B61C34DDC541F6014AEA1D3.jpg,,,,,,,,2025-09-17T23:59:59+01:00,PROSPECTUS,16,2
11950,5603722495106,200.0,Mimosa,"Nata uht light, embalagem de 200 ml",,0.91,4.55,200,L,€/L,,,https://driveimg1.intermarche.com/pt/Content/images/boitmal/produit/zoom/B134F58E2258EB7BCE2AC1B56CF95546.jpg,,,,,,,,2025-09-17T23:59:59+01:00,PROSPECTUS,16,2
11959,5603722504945,200.0,Mimosa,"Nata para culinária ligeira, embalagem de 200 ml",,0.91,4.55,200,L,€/L,,,https://driveimg1.intermarche.com/pt/Content/images/boitmal/produit/zoom/34074ECCE8C9D0028618D923D64DF04D.jpg,,,,,,,,2025-09-17T23:59:59+01:00,PROSPECTUS,16,2
11982,5603802400020,750.0,Fiuza,"Vinho branco tejo sauvignon, garrafa de 750 ml",,4.99,6.65,750,L,€/L,,,https://driveimg1.intermarche.com/pt/Content/images/boitmal/produit/zoom/996291488226B375A67E39537E454FD9.jpg,,,,,,,,2025-10-01T23:59:59+01:00,PROSPECTUS,16,2
12066,5604260194063,1000.0,Porsi Vivabem,Bebida De Soja 1L,,0.79,0.79,1000,L,€/L,,,https://driveimg1.intermarche.com/pt/Content/images/boitmal/produit/zoom/16537218BB43EA3E7F5AFCEAEC229452.jpg,,,,,,,,2025-09-17T23:59:59+01:00,PROSPECTUS,16,2
12104,5604260266487,750.0,Selecção de Enófilos,"Vinho Verde Doc Loureiro 0,75L",,2.0,2.67,750,L,€/L,,,https://driveimg1.intermarche.com/pt/Content/images/boitmal/produit/zoom/FD0B05EFD7AFCEE885FD9B5791D450BF.jpg,,,,,,,,2025-10-01T23:59:59+01:00,PROSPECTUS,16,2
12168,5604575110024,750.0,Cabriz,Vinho tinto doc dão,Garrafa de 0.75 l,3.99,5.32,750,L,€/L,,,https://driveimg1.intermarche.com/pt/Content/images/boitmal/produit/zoom/CB979CD463F1CB0F66C28E633F4A8508.jpg,https://driveimg1.intermarche.com/pt/Content/images/boitmal/produit/zoom/B79B99AC1459B8F6165E16A7A5B65E9E.jpg,https://driveimg1.intermarche.com/pt/Content/images/boitmal/produit/zoom/B79B99AC1459B8F6165E16A7A5B65E9E.jpg,https://driveimg1.intermarche.com/pt/Content/images/boitmal/produit/zoom/B79B99AC1459B8F6165E16A7A5B65E9E.jpg,,,,,2025-10-01T23:59:59+01:00,PROSPECTUS,16,2
12898,2893293000000,400.0,Programa Origens,Dourada,1 un= 400 grs (aprox.),3.6,8.99,0,,€/Kg,,,https://driveimg1.intermarche.com/pt/Content/images/boitmal/produit/zoom/1228D1EB55215F23AB492009B28E8268.jpg,,,,,,,,2025-09-17T23:59:59+01:00,PROSPECTUS,16,2
1296,5601151543306,1000.0,Compal,"Néctar de pêra, embalagem de 1l",,1.26,1.26,1000,L,€/L,,,https://driveimg1.intermarche.com/pt/Content/images/boitmal/produit/zoom/20D6CCFACD44697943FB8CAF67B7E4F5.jpg,,,,,,,,2025-09-17T23:59:59+01:00,PROSPECTUS,16,2
13220,2893745000000,1500.0,Peixaria,Pescada Grande,"Vendido ao peso, 1un = 1.5kg (aprox.)",13.49,8.99,0,,€/Kg,,,https://driveimg1.intermarche.com/pt/Content/images/boitmal/produit/zoom/D45DBDC9F00C609D3FC5B2A0C1B091A4.jpg,,,,,,,,2025-09-17T23:59:59+01:00,PROSPECTUS,16,2
13541,2893533000000,250.0,Congelado de Aquicultura,Camarão Congelado 60/80,1 un = 250 gr  (aprox.),2.0,7.99,0,,€/Kg,,Avantages !,https://driveimg1.intermarche.com/pt/Content/images/boitmal/produit/zoom/29A2DFA509FFDAFCD18E7F308BD753B4.jpg,,,,,,,,2025-09-17T23:59:59+01:00,PROSPECTUS,16,2
13561,2893555000000,400.0,Peixaria,Red Fish Congelado,,1.6,3.99,0,,€/Kg,,Avantages !,https://driveimg1.intermarche.com/pt/Content/images/boitmal/produit/zoom/6B51C5A0022242B4A2691EFB27EE24DC.jpg,,,,,,,,2025-09-17T23:59:59+01:00,PROSPECTUS,16,2
14346,3387390406849,150.0,Nestlé,"Barras cereais chocapic, embalagem de 150g",,2.39,15.93,0,kg,€/Kg,,,https://driveimg1.intermarche.com/pt/Content/images/boitmal/produit/zoom/A9E143A7AE167B7B2DF153E69E157760.jpg,,,,,,,,2025-09-17T23:59:59+01:00,PROSPECTUS,16,2
1460,5601286222787,500.0,Milaneza,"Massa de cotovelinhos, embalagem de 500g",,1.04,2.08,0,kg,€/Kg,,,https://driveimg1.intermarche.com/pt/Content/images/boitmal/produit/zoom/49B04C2917E036F30360190A48027326.jpg,,,,,,,,2025-09-17T23:59:59+01:00,PROSPECTUS,16,2
15800,7613035078369,125.0,Nescafé,"Cappuccino intenso, embalagem de 130g",,2.99,23.92,0,kg,€/Kg,,,https://driveimg1.intermarche.com/pt/Content/images/boitmal/produit/zoom/61DADA7427797DA3A992DAC69018853B.jpg,,,,,,,,2025-09-17T23:59:59+01:00,PROSPECTUS,16,2
16532,8410104156640,250.0,Air Wick,"Ambientador recarga delícias de verão, de 250 ml",,3.59,14.36,250,L,€/L,,,https://driveimg1.intermarche.com/pt/Content/images/boitmal/produit/zoom/D59CDBF009CEE64C14901102B4C0C5EA.jpg,,,,,,,,2025-09-17T23:59:59+01:00,PROSPECTUS,16,2
16565,5060166690380,500.0,Monster,"Bebida energética green, de 500 ml",,1.39,2.78,500,L,€/L,,,https://driveimg1.intermarche.com/pt/Content/images/boitmal/produit/zoom/0007D6DA22B3DA6620347D4A495B2B12.jpg,,,,,,,,2025-09-17T23:59:59+01:00,PROSPECTUS,16,2
1693,5603344681017,40.0,General,Filete de anchovas estendidas,Embalagem de 40g,1.99,49.75,0,kg,€/Kg,,,https://driveimg1.intermarche.com/pt/Content/images/boitmal/produit/zoom/06C9DE88EC4B1F1E75839FBBD4E50942.jpg,,,,,,,,2025-09-17T23:59:59+01:00,PROSPECTUS,16,2
17665,8712100745591,754.0,Calvé,"Maionese top down, embalagem de 753 g",,3.49,4.63,0,kg,€/Kg,,,https://driveimg1.intermarche.com/pt/Content/images/boitmal/produit/zoom/C6F00A8AA4D7D21E56D34CFA61170423.jpg,,,,,,,,2025-09-17T23:59:59+01:00,PROSPECTUS,16,2
18045,8714789637389,,Colgate,"Escova de dentes max white média, 1 + 1 unidades",,2.99,2.99,1,,€/Unidade,,,https://driveimg1.intermarche.com/pt/Content/images/boitmal/produit/zoom/DA81305E47872C0D2A8BC35B8CC9CB97.jpg,,,,,,,,2025-09-17T23:59:59+01:00,PROSPECTUS,16,2
18618,5601027004870,210.0,Manhãzitos,Manhãzitos -50% açúcares,Embalagem 6x2 unidades,2.44,11.62,0,kg,€/Kg,,,https://driveimg1.intermarche.com/pt/Content/images/boitmal/produit/zoom/706710CD26E57624BB9175CD78F67DBE.jpg,,,,,,,,2025-09-17T23:59:59+01:00,PROSPECTUS,16,2
18778,5604260274963,200.0,Porsi Sel.,Alheira De Mirandela Ig 200G,,1.49,7.45,0,kg,€/Kg,,,https://driveimg1.intermarche.com/pt/Content/images/boitmal/produit/zoom/93E265B38537CF7D9CC71734EEF39C20.jpg,,,,,,,,2025-10-01T23:59:59+01:00,PROSPECTUS,16,2
18841,5601070000140,500.0,Cristal,"Vinagre de vinho tinto, garrafa de 500 ml",,1.13,2.26,500,L,€/L,,,https://driveimg1.intermarche.com/pt/Content/images/boitmal/produit/zoom/65AC8A7F4F6F2DE3D7B8C7A5CA2AA682.jpg,,,,,,,,2025-09-17T23:59:59+01:00,PROSPECTUS,16,2
18842,5601070000508,500.0,Cristal,"Vinagre vinho branco 500ml, garrafa de 500 ml",,1.09,2.18,500,L,€/L,,,https://driveimg1.intermarche.com/pt/Content/images/boitmal/produit/zoom/BF40408BEDD92487320D96D1D241D8F5.jpg,,,,,,,,2025-09-17T23:59:59+01:00,PROSPECTUS,16,2
19203,5000116110407,240.0,Capitão Iglo,"4 hamburguers frango sem glúten, embalagem de 240g",,4.49,18.71,0,kg,€/Kg,,Tipo de stockagem,https://driveimg1.intermarche.com/pt/Content/images/boitmal/produit/zoom/DBCAABB905B293E30250F00FBA9411C4.jpg,,,,,,,,2025-09-17T23:59:59+01:00,PROSPECTUS,16,2
19939,7613035619425,300.0,Nestlé,Gronola de aveia chocolate,Embalagem de 300g,3.29,10.97,0,kg,€/Kg,,,https://driveimg1.intermarche.com/pt/Content/images/boitmal/produit/zoom/9320D561FEE05C66ADC01B69C3EF7AE4.jpg,,,,,,,,2025-09-17T23:59:59+01:00,PROSPECTUS,16,2
20911,5600390412787,750.0,Rio Real,Vinho doc douro tinto,Garrafa de 0.75 l,3.19,4.25,750,L,€/L,,,https://driveimg1.intermarche.com/pt/Content/images/boitmal/produit/zoom/FA7F8D8825ACA9BD4A18AF1A6CAA55E1.jpg,,,,,,,,2025-10-01T23:59:59+01:00,PROSPECTUS,16,2
20967,5601027002593,175.0,Manhãzitos,5 manhãzitos choco chips,Embalagem de 175 g,2.24,12.8,0,kg,€/Kg,,,https://driveimg1.intermarche.com/pt/Content/images/boitmal/produit/zoom/BE4C58F28F8A49ACD807D3815C0F8DEB.jpg,,,,,,,,2025-09-17T23:59:59+01:00,PROSPECTUS,16,2
21051,8435257034300,640.0,Nestlé,"Iogurte líquido yoggi, sem lactose, morango, embalagem de 4 x 160g",,2.19,3.42,0,kg,€/Kg,,,https://driveimg1.intermarche.com/pt/Content/images/boitmal/produit/zoom/D5CB31CBF064EE8A66067DB03B82499E.jpg,,,,,,,,2025-09-17T23:59:59+01:00,PROSPECTUS,16,2
21766,7613035487840,90.0,Nestlé,Fruta para bebé banana laranja bolacha +6 meses,Embalagem de 90g,0.65,7.22,0,kg,€/Kg,,,https://driveimg1.intermarche.com/pt/Content/images/boitmal/produit/zoom/A8104E7B3738DD14CEF192706B16EFC4.jpg,,,,,,,,2025-09-17T23:59:59+01:00,PROSPECTUS,16,2
2500,7613033129025,250.0,Cerelac,"Papa infantil não láctea bolacha maria +6 meses, de 250g",,2.39,9.56,0,kg,€/Kg,,,https://driveimg1.intermarche.com/pt/Content/images/boitmal/produit/zoom/86F8E21230827C4A87CCDAA9CDA276AE.jpg,,,,,,,,2025-09-17T23:59:59+01:00,PROSPECTUS,16,2
25276,5775345121585,700.0,Sunquick,"Concentrado de frutas tropicais, garrafa de 700 ml",,6.15,8.79,700,L,€/L,,,https://driveimg1.intermarche.com/pt/Content/images/boitmal/produit/zoom/CD328D03EDEF01B544BB4E814586A67D.jpg,,,,,,,,2025-09-17T23:59:59+01:00,PROSPECTUS,16,2
25808,8426617002510,100.0,Haribo,"Gomas ositos de oro, embalagem de 100g",,1.04,10.4,0,kg,€/Kg,,,https://driveimg1.intermarche.com/pt/Content/images/boitmal/produit/zoom/D707EDE7A37DA83FE8A19E7DC6FBE016.jpg,,,,,,,,2025-09-17T23:59:59+01:00,PROSPECTUS,16,2
25813,8426617002572,100.0,Haribo,"Gomas happy cola, 100g",,1.04,10.4,0,kg,€/Kg,,,https://driveimg1.intermarche.com/pt/Content/images/boitmal/produit/zoom/D33415814E6BFC68658AF079F0FF2120.jpg,,,,,,,,2025-09-17T23:59:59+01:00,PROSPECTUS,16,2
25814,8426617003432,75.0,Haribo,"Gomas spaghetti pica morango, 80g",,1.04,13.87,0,kg,€/Kg,,,https://driveimg1.intermarche.com/pt/Content/images/boitmal/produit/zoom/ECC50F272383CBD21A151AB497C2D431.jpg,,,,,,,,2025-09-17T23:59:59+01:00,PROSPECTUS,16,2
2608,7622300784751,175.0,Milka,"Bolos cake e chococolate, embalagem de 180g",,2.39,13.66,0,kg,€/Kg,,,https://driveimg1.intermarche.com/pt/Content/images/boitmal/produit/zoom/1D8E76E66897DC245F3B2D80A56DD338.jpg,,,,,,,,2025-09-17T23:59:59+01:00,PROSPECTUS,16,2
2675,8410000802771,160.0,Chips Ahoy!,Bolachas mini chips ahoy,Embalagem de 160g,1.84,11.5,0,kg,€/Kg,,,https://driveimg1.intermarche.com/pt/Content/images/boitmal/produit/zoom/3707DD444CDD44D20F774875B91B068B.jpg,,,,,,,,2025-09-17T23:59:59+01:00,PROSPECTUS,16,2
2777,8410168399823,3000.0,Friskies,Ração para cão júnior vitafit com frango e leite,Embalagem de 3 kg,9.74,3.25,0,kg,€/Kg,,,https://driveimg1.intermarche.com/pt/Content/images/boitmal/produit/zoom/8FB72E4F81A6A85337B0A193B644C666.jpg,,,,,,,,2025-09-17T23:59:59+01:00,PROSPECTUS,16,2
28061,2895093000000,1000.0,Milhafre,Queijo Curado Vaca Cremoso Ilha Terceira,1 un = 1 kg (aprox.),10.99,10.99,0,kg,€/Kg,,,https://driveimg1.intermarche.com/pt/Content/images/boitmal/produit/zoom/FDB1554A8220C7DD03C25D7A47079B19.jpg,,,,,,,,2025-10-01T23:59:59+01:00,PROSPECTUS,16,2
28511,8410104889111,,Finish,Pastilhas Limpa Máquinas,Embalagem c/ 3 un.,5.49,5.49,0,,€/Unidade,,,https://driveimg1.intermarche.com/pt/Content/images/boitmal/produit/zoom/FD70FB61B60D1D010225A23710A0F1DA.jpg,,,,,,,,2025-09-17T23:59:59+01:00,PROSPECTUS,16,2
29434,8412600028568,550.0,Bimbo,Pão de forma artesano,550 g,2.49,4.53,0,kg,€/Kg,,,https://driveimg1.intermarche.com/pt/Content/images/boitmal/produit/zoom/3CFE72B428C8815F287AEBF5DD23696F.jpg,,,,,,,,2025-09-17T23:59:59+01:00,PROSPECTUS,16,2
30181,5607238032107,345.0,Casa de Mateus,"Geleia de morango, embalagem de 345g",,2.99,8.67,0,kg,€/Kg,,,https://driveimg1.intermarche.com/pt/Content/images/boitmal/produit/zoom/B386B3AED2791B1ABC3F8E529297B645.jpg,,,,,,,,2025-09-17T23:59:59+01:00,PROSPECTUS,16,2
30500,5604260282944,750.0,Selecção de Enófilos,"Vinho Tinto Regional Península de Setúbal, 750 ml",,1.79,2.39,750,L,€/L,,,https://driveimg1.intermarche.com/pt/Content/images/boitmal/produit/zoom/A338F72252D03458166BD2386C7E9C15.jpg,,,,,,,,2025-10-01T23:59:59+01:00,PROSPECTUS,16,2
3102,3270220000167,,Bic,"Lápis grafite evolution hb, 4 unidades",Uma embalagem,1.29,1.29,0,,€/Unidade,,,https://driveimg1.intermarche.com/pt/Content/images/boitmal/produit/zoom/0506C27785FBF02C4F11D6C908A22575.jpg,,,,,,,,2025-09-17T23:59:59+01:00,PROSPECTUS,16,2
32354,4052199133133,,Lindor,"Fraldas de Incontinência Elásticos Médias, 20 unidades",,10.59,10.59,0,,€/Unidade,,,https://driveimg1.intermarche.com/pt/Content/images/boitmal/produit/zoom/D0FA5D3E98C9B683929F0930E28879FF.jpg,,,,,,,,2025-09-17T23:59:59+01:00,PROSPECTUS,16,2
32402,4005900542557,50.0,Nivea,"Desodorizante roll on black & white invisible silky smooth, 50 ml",,2.99,59.8,50,L,€/L,,,https://driveimg1.intermarche.com/pt/Content/images/boitmal/produit/zoom/38BC337DF80EFF7BB0EAAC1C90FD7BD0.jpg,,,,,,,,2025-09-17T23:59:59+01:00,PROSPECTUS,16,2
32551,5608527002764,750.0,Casa Ermelinda Freitas,Vinho Vinha da Fonte Setúbal tinto,Garrafa de 0.75 l,2.99,3.99,750,L,€/L,,,https://driveimg1.intermarche.com/pt/Content/images/boitmal/produit/zoom/06E0D835BF6FF987E9BF7993FA3DFA28.jpg,,,,,,,,2025-10-01T23:59:59+01:00,PROSPECTUS,16,2
3294,5604260030057,,PorSi,Caderno Agrafado Capa Preta A4 Pautado 80Folhas 60G,,0.99,0.99,0,,€/Unidade,,,https://driveimg1.intermarche.com/pt/Content/images/boitmal/produit/zoom/800E6735812F976CF3CE3FFF47A95EA7.jpg,,,,,,,,2025-09-17T23:59:59+01:00,PROSPECTUS,16,2
34456,5604260325726,330.0,PorSi,6 Salsichas Frescas Merguez 330 G,,5.39,16.33,0,kg,€/Kg,,,https://driveimg1.intermarche.com/pt/Content/images/boitmal/produit/zoom/5AF24CB9ECB0552B9DC2158D80B5D568.jpg,,,,,,,,2025-09-17T23:59:59+01:00,PROSPECTUS,16,2
35544,7622210420244,160.0,Prince,"Bolachas mini prince recheadas com chocolate, embalagem de 160g",,1.84,11.5,0,kg,€/Kg,,,https://driveimg1.intermarche.com/pt/Content/images/boitmal/produit/zoom/61F2634B3866278C0DEB463B7CD623C7.jpg,,,,,,,,2025-09-17T23:59:59+01:00,PROSPECTUS,16,2
35559,5601151973738,3500.0,Pepsi,"Refrigerante com gás max zero, pack de 2 x 1.75 l",,2.7,0.77,3500,L,€/L,,,https://driveimg1.intermarche.com/pt/Content/images/boitmal/produit/zoom/698445C2558FCB105ECA616759C001D7.jpg,,,,,,,,2025-09-17T23:59:59+01:00,PROSPECTUS,16,2
35583,8410104900922,,Finish,Detergente máquina de lavar loiça quantum ultimate regular,35 pastilhas,8.99,8.99,0,,€/Unidade,,,https://driveimg1.intermarche.com/pt/Content/images/boitmal/produit/zoom/1F869E57BAE0887B38F9577B5D341FDF.jpg,,,,,,,,2025-09-17T23:59:59+01:00,PROSPECTUS,16,2
36186,8715700017006,570.0,Heinz,"Ketchup top down, 570g",,3.24,5.68,0,kg,€/Kg,,,https://driveimg1.intermarche.com/pt/Content/images/boitmal/produit/zoom/61C6EABD68232C332B75678207D54C3E.jpg,,,,,,,,2025-09-17T23:59:59+01:00,PROSPECTUS,16,2
36282,5602016061096,750.0,Cacho Fresco,"Vinho branco frisante, garrafa de 0.75 l",,1.64,2.19,750,L,€/L,,,https://driveimg1.intermarche.com/pt/Content/images/boitmal/produit/zoom/6D86515914160CB8CA3A3E44260175D9.jpg,,,,,,,,2025-10-01T23:59:59+01:00,PROSPECTUS,16,2
36461,5609104460014,,Mab,Bolsas catálogo cristal,Embalagem com 100 unidades,2.49,2.49,0,,€/Unidade,,,https://driveimg1.intermarche.com/pt/Content/images/boitmal/produit/zoom/07E1A31D414A4C5147386407756CB5FF.jpg,,,,,,,,2025-09-17T23:59:59+01:00,PROSPECTUS,16,2
36657,5601217132673,500.0,Cillitbang,"Spray lixívia e higiene, de 500 ml",,2.49,4.98,500,L,€/L,,,https://driveimg1.intermarche.com/pt/Content/images/boitmal/produit/zoom/D9B27A41A222F2F218026715A414F2D0.jpg,,,,,,,,2025-09-17T23:59:59+01:00,PROSPECTUS,16,2
36709,5604260296750,250.0,Porsi Vivabem,Queijo Fresco Teor Gordura Reduzido 4X62.5G,,2.45,9.8,0,kg,€/Kg,,,https://driveimg1.intermarche.com/pt/Content/images/boitmal/produit/zoom/C4EE542A1994DE7774B9C54C8888B672.jpg,,,,,,,,2025-09-17T23:59:59+01:00,PROSPECTUS,16,2
36732,5604260286454,2000.0,PorSi,Alimento  Seco Gato Adulto Carne 2 Kg,,3.99,2.0,0,kg,€/Kg,,,https://driveimg1.intermarche.com/pt/Content/images/boitmal/produit/zoom/DB71D9E83D68197D41D14C0FD3462038.jpg,,,,,,,,2025-09-17T23:59:59+01:00,PROSPECTUS,16,2
3736,3250390033714,750.0,Delagne & Fils,Champanhe bruto,"Garrafa de 0,75 l",21.99,29.32,750,L,€/L,,,https://driveimg1.intermarche.com/pt/Content/images/boitmal/produit/zoom/86B2E1A4E06CF323C8A71D94CD854840.jpg,,,,,,,,2025-10-01T23:59:59+01:00,PROSPECTUS,16,2
37444,7613036955799,250.0,Nestum,"Nestum zero mel, embalagem de 250g",,2.24,8.96,0,kg,€/Kg,,,https://driveimg1.intermarche.com/pt/Content/images/boitmal/produit/zoom/5B200610F8E9504D3552A7693F67BE32.jpg,,,,,,,,2025-09-17T23:59:59+01:00,PROSPECTUS,16,2
37603,5601244700005,250.0,Terra Nostra,"Manteiga sem sal terra nostra, embalagem de 250g",,2.29,9.16,0,kg,€/Kg,,,https://driveimg1.intermarche.com/pt/Content/images/boitmal/produit/zoom/317E2CDE181AB3CCD0895012A2A6754F.jpg,,,,,,,,2025-09-17T23:59:59+01:00,PROSPECTUS,16,2
40121,8410076481825,185.0,Old El Paso,"Queijo chips, 185g",,2.19,11.84,0,kg,€/Kg,,,https://driveimg1.intermarche.com/pt/Content/images/boitmal/produit/zoom/B48B295FE352E2196B154716F7AF2C3E.jpg,,,,,,,,2025-09-17T23:59:59+01:00,PROSPECTUS,16,2
40529,5604260296798,240.0,PorSi,Pêssego Metades Em Calda 420G,,1.39,5.79,0,kg,€/Kg,,,https://driveimg1.intermarche.com/pt/Content/images/boitmal/produit/zoom/00D895E945CE929561E341059B056644.jpg,,,,,,,,2025-09-17T23:59:59+01:00,PROSPECTUS,16,3
40593,5603722519406,480.0,Mimosa,"Iogurte fruta batida morango, 4 x 120 g",,1.69,3.52,0,kg,€/Kg,,,https://driveimg1.intermarche.com/pt/Content/images/boitmal/produit/zoom/41C5135F0F8227064BFED500C982147E.jpg,,,,,,,,2025-09-17T23:59:59+01:00,PROSPECTUS,16,3
40667,5604260303724,500.0,PorSi,Queijo Vaca Curado Amanteigado Light 500G,,4.94,9.88,0,kg,€/Kg,,,https://driveimg1.intermarche.com/pt/Content/images/boitmal/produit/zoom/A98FAAE3B023E27BEADFFB9F1E5EDBDF.jpg,,,,,,,,2025-10-01T23:59:59+01:00,PROSPECTUS,16,3
41289,8718951312319,75.0,Colgate,"Pasta de dentes sensation white, 75 ml",,1.99,26.53,75,L,€/L,,,https://driveimg1.intermarche.com/pt/Content/images/boitmal/produit/zoom/22BEC3D6BF2DBA57D9A3EEAAC1E33FD8.jpg,,,,,,,,2025-09-17T23:59:59+01:00,PROSPECTUS,16,3
41298,5601050036541,440.0,Danone,"Iogurte oikos natural,  4 x 110g",,2.49,5.66,0,kg,€/Kg,,,https://driveimg1.intermarche.com/pt/Content/images/boitmal/produit/zoom/100CC1C1966D7A85865BF44E424F358B.jpg,,,,,,,,2025-09-17T23:59:59+01:00,PROSPECTUS,16,3
41302,5601050036558,440.0,Danone,"Iogurte oikos natural açucarado, embalagem de 4 x 110g",,2.49,5.66,0,kg,€/Kg,,,https://driveimg1.intermarche.com/pt/Content/images/boitmal/produit/zoom/EF9CBAC3BDE3B09B251B8011D3C6F904.jpg,,,,,,,,2025-09-17T23:59:59+01:00,PROSPECTUS,16,3
42576,5604260304615,200.0,PorSi,Molho Bechamel 200Ml,,0.89,4.45,200,L,€/L,,,https://driveimg1.intermarche.com/pt/Content/images/boitmal/produit/zoom/6EB95311E9A7982125D3313FC46AEA69.jpg,https://driveimg1.intermarche.com/pt/Content/images/boitmal/produit/zoom/873E688259483F162720EC00DE7C700F.jpg,https://driveimg1.intermarche.com/pt/Content/images/boitmal/produit/zoom/873E688259483F162720EC00DE7C700F.jpg,https://driveimg1.intermarche.com/pt/Content/images/boitmal/produit/zoom/873E688259483F162720EC00DE7C700F.jpg,https://driveimg1.intermarche.com/pt/Content/images/boitmal/produit/zoom/873E688259483F162720EC00DE7C700F.jpg,,,,2025-09-17T23:59:59+01:00,PROSPECTUS,16,3
42777,5604260307159,250.0,PorSi,Farinheira Do Fundao 250G,,2.49,9.96,0,kg,€/Kg,,,https://driveimg1.intermarche.com/pt/Content/images/boitmal/produit/zoom/14240F251C92138F4828FAB6984E0C70.jpg,,,,,,,,2025-10-01T23:59:59+01:00,PROSPECTUS,16,3
42901,3574669909860,200.0,Johnson's Baby,Condicionador spray penteia fácil,Embalagem de 200 ml,3.44,17.2,200,L,€/L,,,https://driveimg1.intermarche.com/pt/Content/images/boitmal/produit/zoom/39AA9D3BF278FA178A337319F4F0E44F.jpg,,,,,,,,2025-09-17T23:59:59+01:00,PROSPECTUS,16,3
43008,5998749140376,123.0,Pedigree,"Snacks para cão rodeo vaca, de 123 g",,2.14,17.4,0,kg,€/Kg,,,https://driveimg1.intermarche.com/pt/Content/images/boitmal/produit/zoom/F6517C69CB0562EC7BE7AD2546B14ADA.jpg,https://driveimg1.intermarche.com/pt/Content/images/boitmal/produit/zoom/1F7719C21B23B6D2D8E4AF5C8C9B0659.jpg,https://driveimg1.intermarche.com/pt/Content/images/boitmal/produit/zoom/1F7719C21B23B6D2D8E4AF5C8C9B0659.jpg,,,,,,2025-09-17T23:59:59+01:00,PROSPECTUS,16,3
43327,5604260309788,240.0,PorSi,Pipocas Doces Em Balde 240G,,2.65,11.04,0,kg,€/Kg,,,https://driveimg1.intermarche.com/pt/Content/images/boitmal/produit/zoom/B582C543D9ADDFF9DA5635D9A817AF47.jpg,https://driveimg1.intermarche.com/pt/Content/images/boitmal/produit/zoom/82E9527452A270A56A46663B4A6F86AB.jpg,https://driveimg1.intermarche.com/pt/Content/images/boitmal/produit/zoom/82E9527452A270A56A46663B4A6F86AB.jpg,https://driveimg1.intermarche.com/pt/Content/images/boitmal/produit/zoom/82E9527452A270A56A46663B4A6F86AB.jpg,https://driveimg1.intermarche.com/pt/Content/images/boitmal/produit/zoom/82E9527452A270A56A46663B4A6F86AB.jpg,,,,2025-09-17T23:59:59+01:00,PROSPECTUS,16,3
43545,5604260312214,1000.0,PorSi,Tira Nodoas Oxigenio Ativo Cores 1 Kg,,3.09,3.09,0,kg,€/Kg,,,https://driveimg1.intermarche.com/pt/Content/images/boitmal/produit/zoom/5482BA1E615143E188130D88B6D38FB0.jpg,https://driveimg1.intermarche.com/pt/Content/images/boitmal/produit/zoom/942F29948AD682E90D2F3C7D5195DFAE.jpg,https://driveimg1.intermarche.com/pt/Content/images/boitmal/produit/zoom/942F29948AD682E90D2F3C7D5195DFAE.jpg,https://driveimg1.intermarche.com/pt/Content/images/boitmal/produit/zoom/942F29948AD682E90D2F3C7D5195DFAE.jpg,,,,,2025-09-17T23:59:59+01:00,PROSPECTUS,16,3
43546,5604260312207,1000.0,PorSi,Tira Nodoas Oxigenio Ativo Branqueador 1 Kg,,3.09,3.09,0,kg,€/Kg,,,https://driveimg1.intermarche.com/pt/Content/images/boitmal/produit/zoom/63E1D594AAE9A64B72276792E811057C.jpg,,,,,,,,2025-09-17T23:59:59+01:00,PROSPECTUS,16,3
44634,8711327485082,330.0,Magnum,"Gelados mini double gold caramel billionaire, embalagem de 6x55 ml",,4.49,13.61,330,L,€/L,,Tipo de stockagem,https://driveimg1.intermarche.com/pt/Content/images/boitmal/produit/zoom/42AC7934AA428100845DBDC81A00E314.jpg,,,,,,,,2025-09-17T23:59:59+01:00,PROSPECTUS,16,3
44916,8711327480438,440.0,Magnum,"Gelado double gold caramel billionaire, embalagem de 440 ml",,3.99,9.07,440,L,€/L,,Tipo de stockagem,https://driveimg1.intermarche.com/pt/Content/images/boitmal/produit/zoom/7C07DC9914F4DA381F8A8A6ECD5557A3.jpg,,,,,,,,2025-09-17T23:59:59+01:00,PROSPECTUS,16,3
46305,5604260315017,500.0,PorSi,Brócolos Cortados 500 G,,1.85,3.7,0,kg,€/Kg,,,https://driveimg1.intermarche.com/pt/Content/images/boitmal/produit/zoom/30A31B86BA55860385F4C7247351E9CD.jpg,,,,,,,,2025-09-17T23:59:59+01:00,PROSPECTUS,16,3
46325,5604260318612,154.0,PorSi,Bolachas Cacau & Cream 154G,,0.79,5.13,0,kg,€/Kg,,,https://driveimg1.intermarche.com/pt/Content/images/boitmal/produit/zoom/184E37E812A93A5E8EDD676EE72CA11A.jpg,,,,,,,,2025-09-17T23:59:59+01:00,PROSPECTUS,16,3
46814,8410036807887,750.0,Freixenet,"Blanc de blancs, garrafa de 750 ml",,5.99,7.99,750,L,€/L,,,https://driveimg1.intermarche.com/pt/Content/images/boitmal/produit/zoom/8443921EA647B3A561B8E54CBA9F0C34.jpg,,,,,,,,2025-10-01T23:59:59+01:00,PROSPECTUS,16,3
47109,7613287218704,110.0,Nestlé,"Bolsitas de puré de 4 frutas, embalagem de 110g",,0.79,7.18,0,kg,€/Kg,,,https://driveimg1.intermarche.com/pt/Content/images/boitmal/produit/zoom/AAE972318DF3C7B29E7A2F9B4E66DEFB.jpg,,,,,,,,2025-09-17T23:59:59+01:00,PROSPECTUS,16,3
47110,7613287218766,110.0,Nestlé,Bolsitas de puré de multifrutas,Embalagem de 110g,0.79,7.18,0,kg,€/Kg,,,https://driveimg1.intermarche.com/pt/Content/images/boitmal/produit/zoom/3A0DC006BA90FE4ED51AF00C38870697.jpg,,,,,,,,2025-09-17T23:59:59+01:00,PROSPECTUS,16,3
47653,8414100306559,330.0,Schweppes,"Ginger ale, lata 33 cl",,0.72,2.18,330,L,€/L,,,https://driveimg1.intermarche.com/pt/Content/images/boitmal/produit/zoom/AF2113C89BE09A44CC79705B477BE6A0.jpg,,,,,,,,2025-09-17T23:59:59+01:00,PROSPECTUS,16,3
47788,5604260325740,330.0,PorSi,6 Salsichas Frescas Chipolatas Com Ervas 330 G,,4.59,13.91,0,kg,€/Kg,,,https://driveimg1.intermarche.com/pt/Content/images/boitmal/produit/zoom/5F51FE6C2AF9B50236E3907CACEE0AB3.jpg,,,,,,,,2025-09-17T23:59:59+01:00,PROSPECTUS,16,3
47890,8718951434912,50.0,Colgate,Dentífrico júnior 7 a 12 anos,Embalagem de 50 ml,2.59,51.8,50,L,€/L,,,https://driveimg1.intermarche.com/pt/Content/images/boitmal/produit/zoom/69B50B84D28922C91B7AD5E5C7F61B21.jpg,,,,,,,,2025-09-17T23:59:59+01:00,PROSPECTUS,16,3
48834,8718951477896,75.0,Colgate,"Pasta dentífrica herbal, 75 ml",,1.99,26.53,75,L,€/L,,,https://driveimg1.intermarche.com/pt/Content/images/boitmal/produit/zoom/49AA8A03B3B014B043207C72387FF48F.jpg,,,,,,,,2025-09-17T23:59:59+01:00,PROSPECTUS,16,3
49013,2919956000000,500.0,PorSi,Peixe Espada Branco Posta Higienizada Congelada,Vendido ao peso,6.5,12.99,0,,€/Kg,,Avantages !,https://driveimg1.intermarche.com/pt/Content/images/boitmal/produit/zoom/5026C0E93A34B68958C3C9D8860A7D7F.jpg,,,,,,,,2025-09-17T23:59:59+01:00,PROSPECTUS,16,3
49882,5604260319336,200.0,PorSi,Paio Lombo Fatiado 200G,,2.49,12.45,0,kg,€/Kg,,,https://driveimg1.intermarche.com/pt/Content/images/boitmal/produit/zoom/D86DCD95306C4475736A71E01CBAE1B6.jpg,,,,,,,,2025-09-17T23:59:59+01:00,PROSPECTUS,16,3
5005,5601028000338,,Renova,"Guardanapos brancos, 33x33cm, 2 folhas, 90 unidades",Uma embalagem,1.24,1.24,0,,€/Unidade,,,https://driveimg1.intermarche.com/pt/Content/images/boitmal/produit/zoom/9F219BE4431DFB73ED0C83D11864E280.jpg,,,,,,,,2025-09-17T23:59:59+01:00,PROSPECTUS,16,3
50624,5603722520969,200.0,Mimosa,"Nata culinária sem lactose, 200 ml",,1.04,5.2,200,L,€/L,,,https://driveimg1.intermarche.com/pt/Content/images/boitmal/produit/zoom/17C52EE6D7D8FA0AE40E9527FFF803CC.jpg,,,,,,,,2025-09-17T23:59:59+01:00,PROSPECTUS,16,3
50654,7613287218797,110.0,Nestlé,"Saqueta de fruta banana e morango +12m, 110g",,0.79,7.18,0,kg,€/Kg,,,https://driveimg1.intermarche.com/pt/Content/images/boitmal/produit/zoom/F59987C4DA3FED323F3E6B858D23FD51.jpg,,,,,,,,2025-09-17T23:59:59+01:00,PROSPECTUS,16,3
50950,8410104898496,750.0,Vanish,"Tira nódoas spray roupa branca, 750 ml",,4.49,5.99,750,L,€/L,,,https://driveimg1.intermarche.com/pt/Content/images/boitmal/produit/zoom/0413FE9809C4CF93F596173995893472.jpg,,,,,,,,2025-09-17T23:59:59+01:00,PROSPECTUS,16,3
5135,5601077111023,750.0,Velhotes,"Vinho do porto tawny, garrafa de 0,75 l",,5.49,7.32,750,L,€/L,,,https://driveimg1.intermarche.com/pt/Content/images/boitmal/produit/zoom/C1D5B8EA9BF6276DDBD0FBBB4AE1E08B.jpg,,,,,,,,2025-09-17T23:59:59+01:00,PROSPECTUS,16,3
5143,5601096201309,750.0,Casal Garcia,"Vinho verde branco, garrafa de 0.75 l",,3.49,4.65,750,L,€/L,,,https://driveimg1.intermarche.com/pt/Content/images/boitmal/produit/zoom/C499325EC5B55389E1608DCDF3310034.jpg,,,,,,,,2025-10-01T23:59:59+01:00,PROSPECTUS,16,3
51516,5000204242676,750.0,Pato,"Líquido Sanitário Biodegradável, 750 ml",,1.69,2.25,750,L,€/L,,,https://driveimg1.intermarche.com/pt/Content/images/boitmal/produit/zoom/8C1893E905FC06A67CD929B9867A4141.jpg,,,,,,,,2025-09-17T23:59:59+01:00,PROSPECTUS,16,3
51783,5604260327676,1000.0,PorSi,Iogurte Líquido Morango E Banana 1kg/ 944ml,,1.59,1.59,0,kg,€/Kg,,,https://driveimg1.intermarche.com/pt/Content/images/boitmal/produit/zoom/568FFCB442AD5B312FACD9B2980ADD4A.jpg,,,,,,,,2025-09-17T23:59:59+01:00,PROSPECTUS,16,3
52106,5604260327720,750.0,Selecção de Enófilos,"Vinho Branco Doc Dão Reserva 0,75L",,3.49,4.65,750,L,€/L,,,https://driveimg1.intermarche.com/pt/Content/images/boitmal/produit/zoom/E907471CBBE946AD70133893E47545D7.jpg,,,,,,,,2025-10-01T23:59:59+01:00,PROSPECTUS,16,3
52295,3023290072073,160.0,Lindahls,"Iogurte sólido proteico framboesa, embalagem de 160 g",,0.99,6.19,0,kg,€/Kg,,,https://driveimg1.intermarche.com/pt/Content/images/boitmal/produit/zoom/C87353FCE0F8B5DFB52D6384E482BABB.jpg,,,,,,,,2025-09-17T23:59:59+01:00,PROSPECTUS,16,3
52296,3023290072097,160.0,Lindahls,"Iogurte sólido proteico stracciatella, embalagem de 160 g",,1.09,6.81,0,kg,€/Kg,,,https://driveimg1.intermarche.com/pt/Content/images/boitmal/produit/zoom/F40178A8CA528D15DB7CD5F4CB218526.jpg,,,,,,,,2025-09-17T23:59:59+01:00,PROSPECTUS,16,3
52297,3023290072134,160.0,Lindahls,"Iogurte sólido proteico pêssego maracujá, embalagem de 160 g",,0.99,6.19,0,kg,€/Kg,,,https://driveimg1.intermarche.com/pt/Content/images/boitmal/produit/zoom/8E044D245812210B87881DDCE4C62971.jpg,,,,,,,,2025-09-17T23:59:59+01:00,PROSPECTUS,16,3
52302,3600542512428,400.0,Garnier,Champô Ultra Suave Carvão,Embalagem de 400ml,5.89,14.73,400,L,€/L,,Produtos Bio,https://driveimg1.intermarche.com/pt/Content/images/boitmal/produit/zoom/C53BE5FF3815607BB10E6D7A8D669C09.jpg,,,,,,,,2025-09-17T23:59:59+01:00,PROSPECTUS,16,3
52429,8000825075100,,Giotto,Marcadores Turbo Maxi,12 Unidades,4.99,4.99,0,,€/Unidade,,,https://driveimg1.intermarche.com/pt/Content/images/boitmal/produit/zoom/2BDF14F768C92E476E0E66F6870057B5.jpg,,,,,,,,2025-09-17T23:59:59+01:00,PROSPECTUS,16,3
52523,5604260328055,350.0,PorSi,Presunto Minho 9M Pedaco 350G,,4.99,14.26,0,kg,€/Kg,,,https://driveimg1.intermarche.com/pt/Content/images/boitmal/produit/zoom/890A27B96329E8B84091CA489B3547BF.jpg,,,,,,,,2025-10-01T23:59:59+01:00,PROSPECTUS,16,3
52598,5601217137975,1710.0,Quanto,"Amaciador roupa concentrado frutos silvestres, 95 doses",,3.99,2.33,1710,L,€/L,,,https://driveimg1.intermarche.com/pt/Content/images/boitmal/produit/zoom/1A92BA40F7151350053A912CC4251BEE.jpg,,,,,,,,2025-09-17T23:59:59+01:00,PROSPECTUS,16,3
52601,5601217137944,1710.0,Quanto,"Amaciador roupa concentrado rubi e jasmim, 95 doses",,3.99,2.33,1710,L,€/L,,,https://driveimg1.intermarche.com/pt/Content/images/boitmal/produit/zoom/F98E5B67EBAD53610C2B7527547160F8.jpg,,,,,,,,2025-09-17T23:59:59+01:00,PROSPECTUS,16,3
52859,8410063094571,1000.0,Pescanova,"Peskitos pescada panada sem glúten, 1 kg",,7.49,7.49,0,kg,€/Kg,,Tipo de stockagem,https://driveimg1.intermarche.com/pt/Content/images/boitmal/produit/zoom/7BDF38BE112B6C73B2BBE43BC17C505D.jpg,https://driveimg1.intermarche.com/pt/Content/images/boitmal/produit/zoom/68AC33F24F2A838C3801DAA9F2505E5E.jpg,https://driveimg1.intermarche.com/pt/Content/images/boitmal/produit/zoom/68AC33F24F2A838C3801DAA9F2505E5E.jpg,https://driveimg1.intermarche.com/pt/Content/images/boitmal/produit/zoom/68AC33F24F2A838C3801DAA9F2505E5E.jpg,,,,,2025-09-17T23:59:59+01:00,PROSPECTUS,16,3
52881,8719200267190,450.0,Becel,"Creme vegetal para barrar original, 450g",,3.56,7.91,0,kg,€/Kg,,,https://driveimg1.intermarche.com/pt/Content/images/boitmal/produit/zoom/7D8CFDDFB89CBA606F61A06158439D60.jpg,https://driveimg1.intermarche.com/pt/Content/images/boitmal/produit/zoom/D67292663C5C1617E51BCDF904BF56A4.jpg,https://driveimg1.intermarche.com/pt/Content/images/boitmal/produit/zoom/D67292663C5C1617E51BCDF904BF56A4.jpg,,,,,,2025-09-17T23:59:59+01:00,PROSPECTUS,16,3
5295,5601174101002,750.0,B.S.E.,"Vinho branco de terras do sado, garrafa de 750 ml",,3.49,4.65,750,L,€/L,,,https://driveimg1.intermarche.com/pt/Content/images/boitmal/produit/zoom/0834EFC8886D45872C6B556960150285.jpg,,,,,,,,2025-10-01T23:59:59+01:00,PROSPECTUS,16,3
5297,5601174205403,750.0,Periquita,"Vinho rosé península de setúbal, garrafa de 0.75 l",,3.69,4.92,750,L,€/L,,,https://driveimg1.intermarche.com/pt/Content/images/boitmal/produit/zoom/5560F493A8F7D29191B8915BD59AAEB5.jpg,,,,,,,,2025-10-01T23:59:59+01:00,PROSPECTUS,16,3
53044,8720181368769,4320.0,Omo,"Detergente roupa máquina líquido, 96 doses",,8.99,2.08,4320,L,€/L,,,https://driveimg1.intermarche.com/pt/Content/images/boitmal/produit/zoom/30BA46CDC8291B3E0F7206BAD1197FAE.jpg,,,,,,,,2025-09-17T23:59:59+01:00,PROSPECTUS,16,3
53081,8410199024701,150.0,Doritos,"Snacks milho nachos dippas, 150g",,1.39,9.27,0,kg,€/Kg,,,https://driveimg1.intermarche.com/pt/Content/images/boitmal/produit/zoom/BF36364EB695B190635DFD34C03ED47E.jpg,https://driveimg1.intermarche.com/pt/Content/images/boitmal/produit/zoom/529878C3C769D792716BED88F66601A9.jpg,https://driveimg1.intermarche.com/pt/Content/images/boitmal/produit/zoom/529878C3C769D792716BED88F66601A9.jpg,https://driveimg1.intermarche.com/pt/Content/images/boitmal/produit/zoom/529878C3C769D792716BED88F66601A9.jpg,,,,,2025-09-17T23:59:59+01:00,PROSPECTUS,16,3
53094,8710438126853,600.0,MCCAIN,"Batatas palito airfryer julienne, 600g",,3.19,5.32,0,kg,€/Kg,,Tipo de stockagem,https://driveimg1.intermarche.com/pt/Content/images/boitmal/produit/zoom/C2A8BC1F7D9CC336FAAB6CB98B74D3B7.jpg,https://driveimg1.intermarche.com/pt/Content/images/boitmal/produit/zoom/B87B5BDFA0443AA962F3A075FC984D04.jpg,,,,,,,2025-09-17T23:59:59+01:00,PROSPECTUS,16,3
53235,8711327578517,330.0,Magnum,"Mini gelados double caramelo, 6 x 55ml",,4.49,13.61,330,L,€/L,,Tipo de stockagem,https://driveimg1.intermarche.com/pt/Content/images/boitmal/produit/zoom/D1720FF46E4B1CE67AD4804729D646D3.jpg,https://driveimg1.intermarche.com/pt/Content/images/boitmal/produit/zoom/A5D7D503499A51157A2748A5C2410941.jpg,https://driveimg1.intermarche.com/pt/Content/images/boitmal/produit/zoom/A5D7D503499A51157A2748A5C2410941.jpg,,,,,,2025-09-17T23:59:59+01:00,PROSPECTUS,16,3
53285,8711327611931,440.0,Magnum,"Gelado classic de baunilha com pedaços de chocolate, 440 ml",,3.49,7.93,440,L,€/L,,Tipo de stockagem,https://driveimg1.intermarche.com/pt/Content/images/boitmal/produit/zoom/F8910385CB357EBCBD02E2C69042A16F.jpg,https://driveimg1.intermarche.com/pt/Content/images/boitmal/produit/zoom/FF1FC639ECCAC73D6D351A9E5E6DB860.jpg,https://driveimg1.intermarche.com/pt/Content/images/boitmal/produit/zoom/FF1FC639ECCAC73D6D351A9E5E6DB860.jpg,,,,,,2025-09-17T23:59:59+01:00,PROSPECTUS,16,3
53894,5604260330119,200.0,PorSi,Alheira Extra Tras Mtes 200G,,1.49,7.45,0,kg,€/Kg,,,https://driveimg1.intermarche.com/pt/Content/images/boitmal/produit/zoom/E9BBDFD16A9F3A3C592D3751C158587D.jpg,,,,,,,,2025-10-01T23:59:59+01:00,PROSPECTUS,16,3
54034,3154142428301,,Maped,Conjunti Desenho Start 4 Peças,,1.89,1.89,0,,€/Unidade,,,https://driveimg1.intermarche.com/pt/Content/images/boitmal/produit/zoom/EF12153B91FB1861DB28F71CBBE1D98B.jpg,,,,,,,,2025-09-17T23:59:59+01:00,PROSPECTUS,16,3
54277,3600542571982,400.0,Garnier,"Shampoo Ultra Suave Água de Arroz, 400ml",,5.89,14.73,400,L,€/L,,,https://driveimg1.intermarche.com/pt/Content/images/boitmal/produit/zoom/BCD88ADADB3465B3B2A59EA32CB5BB9E.jpg,,,,,,,,2025-09-17T23:59:59+01:00,PROSPECTUS,16,3
54320,8718951559721,100.0,Colgate,"Pasta De Dentes Maximum Caries Protection, 100ml",,2.14,21.4,100,L,€/L,,,https://driveimg1.intermarche.com/pt/Content/images/boitmal/produit/zoom/FB112999317664A7E18AAA81FF2A5D06.jpg,https://driveimg1.intermarche.com/pt/Content/images/boitmal/produit/zoom/3694932EDFE660C6F958943C13CEE297.jpg,https://driveimg1.intermarche.com/pt/Content/images/boitmal/produit/zoom/3694932EDFE660C6F958943C13CEE297.jpg,https://driveimg1.intermarche.com/pt/Content/images/boitmal/produit/zoom/3694932EDFE660C6F958943C13CEE297.jpg,,,,,2025-09-17T23:59:59+01:00,PROSPECTUS,16,3
54362,8410104914127,,Finish,"Detergente loiça máquina ultimate limão, 32 pastilhas",,8.99,8.99,32,,€/Unidade,,,https://driveimg1.intermarche.com/pt/Content/images/boitmal/produit/zoom/1D3A215F5E688CA6FF7E7D1EDBD7C601.jpg,,,,,,,,2025-09-17T23:59:59+01:00,PROSPECTUS,16,3
54366,8410104915216,,Finish,"Detergente Máquina Loiça Pastilhas Quantum, 64 Pastilhas",,12.49,12.49,0,,€/Unidade,,,https://driveimg1.intermarche.com/pt/Content/images/boitmal/produit/zoom/5C4B3C8D5E0E4174561BE7E3EC34976F.jpg,,,,,,,,2025-09-17T23:59:59+01:00,PROSPECTUS,16,3
54483,8700216266109,330.0,H&S,"Champô Homem Anticaspa Maçã, 330ml",,4.94,14.97,330,L,€/L,,,https://driveimg1.intermarche.com/pt/Content/images/boitmal/produit/zoom/4E5B459E9EFAED34D487FD3DCEFF02CE.jpg,,,,,,,,2025-09-17T23:59:59+01:00,PROSPECTUS,16,3
54540,5000204331660,,Pato,"Discos Sanitários Ativos Gel Dispensador + Recargas Água Azul, 1un.",,2.49,2.49,0,,€/Unidade,,,https://driveimg1.intermarche.com/pt/Content/images/boitmal/produit/zoom/DABD1FAE99B4D7B5B01E813F05047FA7.jpg,,,,,,,,2025-09-17T23:59:59+01:00,PROSPECTUS,16,3
54684,8711327611924,330.0,Magnum,"6 gelados mini chocolate e amêndoa, 330 ml",,3.99,12.09,330,L,€/L,,Tipo de stockagem,https://driveimg1.intermarche.com/pt/Content/images/boitmal/produit/zoom/779A2D41120BAD2364A0B6F639CCEACA.jpg,,,,,,,,2025-09-17T23:59:59+01:00,PROSPECTUS,16,3
54789,8711327608665,400.0,Magnum,"4 gelados chocolate e amêndoa, 400 ml",,3.99,9.98,400,L,€/L,,Tipo de stockagem,https://driveimg1.intermarche.com/pt/Content/images/boitmal/produit/zoom/8722D1A85B18DF132EACF542CF5DDE68.jpg,,,,,,,,2025-09-17T23:59:59+01:00,PROSPECTUS,16,3
54899,8700216419826,275.0,Pantene,"Condicionador Pro-V Active Nutri-Plex Repara E Protege, 275ml",,3.69,13.42,275,L,€/L,,,https://driveimg1.intermarche.com/pt/Content/images/boitmal/produit/zoom/42E0F6C03E558971E19F433EE23E0012.jpg,,,,,,,,2025-09-17T23:59:59+01:00,PROSPECTUS,16,3
55006,8445291133587,220.0,Sical,"Café Moído Torra Portuguesa Int 12, 220g",,3.49,15.86,0,kg,€/Kg,,,https://driveimg1.intermarche.com/pt/Content/images/boitmal/produit/zoom/33C2F971BBBFBDD73942F328C3D0A932.jpg,,,,,,,,2025-09-17T23:59:59+01:00,PROSPECTUS,16,3
55018,5601027117303,430.0,Bimbo,"Pão de forma com Côdea, 430g",,1.74,4.05,0,kg,€/Kg,,,https://driveimg1.intermarche.com/pt/Content/images/boitmal/produit/zoom/8757FB8F05D49E0A715282DD0C0165A7.jpg,https://driveimg1.intermarche.com/pt/Content/images/boitmal/produit/zoom/4C17DB6C614697DA1B5FB0CE80A911CD.jpg,https://driveimg1.intermarche.com/pt/Content/images/boitmal/produit/zoom/4C17DB6C614697DA1B5FB0CE80A911CD.jpg,,,,,,2025-09-17T23:59:59+01:00,PROSPECTUS,16,3
55035,5000116127092,1075.0,Iglo,"Douradinhos de Frango, 1075g",,10.99,10.22,0,kg,€/Kg,,Tipo de stockagem,https://driveimg1.intermarche.com/pt/Content/images/boitmal/produit/zoom/FAB61321DC690D849D3EB2146912C9EF.jpg,,,,,,,,2025-09-17T23:59:59+01:00,PROSPECTUS,16,3
55048,5601027119314,450.0,Bimbo,"Pão de Forma sem Côdea Especial Torradas, 450g",,1.59,3.53,0,kg,€/Kg,,,https://driveimg1.intermarche.com/pt/Content/images/boitmal/produit/zoom/69A45E2426650208EA15662B8A909844.jpg,https://driveimg1.intermarche.com/pt/Content/images/boitmal/produit/zoom/0B04BFB55D3DA88AC5B91EAE2D9E3148.jpg,https://driveimg1.intermarche.com/pt/Content/images/boitmal/produit/zoom/0B04BFB55D3DA88AC5B91EAE2D9E3148.jpg,,,,,,2025-09-17T23:59:59+01:00,PROSPECTUS,16,3
55049,5601027119567,450.0,Bimbo,"Pão de Forma 10 Cereais e Sementes sem Côdea, 450g",,1.99,4.42,0,kg,€/Kg,,,https://driveimg1.intermarche.com/pt/Content/images/boitmal/produit/zoom/26E9BE6F4B3C637AEA623CB59F1782C4.jpg,https://driveimg1.intermarche.com/pt/Content/images/boitmal/produit/zoom/599690F08967F62D33B6420CCF1AEF7E.jpg,https://driveimg1.intermarche.com/pt/Content/images/boitmal/produit/zoom/599690F08967F62D33B6420CCF1AEF7E.jpg,,,,,,2025-09-17T23:59:59+01:00,PROSPECTUS,16,3
55086,5059319023281,330.0,Kellogg's,"Cereais Frosties, 330g",,3.34,10.12,0,kg,€/Kg,,,https://driveimg1.intermarche.com/pt/Content/images/boitmal/produit/zoom/4A3912B5A75EB75C7BCC39DD9B5F5E91.jpg,https://driveimg1.intermarche.com/pt/Content/images/boitmal/produit/zoom/226D3A2E731EFD3929909CABC6256912.jpg,,,,,,,2025-09-17T23:59:59+01:00,PROSPECTUS,16,3
55139,8711327617353,440.0,Magnum,"Gelado Double Caramelo Salgado, 440ml",,3.99,9.07,440,L,€/L,,Tipo de stockagem,https://driveimg1.intermarche.com/pt/Content/images/boitmal/produit/zoom/89C0DA483831A4866F47C15599B22B2A.jpg,,,,,,,,2025-09-17T23:59:59+01:00,PROSPECTUS,16,3
55263,8445291133372,220.0,Sical,"Café Moído Moagem Universal Tradição Int 11, 220g",,3.35,15.23,0,kg,€/Kg,,,https://driveimg1.intermarche.com/pt/Content/images/boitmal/produit/zoom/2C71B4BE8C62CE03863B42CCFD75F09E.jpg,,,,,,,,2025-09-17T23:59:59+01:00,PROSPECTUS,16,3
55913,8711327665873,255.0,Magnum,"Gelado Double Avelã, 3x85ml",,3.99,15.65,255,L,€/L,,Tipo de stockagem,https://driveimg1.intermarche.com/pt/Content/images/boitmal/produit/zoom/EAE32C6B8B64403CBAB0D370AA7C8911.jpg,,,,,,,,2025-09-17T23:59:59+01:00,PROSPECTUS,16,3
56460,5604260334490,200.0,PorSi,Farinheira Beiras 200G,,1.75,8.75,0,kg,€/Kg,,,https://driveimg1.intermarche.com/pt/Content/images/boitmal/produit/zoom/52C12E03029F51C77665D33CD300A905.jpg,,,,,,,,2025-10-01T23:59:59+01:00,PROSPECTUS,16,3
56531,5604260328390,200.0,PorSi,Moira De Lamego 200G,,1.85,9.25,0,kg,€/Kg,,,https://driveimg1.intermarche.com/pt/Content/images/boitmal/produit/zoom/53CE74A10432BB69D192AF2DA57C99F7.jpg,,,,,,,,2025-10-01T23:59:59+01:00,PROSPECTUS,16,3
56713,5604260330157,200.0,PorSi,Chourico De Carne Fundao 200G,,2.54,12.7,0,kg,€/Kg,,,https://driveimg1.intermarche.com/pt/Content/images/boitmal/produit/zoom/DFE7042738B2F064FE4BEB167AF77381.jpg,,,,,,,,2025-10-01T23:59:59+01:00,PROSPECTUS,16,3
5745,5603722513718,1000.0,Vigor,Leite pasteurizado m/g sem lactose,Garrafa de 1 l,1.19,1.19,1000,L,€/L,,,https://driveimg1.intermarche.com/pt/Content/images/boitmal/produit/zoom/4A274333D648928B02F1993344237862.jpg,,,,,,,,2025-09-17T23:59:59+01:00,PROSPECTUS,16,3
6205,8001480020450,2000.0,Neoblanc,Lixívia Denso-Activa Harmonias Florais p/ Casa e Roupa,Embalagem de 2 l,2.99,1.5,2000,L,€/L,,,https://driveimg1.intermarche.com/pt/Content/images/boitmal/produit/zoom/C3481E94CAB9959473CAD676E85F2973.jpg,,,,,,,,2025-09-17T23:59:59+01:00,PROSPECTUS,16,3
6207,8001480020528,2000.0,Neoblanc,Lixívia para roupa tradicional,Embalagem de 2 l,1.74,0.87,2000,L,€/L,,,https://driveimg1.intermarche.com/pt/Content/images/boitmal/produit/zoom/930401C25A92312F34CEB71B016BE255.jpg,,,,,,,,2025-09-17T23:59:59+01:00,PROSPECTUS,16,3
6475,8410436242264,1100.0,Sonasol,"Lava Tudo Brilhante Madeira, embalagem 1,1l",,2.99,2.72,1100,L,€/L,,,https://driveimg1.intermarche.com/pt/Content/images/boitmal/produit/zoom/253E2DA4BDA6D34BDD85D7C760DD7434.jpg,,,,,,,,2025-09-17T23:59:59+01:00,PROSPECTUS,16,3
7105,2894508000000,100.0,Primor,Bacon Extra,"Vendido ao peso, fatiado a partir de 100 gr",1.2,11.99,0,,€/Kg,,,https://driveimg1.intermarche.com/pt/Content/images/boitmal/produit/zoom/BE4896B3454C5EEBE0D9BE9663BD4C36.jpg,,,,,,,,2025-09-17T23:59:59+01:00,PROSPECTUS,16,3
8068,5011417544679,400.0,Finish,Abrilhantador p/ máquina de lavar loiça,Garrafa de 400 ml,4.99,12.48,400,L,€/L,,,https://driveimg1.intermarche.com/pt/Content/images/boitmal/produit/zoom/5D045CC65EE222532216DB5B0BF2A582.jpg,,,,,,,,2025-09-17T23:59:59+01:00,PROSPECTUS,16,3
815,5000116106172,250.0,Capitão Iglo,"Douradinhos de frango, 10 unidades, embalagem de 250g",,3.49,13.96,0,kg,€/Kg,,Tipo de stockagem,https://driveimg1.intermarche.com/pt/Content/images/boitmal/produit/zoom/C5A8F3400BD1CDAA3A658C1B6BE7A4E1.jpg,,,,,,,,2025-09-17T23:59:59+01:00,PROSPECTUS,16,3
8287,5601012002706,750.0,Papa Figos,"Vinho doc douro tinto, garrafa de 0.75 l",,5.89,7.85,750,L,€/L,,,https://driveimg1.intermarche.com/pt/Content/images/boitmal/produit/zoom/3EEE98E8E32B16373BCCF60DD0ED2404.jpg,,,,,,,,2025-10-01T23:59:59+01:00,PROSPECTUS,16,3
8315,5601028013307,,Renova,"Papel higiénico, compacto, extra xxl, folha dupla, 24 unidades",1 embalagem,11.84,11.84,0,,€/Unidade,,,https://driveimg1.intermarche.com/pt/Content/images/boitmal/produit/zoom/8841944F9F3703369828D4B2A56CAC2C.jpg,https://driveimg1.intermarche.com/pt/Content/images/boitmal/produit/zoom/F6866F63DEC5517DB1E2DC48AD701110.jpg,https://driveimg1.intermarche.com/pt/Content/images/boitmal/produit/zoom/52CEDF162CBC9A98A93B293FEE315F10.jpg,,,,,,2025-09-17T23:59:59+01:00,PROSPECTUS,16,3
8396,5601049614330,250.0,Milhafre,"Manteiga com sal, embalagem de 250g",,2.49,9.96,0,kg,€/Kg,,,https://driveimg1.intermarche.com/pt/Content/images/boitmal/produit/zoom/8DCB9F2F3B36086D35B7173891ABA268.jpg,,,,,,,,2025-09-17T23:59:59+01:00,PROSPECTUS,16,3
854,5010394133852,500.0,Pedigree,"Guloseima para cão biscrok, embalagem de 500 g",,3.49,6.98,0,kg,€/Kg,,,https://driveimg1.intermarche.com/pt/Content/images/boitmal/produit/zoom/0D226EB3269B404D077B080902C1C0AC.jpg,,,,,,,,2025-09-17T23:59:59+01:00,PROSPECTUS,16,3
8672,5601164902589,5000.0,Super Bock,"Cerveja com álcool, pack 20 x 25 cl",,9.99,2.0,5000,L,€/L,,,https://driveimg1.intermarche.com/pt/Content/images/boitmal/produit/zoom/2F3621A27B73789EDA7DDA7347F7A8AE.jpg,,,,,,,,2025-09-17T23:59:59+01:00,PROSPECTUS,16,3
8898,5601333051674,750.0,O Tal Vinho da Lixa,"Vinho verde branco, garrafa de 750 ml",,2.24,2.99,750,L,€/L,,,https://driveimg1.intermarche.com/pt/Content/images/boitmal/produit/zoom/99E3C8AD5B7BC228DE7D81019141F430.jpg,,,,,,,,2025-10-01T23:59:59+01:00,PROSPECTUS,16,3
9273,5603344641011,120.0,General,Potas gigantes em caldeirada,Embalagem de 120g,1.79,14.92,0,kg,€/Kg,,,https://driveimg1.intermarche.com/pt/Content/images/boitmal/produit/zoom/5C3202FA402A5C49870336F4F29BB11A.jpg,,,,,,,,2025-09-17T23:59:59+01:00,PROSPECTUS,16,3
9404,5604260042456,400.0,PorSi,Favas Ultracongeladas 400G,,0.99,2.48,0,kg,€/Kg,,Tipo de stockagem,https://driveimg1.intermarche.com/pt/Content/images/boitmal/produit/zoom/5A9309921A63A3A397DF320BF7E6311B.jpg,,,,,,,,2025-09-17T23:59:59+01:00,PROSPECTUS,16,3
980,5601024134488,750.0,Oliveira da Serra,Azeite virgem extra clássico,Embalagem de 750 ml,5.69,7.59,750,L,€/L,,,https://driveimg1.intermarche.com/pt/Content/images/boitmal/produit/zoom/01EF39EFE8396CC9ACA95DC25E9D3412.jpg,,,,,,,,2025-09-17T23:59:59+01:00,PROSPECTUS,16,3
36263,5601027973060,480.0,Bimbo,Pão de forma integral,Embalagem de 480 g,1.89,3.94,0,kg,€/Kg,,,https://driveimg1.intermarche.com/pt/Content/images/boitmal/produit/zoom/D41990E6C0A0B7F82C9AD26E46EBDC0E.jpg,,,,,,,,2025-09-17T23:59:59+01:00,PROSPECTUS,16,3
1195,5601119230224,650.0,Nobre,"Salsichas extra suculentas, frasco de 650 g",,2.23,3.43,0,kg,€/Kg,,,https://driveimg1.intermarche.com/pt/Content/images/boitmal/produit/zoom/F74C2FC7C8B9C0B3ED0E43FFE3B59991.jpg,,,,,,,,2025-09-17T23:59:59+01:00,PROSPECTUS,16,3
35749,5603722509667,800.0,Mimosa,"Leite bem essencial chocolate , embalagem de 4 x 200 ml",,1.69,2.11,800,L,€/L,,,https://driveimg1.intermarche.com/pt/Content/images/boitmal/produit/zoom/66BA85F80F98E7331B63BC3D4684C6AC.jpg,,,,,,,,2025-09-17T23:59:59+01:00,PROSPECTUS,16,3
14708,5601244202332,250.0,Terra Nostra,"Manteiga com sal, embalagem de 250g",,2.29,9.16,0,kg,€/Kg,,,https://driveimg1.intermarche.com/pt/Content/images/boitmal/produit/zoom/34C574538A57B9FC15AB22DC51C8B356.jpg,https://driveimg1.intermarche.com/pt/Content/images/boitmal/produit/zoom/9D76B5CC4F670644A71C1CF49788751C.jpg,,,,,,,2025-09-17T23:59:59+01:00,PROSPECTUS,16,3
15979,5601119242364,650.0,Nobre,"Salsichas de aves extra suculentas, frasco de 650g",,2.23,3.43,0,kg,€/Kg,,,https://driveimg1.intermarche.com/pt/Content/images/boitmal/produit/zoom/F9B3EEFB29AFDD46B059DC76A73501AE.jpg,,,,,,,,2025-09-17T23:59:59+01:00,PROSPECTUS,16,3
6398,8410372182303,75.0,Colgate,"Dentifríco flúor gel, embalagem de 75 ml",,1.99,26.53,75,L,€/L,,,https://driveimg1.intermarche.com/pt/Content/images/boitmal/produit/zoom/3F011A79E5A34E1D47A1369D50D1C53B.jpg,,,,,,,,2025-09-17T23:59:59+01:00,PROSPECTUS,16,3
1680,5602711001625,1000.0,Rar,"Açúcar areado amarelo, embalagem de 1kg",,1.39,1.39,0,kg,€/Kg,,,https://driveimg1.intermarche.com/pt/Content/images/boitmal/produit/zoom/939DA938A8E29956A82E9882A2E704A7.jpg,,,,,,,,2025-09-17T23:59:59+01:00,PROSPECTUS,16,3
21767,7613035487871,90.0,Nestlé,"Fruta para bebé multifrutas +4 meses, embalagem de 90g",,0.65,7.22,0,kg,€/Kg,,,https://driveimg1.intermarche.com/pt/Content/images/boitmal/produit/zoom/1B1A7DCEC52C23E2760C4FE3A24A75EE.jpg,,,,,,,,2025-09-17T23:59:59+01:00,PROSPECTUS,16,3
25397,8426617014032,90.0,Haribo,"Gomas favoritos açúcar, 90g",,1.04,11.56,0,kg,€/Kg,,,https://driveimg1.intermarche.com/pt/Content/images/boitmal/produit/zoom/1EFF4668A730EBFA293CBDB88FDD711E.jpg,,,,,,,,2025-09-17T23:59:59+01:00,PROSPECTUS,16,3
35913,5603722498022,800.0,Mimosa,"Leite bem essencial morango , embalagem de 4 x 200 ml",,1.69,2.11,800,L,€/L,,,https://driveimg1.intermarche.com/pt/Content/images/boitmal/produit/zoom/4B6AB6C5E199D6DAC849805FE4702BB4.jpg,,,,,,,,2025-09-17T23:59:59+01:00,PROSPECTUS,16,4
36170,5604260295654,1000.0,PorSi,Batata pré-frita palito,Embalagem de 1 kg,1.79,1.79,0,kg,€/Kg,,Tipo de stockagem,https://driveimg1.intermarche.com/pt/Content/images/boitmal/produit/zoom/3CCF0DFFCA76AEE7F401DF2681D9A02B.jpg,,,,,,,,2025-09-17T23:59:59+01:00,PROSPECTUS,16,4
1468,5601286250780,500.0,Milaneza,"Massa maçarronete riscado, embalagem de 500g",,1.04,2.08,0,kg,€/Kg,,,https://driveimg1.intermarche.com/pt/Content/images/boitmal/produit/zoom/BA4109E5185276DFC6B9D6597899335A.jpg,,,,,,,,2025-09-17T23:59:59+01:00,PROSPECTUS,16,4
14408,5601012004427,750.0,Trinca Bolotas,"Vinho doc alentejo tinto, garrafa de 0.75 l",,5.24,6.99,750,L,€/L,,,https://driveimg1.intermarche.com/pt/Content/images/boitmal/produit/zoom/CE8D5D13DE743123565142F1E6733CF4.jpg,,,,,,,,2025-10-01T23:59:59+01:00,PROSPECTUS,16,4
5036,5601028012164,,Renova,"Papel higiénico compacto, extra xxl, 6 rolos",Uma embalagem,2.96,2.96,0,,€/Unidade,,,https://driveimg1.intermarche.com/pt/Content/images/boitmal/produit/zoom/9367736D84791631B6A81B574D2BBA50.jpg,https://driveimg1.intermarche.com/pt/Content/images/boitmal/produit/zoom/1F9398A5B85712D9E30015F112CCAF6E.jpg,https://driveimg1.intermarche.com/pt/Content/images/boitmal/produit/zoom/84ED764CBC37072F87BD089140194A37.jpg,,,,,,2025-09-17T23:59:59+01:00,PROSPECTUS,16,4
14698,7613034570512,90.0,Nestlé,"Fruta para bebé 4 frutas +4 meses, embalagem de 90g",,0.65,7.22,0,kg,€/Kg,,,https://driveimg1.intermarche.com/pt/Content/images/boitmal/produit/zoom/3717C2AF583A80AD83A765BB8032F767.jpg,,,,,,,,2025-09-17T23:59:59+01:00,PROSPECTUS,16,4
11496,5601049213991,200.0,Mimosa,"Nata uht, embalagem de 200 ml",,0.91,4.55,200,L,€/L,,,https://driveimg1.intermarche.com/pt/Content/images/boitmal/produit/zoom/8FC5ABCE23EB48F851FFE29C53BFA5D9.jpg,,,,,,,,2025-09-17T23:59:59+01:00,PROSPECTUS,16,4
20918,5000116110964,840.0,Capitão Iglo,"30 douradinhos, embalagem de 840g",,8.99,10.7,0,kg,€/Kg,,Tipo de stockagem,https://driveimg1.intermarche.com/pt/Content/images/boitmal/produit/zoom/3C52B0905F2F1ACE3D67359B13FE0331.jpg,,,,,,,,2025-09-17T23:59:59+01:00,PROSPECTUS,16,4
44902,5601286248787,500.0,Milaneza,"Massa conchas, 500g",,1.04,2.08,0,kg,€/Kg,,,https://driveimg1.intermarche.com/pt/Content/images/boitmal/produit/zoom/47B035D4D71BAB8FACEBBDD297C9B9B8.jpg,,,,,,,,2025-09-17T23:59:59+01:00,PROSPECTUS,16,4
1988,5604260063383,350.0,PorSi,Mini Tostas De Trigo 350G,,1.99,5.69,0,kg,€/Kg,,,https://driveimg1.intermarche.com/pt/Content/images/boitmal/produit/zoom/0215D12BDD107E1A2372B3F823BE30C6.jpg,,,,,,,,2025-10-01T23:59:59+01:00,PROSPECTUS,16,4
2587,7622300165628,160.0,Oreo,"Bolachas mini, embalagem de 160g",,1.84,11.5,0,kg,€/Kg,,,https://driveimg1.intermarche.com/pt/Content/images/boitmal/produit/zoom/F9C526AA63F496736DBEE08B88A78CA2.jpg,,,,,,,,2025-09-17T23:59:59+01:00,PROSPECTUS,16,4
37443,7613037040869,250.0,Nestum,"Nestum zero espelta/aveia, embalagem de 250g",,2.24,8.96,0,kg,€/Kg,,,https://driveimg1.intermarche.com/pt/Content/images/boitmal/produit/zoom/BF80E2BF1A95765256612BEC5A65D8DD.jpg,,,,,,,,2025-09-17T23:59:59+01:00,PROSPECTUS,16,4
14075,2891270000000,800.0,Bovino,Picanha,Vendido ao peso a partir de 800 g,12.39,15.49,0,,€/Kg,,,https://driveimg1.intermarche.com/pt/Content/images/boitmal/produit/zoom/E46BAE24DB78F38B82D6A78A68640322.jpg,,,,,,,,2025-09-17T23:59:59+01:00,PROSPECTUS,16,4
25214,7613035930551,90.0,Nestlé,"Fruta para bebé maçã banana morango +8 meses, embalagem de 90g",,0.65,7.22,0,kg,€/Kg,,,https://driveimg1.intermarche.com/pt/Content/images/boitmal/produit/zoom/A2E1B043C34553B91FFED35123D220EC.jpg,,,,,,,,2025-09-17T23:59:59+01:00,PROSPECTUS,16,4
8537,5601119957206,120.0,Campofrio,"Peito frango forno lenha fatias clássicas, embalagem de 120g",,2.39,19.92,0,kg,€/Kg,,,https://driveimg1.intermarche.com/pt/Content/images/boitmal/produit/zoom/A5EDB423B7786C27645C35469FF56E84.jpg,,,,,,,,2025-09-17T23:59:59+01:00,PROSPECTUS,16,4
11640,5601180000993,1000.0,Vigor,"Leite pasteurizado gordo, de 1l",,1.08,1.08,1000,L,€/L,,,https://driveimg1.intermarche.com/pt/Content/images/boitmal/produit/zoom/12B86C68D7331166E668398B8E667665.jpg,,,,,,,,2025-09-17T23:59:59+01:00,PROSPECTUS,16,4
40666,5604260303717,500.0,PorSi,Queijo Vaca Curado Amanteigado 500G,,4.79,9.58,0,kg,€/Kg,,,https://driveimg1.intermarche.com/pt/Content/images/boitmal/produit/zoom/FA9B99B490F3B05F95DF1946378C72AD.jpg,,,,,,,,2025-10-01T23:59:59+01:00,PROSPECTUS,16,4
12471,8435257040868,640.0,Nestlé,"Iogurte líquido yoggi morango/banana, embalagem de 4 x 160g",,1.99,3.11,0,kg,€/Kg,,,https://driveimg1.intermarche.com/pt/Content/images/boitmal/produit/zoom/E92C48D7A1A5BA67322D0E6250F5BAFF.jpg,,,,,,,,2025-09-17T23:59:59+01:00,PROSPECTUS,16,4
16003,5000116109630,300.0,Capitão Iglo,"12 douradinhos forníssimo, embalagem de 300g",,3.98,13.27,0,kg,€/Kg,,Tipo de stockagem,https://driveimg1.intermarche.com/pt/Content/images/boitmal/produit/zoom/544992A31EAE2C5ED6C344C7B21BC2DA.jpg,,,,,,,,2025-09-17T23:59:59+01:00,PROSPECTUS,16,4
30170,5604260274956,200.0,PorSi,Alheira Esp.Tras Os Mtes 200G,,1.49,7.45,0,kg,€/Kg,,,https://driveimg1.intermarche.com/pt/Content/images/boitmal/produit/zoom/19929337FCFE5B600DFE0ACDB988D2AA.jpg,,,,,,,,2025-10-01T23:59:59+01:00,PROSPECTUS,16,4
5439,5601314228248,750.0,Vitalis,"Água mineral sem gás sport, garrafa de 750 ml",,0.57,0.76,750,L,€/L,,,https://driveimg1.intermarche.com/pt/Content/images/boitmal/produit/zoom/010F08729D04976DF26AE7ABDA2D160B.jpg,,,,,,,,2025-09-17T23:59:59+01:00,PROSPECTUS,16,4
939,5601001315107,200.0,Nestlé,"Mistura solúvel tofina despertar, embalagem de 200g",,2.89,14.45,0,kg,€/Kg,,,https://driveimg1.intermarche.com/pt/Content/images/boitmal/produit/zoom/CC5A47735407D4C3B415883C0C674337.jpg,,,,,,,,2025-09-17T23:59:59+01:00,PROSPECTUS,16,4
14458,7613034678607,90.0,Nestlé,"Fruta para bebé banana maçã +4 meses, embalagem de 90g",,0.65,7.22,0,kg,€/Kg,,,https://driveimg1.intermarche.com/pt/Content/images/boitmal/produit/zoom/0F3547F16577E97D821E3E9FDD9F17B9.jpg,,,,,,,,2025-09-17T23:59:59+01:00,PROSPECTUS,16,4
32318,2891008000000,800.0,Novilho,Bife da Rabadilha,Vendido ao peso a partir de 800 g,11.19,13.99,0,,€/Kg,,,https://driveimg1.intermarche.com/pt/Content/images/boitmal/produit/zoom/7CA2802CDA45BD2E9E5EF6C3219166BA.jpg,,,,,,,,2025-09-17T23:59:59+01:00,PROSPECTUS,16,4
8800,5601244201922,200.0,Terra Nostra,"Queijo em fatias redução de gordura, embalagem de 200g",,2.39,11.95,0,kg,€/Kg,,,https://driveimg1.intermarche.com/pt/Content/images/boitmal/produit/zoom/4D3628F49627348D2ED37AEDC80914E5.jpg,,,,,,,,2025-09-17T23:59:59+01:00,PROSPECTUS,16,4
14230,5601089080829,113.0,Royal,"Fermento em pó, lata 110g",,1.59,14.07,0,kg,€/Kg,,,https://driveimg1.intermarche.com/pt/Content/images/boitmal/produit/zoom/24CF6B830E9333635B517F9E014F6916.jpg,,,,,,,,2025-09-17T23:59:59+01:00,PROSPECTUS,16,4
1491,5601363001168,120.0,Doritos,"Aperitivos tex mex, embalagem de 120g",,1.39,11.58,0,kg,€/Kg,,,https://driveimg1.intermarche.com/pt/Content/images/boitmal/produit/zoom/1053755FDFA8216E31D4BC77D22F56B2.jpg,,,,,,,,2025-09-17T23:59:59+01:00,PROSPECTUS,16,4
15886,5601027003859,210.0,Manhãzitos,Manhãzitos original,Embalagem 6x2 unidades,2.44,11.62,0,kg,€/Kg,,,https://driveimg1.intermarche.com/pt/Content/images/boitmal/produit/zoom/D2671B23864F1CA5A9263FD51CDCA260.jpg,,,,,,,,2025-09-17T23:59:59+01:00,PROSPECTUS,16,4
21577,5602947000713,750.0,Quinta da Pacheca,Vinho rosé doc douro,Garrafa de 750 ml,5.99,7.99,750,L,€/L,,,https://driveimg1.intermarche.com/pt/Content/images/boitmal/produit/zoom/99C3E3FF1B0370B7F352668571EDA823.jpg,,,,,,,,2025-10-01T23:59:59+01:00,PROSPECTUS,16,4
40347,8410076471604,350.0,Old El Paso,"6 tortilhas de trigo wrap, embalagem de 350g",,2.69,7.69,0,kg,€/Kg,,,https://driveimg1.intermarche.com/pt/Content/images/boitmal/produit/zoom/1EB2056E778DEB67B0CA58563B07CF9B.jpg,,,,,,,,2025-09-17T23:59:59+01:00,PROSPECTUS,16,4
46517,5000204208917,750.0,Pato,"Líquido sanitário ação total pinho, 750 ml",,1.94,2.59,750,L,€/L,,,https://driveimg1.intermarche.com/pt/Content/images/boitmal/produit/zoom/08C17A1F547C898E2E6E9CBB3441BB2A.jpg,,,,,,,,2025-09-17T23:59:59+01:00,PROSPECTUS,16,4
50405,8445290489173,900.0,Cerelac,"Papa Infantil 12 meses, 900g",,6.29,6.99,0,kg,€/Kg,,,https://driveimg1.intermarche.com/pt/Content/images/boitmal/produit/zoom/79C2E535CBAB06EFF8E7EE2B8A2191BC.jpg,,,,,,,,2025-09-17T23:59:59+01:00,PROSPECTUS,16,4
51781,5604260327652,1000.0,PorSi,Iogurte Líquido Morango 1Kg/ 944Ml,,1.59,1.59,0,kg,€/Kg,,,https://driveimg1.intermarche.com/pt/Content/images/boitmal/produit/zoom/CC88AAD4451E8700447A902943123884.jpg,,,,,,,,2025-09-17T23:59:59+01:00,PROSPECTUS,16,4
7231,3059941005008,750.0,Harpic,"Gel wc tripla ação com lixívia, de 750 ml",,1.99,2.65,750,L,€/L,,,https://driveimg1.intermarche.com/pt/Content/images/boitmal/produit/zoom/709DE4E0C5656AA740292F75F71F1AE8.jpg,,,,,,,,2025-09-17T23:59:59+01:00,PROSPECTUS,16,4
1014,5601043111149,1000.0,Espiga,"Farinha sem fermento tipo 65, embalagem de 1 kg",,1.29,1.29,0,kg,€/Kg,,,https://driveimg1.intermarche.com/pt/Content/images/boitmal/produit/zoom/0956112EF7C4C6A7364E7D84CAC59686.jpg,,,,,,,,2025-09-17T23:59:59+01:00,PROSPECTUS,16,4
19607,7613035376625,90.0,Nestlé,Fruta para bebé maçã banana aveia +6 meses,Embalagem de 90g,0.65,7.22,0,kg,€/Kg,,,https://driveimg1.intermarche.com/pt/Content/images/boitmal/produit/zoom/63EF160EDC28D2A349A30B7555DC57D7.jpg,,,,,,,,2025-09-17T23:59:59+01:00,PROSPECTUS,16,4
36708,5604260296767,250.0,PorSi,Queijo Fresco Clássico 4X62.5G,,2.45,9.8,0,kg,€/Kg,,,https://driveimg1.intermarche.com/pt/Content/images/boitmal/produit/zoom/808A63EFAEF8DEF4BD0506202DEB45EF.jpg,,,,,,,,2025-09-17T23:59:59+01:00,PROSPECTUS,16,4
37510,7613036841498,90.0,Nestlé,"Pacote maçã e pêssego, embalagem de 90g",,0.65,7.22,0,kg,€/Kg,,,https://driveimg1.intermarche.com/pt/Content/images/boitmal/produit/zoom/E9135C730A89C3C259880AD7C684D6EF.jpg,,,,,,,,2025-09-17T23:59:59+01:00,PROSPECTUS,16,4
49964,8719200238176,225.0,Becel,"Creme de barrar, embalagem de 225g",,1.99,8.84,0,kg,€/Kg,,,https://driveimg1.intermarche.com/pt/Content/images/boitmal/produit/zoom/02C3B8CB4BF40DA381639A6BD63AEBA6.jpg,,,,,,,,2025-09-17T23:59:59+01:00,PROSPECTUS,16,4
52175,5449000217165,1980.0,Coca-Cola,"Refrigerante zero açúcar, pack lata 6 x 330 ml",,4.31,2.18,1980,L,€/L,,,https://driveimg1.intermarche.com/pt/Content/images/boitmal/produit/zoom/58FFEC9210E1D3C2B0DE2DA5552DC2F8.jpg,,,,,,,,2025-09-17T23:59:59+01:00,PROSPECTUS,16,4
16962,5601029004113,385.0,Bom Petisco,"Atum posta em azeite, embalagem de 390g",,5.24,13.61,0,kg,€/Kg,,,https://driveimg1.intermarche.com/pt/Content/images/boitmal/produit/zoom/0C4E57981E99F5D956BAC878E526BF89.jpg,,,,,,,,2025-09-17T23:59:59+01:00,PROSPECTUS,16,4
30173,5607238032022,330.0,Casa de Mateus,"Doce de morango, embalagem de 330g",,2.59,7.85,0,kg,€/Kg,,,https://driveimg1.intermarche.com/pt/Content/images/boitmal/produit/zoom/2D6070A1F1EB4D27068EDD936E4C7823.jpg,,,,,,,,2025-09-17T23:59:59+01:00,PROSPECTUS,16,4
37604,5601244500148,1000.0,Terra Nostra,"Leite pastagem uht terra nostra inteiro, de 1l",,1.0,1.0,1000,L,€/L,,,https://driveimg1.intermarche.com/pt/Content/images/boitmal/produit/zoom/3B4C7B765CD878B7B162B4FFE368B474.jpg,https://driveimg1.intermarche.com/pt/Content/images/boitmal/produit/zoom/CA7222E1CEE2BE2C3D48716FA51D8421.jpg,,,,,,,2025-09-17T23:59:59+01:00,PROSPECTUS,16,4
15103,2892313000000,250.0,Fruta,Romã,1 un = 250 gr  (aprox.),0.75,2.99,0,,€/Kg,,,https://driveimg1.intermarche.com/pt/Content/images/boitmal/produit/zoom/E85BA7F4F9F4640997312261C692956D.jpg,,,,,,,,2025-09-17T23:59:59+01:00,PROSPECTUS,16,4
25215,7613035930582,90.0,Nestlé,"Fruta para bebé maçã manga +6 meses, embalagem de 90g",,0.65,7.22,0,kg,€/Kg,,,https://driveimg1.intermarche.com/pt/Content/images/boitmal/produit/zoom/1A0BFDB38CDBA8991FD9074B384368B9.jpg,,,,,,,,2025-09-17T23:59:59+01:00,PROSPECTUS,16,4
2740,8410063016627,400.0,Pescanova,"4 filetes de pescada panados com limão, embalagem de 400g",,4.99,12.48,0,kg,€/Kg,,Tipo de stockagem,https://driveimg1.intermarche.com/pt/Content/images/boitmal/produit/zoom/793D04BEFB15F5DF82BA7896A4F9F018.jpg,,,,,,,,2025-09-17T23:59:59+01:00,PROSPECTUS,16,4
37991,5601027946200,450.0,Bimbo,Pão integral sem côdea,Embalagem de 450 g,1.99,4.42,0,kg,€/Kg,,,https://driveimg1.intermarche.com/pt/Content/images/boitmal/produit/zoom/F51F7A9C9A8DEFAFD2BD4E66CE470724.jpg,,,,,,,,2025-09-17T23:59:59+01:00,PROSPECTUS,16,4
41874,8718951313316,75.0,Colgate,"Pasta dentífrica cool mint, 75 ml",,2.29,30.53,75,L,€/L,,,https://driveimg1.intermarche.com/pt/Content/images/boitmal/produit/zoom/2DAA61BE6D06A4399D41EFB19DA0D088.jpg,,,,,,,,2025-09-17T23:59:59+01:00,PROSPECTUS,16,4
43392,5604260311378,375.0,PorSi,Cereais Bolas C/Mel 375G,,1.79,4.77,0,kg,€/Kg,,,https://driveimg1.intermarche.com/pt/Content/images/boitmal/produit/zoom/E686EAE4A3B1CBA594ADC6301BF9F075.jpg,,,,,,,,2025-09-17T23:59:59+01:00,PROSPECTUS,16,4
48157,5604260321261,1000.0,Porsi Vivabem,Bebida De Soja 0% Açúcares Adicionados 1L,,0.79,0.79,1000,L,€/L,,,https://driveimg1.intermarche.com/pt/Content/images/boitmal/produit/zoom/7C840C9AA80A8A587DE7E0362CD9F3E4.jpg,,,,,,,,2025-09-17T23:59:59+01:00,PROSPECTUS,16,4
51784,5604260327683,1000.0,PorSi,Iogurte Líquido Magro Morango 1Kg/ 963Ml,,1.54,1.54,0,kg,€/Kg,,,https://driveimg1.intermarche.com/pt/Content/images/boitmal/produit/zoom/B0E18B7A21CC999A008B26FEB2D32234.jpg,,,,,,,,2025-09-17T23:59:59+01:00,PROSPECTUS,16,4
