identifier,produitEan13,capacite,marque,libelle,conditionnement,prix,unitPrice,volume,typeProduit_uniteByCode,unit_value,pictogrammes_0,pictogrammes_libelleCategorie,images_0,images_1,images_2,images_3,images_4,avantages_dateFin,avantages_categorie,nro_paginas,page,images_5
24838,5601164903722,7500.0,Super Bock,"Cerveja com álcool, pack 30 x 0.25 l",,13.85,1.85,7500,L,€/L,,,https://driveimg1.intermarche.com/pt/Content/images/boitmal/produit/zoom/F70F225DD8BCAD2EFB4E63DAAFD05BBF.jpg,,,,,2025-06-25T23:59:59.999999999+01:00,PROSPECTUS,14,1,
1135,5601082022758,250.0,Delta,Café torrado lote chávena máquina,Embalagem de 250g,3.24,12.96,0,kg,€/Kg,,,https://driveimg1.intermarche.com/pt/Content/images/boitmal/produit/zoom/13E9F03FF8FB53EE57516E14277CD628.jpg,,,,,2025-06-25T23:59:59.999999999+01:00,PROSPECTUS,14,1,
1326,5601164113701,500.0,Super Bock,"Cerveja com álcool, lata, garrafa de 500 ml",,0.85,1.7,500,L,€/L,,,https://driveimg1.intermarche.com/pt/Content/images/boitmal/produit/zoom/0AB2770B97F8A4B3E443129A7F4E33FA.jpg,,,,,2025-06-25T23:59:59.999999999+01:00,PROSPECTUS,14,1,
13914,2891225000000,350.0,Frango,Perna com Costa,1 un. = 300 g (aprox.),0.7,1.99,0,,€/Kg,,,https://driveimg1.intermarche.com/pt/Content/images/boitmal/produit/zoom/D1297D1CD095629263E582A65B4C3857.jpg,,,,,2025-06-25T23:59:59.999999999+01:00,PROSPECTUS,14,1,
12299,8003520013064,300.0,Palmolive,"Sabonete líquido de leite de amêndoas, recarga, 300 ml",,1.79,5.97,300,L,€/L,,,https://driveimg1.intermarche.com/pt/Content/images/boitmal/produit/zoom/35D2E48138CCA33503CE2D19DC83E44D.jpg,,,,,2025-06-25T23:59:59.999999999+01:00,PROSPECTUS,14,1,
13537,2893529000000,250.0,Peixaria,Sardinha Congelada,1 un = 250 gr  (aprox.),0.72,2.89,0,,€/Kg,,Avantages !,https://driveimg1.intermarche.com/pt/Content/images/boitmal/produit/zoom/20CBBBB0702ADDE0888E404D1EC78925.jpg,,,,,2025-06-25T23:59:59.999999999+01:00,PROSPECTUS,14,1,
14038,2696013000000,80.0,Padaria,Bola mistura,1 unidade= 80 g,0.19,2.38,0,kg,€/Kg,,,https://driveimg1.intermarche.com/pt/Content/images/boitmal/produit/zoom/509539D5119FE663643D444B9A3F9D6A.jpg,,,,,2025-06-25T23:59:59.999999999+01:00,PROSPECTUS,14,1,
29248,5000204802689,400.0,Raid,Insecticida Casa e Plantas,400 ml,4.79,11.98,400,L,€/L,,,https://driveimg1.intermarche.com/pt/Content/images/boitmal/produit/zoom/D9BDB5EC6E253EBB459466D1BE77CC12.jpg,,,,,2025-08-06T23:59:59.999999999+01:00,PROSPECTUS,14,1,
13833,2892579000000,300.0,Legumes,Pepino,1 un = 300 gr  (aprox.),0.3,0.99,0,,€/Kg,,,https://driveimg1.intermarche.com/pt/Content/images/boitmal/produit/zoom/BD2734BFC4704D52A466FC85B929304E.jpg,,,,,2025-06-25T23:59:59.999999999+01:00,PROSPECTUS,14,1,
21577,5602947000713,750.0,Quinta da Pacheca,Vinho rosé doc douro,Garrafa de 750 ml,5.49,7.32,750,L,€/L,,,https://driveimg1.intermarche.com/pt/Content/images/boitmal/produit/zoom/99C3E3FF1B0370B7F352668571EDA823.jpg,,,,,2025-06-25T23:59:59.999999999+01:00,PROSPECTUS,14,1,
48018,7613287492111,340.0,Felix,Comida Húmida Gato Seleção do Campo Gelatina,Embalagem de 4 x 85 g,2.24,6.59,0,kg,€/Kg,,,https://driveimg1.intermarche.com/pt/Content/images/boitmal/produit/zoom/C0DE4D13141D71FBD5B676052866AD04.jpg,,,,,2025-06-25T23:59:59.999999999+01:00,PROSPECTUS,14,1,
37443,7613037040869,250.0,Nestum,"Nestum zero espelta/aveia, embalagem de 250g",,2.24,8.96,0,kg,€/Kg,,,https://driveimg1.intermarche.com/pt/Content/images/boitmal/produit/zoom/BF80E2BF1A95765256612BEC5A65D8DD.jpg,,,,,2025-06-25T23:59:59.999999999+01:00,PROSPECTUS,14,1,
53785,8410436445313,4500.0,Persil,Detergente Máquina Roupa Líquido Color,Embalagem de 100 Doses,14.49,3.22,4500,L,€/L,,,https://driveimg1.intermarche.com/pt/Content/images/boitmal/produit/zoom/7FBC9C8E94F81A949856A2F09E247E5D.jpg,https://driveimg1.intermarche.com/pt/Content/images/boitmal/produit/zoom/C1FEC9F1EC504236CF01E6C61B51EB05.jpg,https://driveimg1.intermarche.com/pt/Content/images/boitmal/produit/zoom/C1FEC9F1EC504236CF01E6C61B51EB05.jpg,,,2025-06-25T23:59:59.999999999+01:00,PROSPECTUS,14,1,
5894,5604260227570,6000.0,Kings Bräu,Cerveja Mini,pack 24 x 0.25 l,8.59,1.43,6000,L,€/L,,,https://driveimg1.intermarche.com/pt/Content/images/boitmal/produit/zoom/5DEA580DD99DE706787081D6054A670F.jpg,,,,,2025-06-25T23:59:59.999999999+01:00,PROSPECTUS,14,1,
18595,8410500016012,400.0,Danonino Danone,"Iogurte líquido danonino morango, embalagem de 4 x 100g",,2.09,5.23,0,kg,€/Kg,,,https://driveimg1.intermarche.com/pt/Content/images/boitmal/produit/zoom/00E1EF11C0C6DBF4F5207E20D5392DA2.jpg,,,,,2025-06-25T23:59:59.999999999+01:00,PROSPECTUS,14,1,
40855,8712561483094,200.0,Vaseline,"Loção Cacao Radiante, 200 ml",,2.39,11.95,200,L,€/L,,,https://driveimg1.intermarche.com/pt/Content/images/boitmal/produit/zoom/EE37A6DC2D913E08A23D177928C29AE8.jpg,,,,,2025-06-25T23:59:59.999999999+01:00,PROSPECTUS,14,1,
47109,7613287218704,110.0,Nestlé,"Bolsitas de puré de 4 frutas, embalagem de 110g",,0.74,6.73,0,kg,€/Kg,,,https://driveimg1.intermarche.com/pt/Content/images/boitmal/produit/zoom/AAE972318DF3C7B29E7A2F9B4E66DEFB.jpg,,,,,2025-06-25T23:59:59.999999999+01:00,PROSPECTUS,14,1,
13561,2893555000000,400.0,Peixaria,Red Fish Congelado,,1.8,4.49,0,,€/Kg,,Avantages !,https://driveimg1.intermarche.com/pt/Content/images/boitmal/produit/zoom/6B51C5A0022242B4A2691EFB27EE24DC.jpg,,,,,2025-06-25T23:59:59.999999999+01:00,PROSPECTUS,14,1,
8400,5601050033779,620.0,Danone,"Iogurte activia líquido cereais, embalagem de 4 x 155 g",,1.99,3.21,0,kg,€/Kg,,,https://driveimg1.intermarche.com/pt/Content/images/boitmal/produit/zoom/3AC3707CF655B8CC61D2C80E4828D7C8.jpg,,,,,2025-06-25T23:59:59.999999999+01:00,PROSPECTUS,14,1,
19703,4008429059292,60.0,Catisfactions,"Snack para gato de salmão e queijo, embalagem de 60g",,1.69,28.17,0,kg,€/Kg,,,https://driveimg1.intermarche.com/pt/Content/images/boitmal/produit/zoom/9464440B214358D6A557BBCBF89B20A6.jpg,,,,,2025-06-25T23:59:59.999999999+01:00,PROSPECTUS,14,1,
4987,5601012115505,750.0,Planalto,"Vinho doc douro branco, garrafa de 0.75 l",,3.99,5.32,750,L,€/L,,,https://driveimg1.intermarche.com/pt/Content/images/boitmal/produit/zoom/D4AD0E54C5A44C41C52E5EE1F77D08EB.jpg,,,,,2025-06-25T23:59:59.999999999+01:00,PROSPECTUS,14,1,
13894,2891044000000,1000.0,Porco,Entremeada sem Entrecosto,Vendido ao peso a partir de 1 kg,4.49,4.49,0,,€/Kg,,,https://driveimg1.intermarche.com/pt/Content/images/boitmal/produit/zoom/033DDCE7C7F9A9CD99F0A4BEB2F74462.jpg,,,,,2025-06-25T23:59:59.999999999+01:00,PROSPECTUS,14,1,
13950,2891145000000,100.0,Porco,Salsicha Fresca,1 un = 100 gr (aprox.),0.55,5.49,0,,€/Kg,,,https://driveimg1.intermarche.com/pt/Content/images/boitmal/produit/zoom/2E1CED7EDF010F56C2BF0E6CDF74D52B.jpg,,,,,2025-06-25T23:59:59.999999999+01:00,PROSPECTUS,14,1,
14897,2892245000000,4000.0,Fruta,Melancia Riscada,Vendido ao peso | 1 un = 4kg (aprox.),3.96,0.99,0,,€/Kg,,,https://driveimg1.intermarche.com/pt/Content/images/boitmal/produit/zoom/499A6B9B1699D69723890E8129338912.jpg,,,,,2025-06-25T23:59:59.999999999+01:00,PROSPECTUS,14,1,
13817,2892582000000,250.0,Legumes,Pimento Verde,1 un = 250 gr  (aprox.),0.62,2.49,0,,€/Kg,,,https://driveimg1.intermarche.com/pt/Content/images/boitmal/produit/zoom/65E0131049B6BD4E669549F70B795EC0.jpg,,,,,2025-06-25T23:59:59.999999999+01:00,PROSPECTUS,14,1,
12888,2892090000000,500.0,Fruta,Manga Avião,1 un=500 gr (aprox.),2.0,3.99,0,,€/Kg,,,https://driveimg1.intermarche.com/pt/Content/images/boitmal/produit/zoom/A3E5B8447376E0E91C2C4BB7B1444B76.jpg,https://driveimg1.intermarche.com/pt/Content/images/boitmal/produit/zoom/842EA0C904154D230A3A6F63A245D264.jpg,,,,2025-06-25T23:59:59.999999999+01:00,PROSPECTUS,14,1,
14950,2891247000000,100.0,Peru,Peru Costeletas,1 un = 100 gr (aprox.),0.38,3.79,0,,€/Kg,,,https://driveimg1.intermarche.com/pt/Content/images/boitmal/produit/zoom/5B1BD8BC73E46B1A5046441E54C2F5BD.jpg,,,,,2025-06-25T23:59:59.999999999+01:00,PROSPECTUS,14,1,
20939,5602125000344,300.0,Legumes,Cogumelo Portobello Pequeno,embalagem de 300 g,1.69,5.63,0,kg,€/Kg,,,https://driveimg1.intermarche.com/pt/Content/images/boitmal/produit/zoom/498EFA86C0C334205FFF2827730CD254.jpg,,,,,2025-06-25T23:59:59.999999999+01:00,PROSPECTUS,14,1,
15010,2892545000000,1000.0,Programa Origens,Couve Flor,1 un = 1 kg (aprox.),1.69,1.69,0,,€/Kg,,,https://driveimg1.intermarche.com/pt/Content/images/boitmal/produit/zoom/93AF9BD404AC9C131A6A0C88150C31D1.jpg,,,,,2025-06-25T23:59:59.999999999+01:00,PROSPECTUS,14,1,
34875,5604260285457,1500.0,PorSi,Maçã golden categoria II Programa Origens,Embalagem de 1.5 kg,1.89,1.26,0,kg,€/Kg,,,https://driveimg1.intermarche.com/pt/Content/images/boitmal/produit/zoom/56695A5FACFB945E46B511CB21214202.jpg,,,,,2025-06-25T23:59:59.999999999+01:00,PROSPECTUS,14,1,
36505,5604260294732,1000.0,PorSi,Óleo de girassol,garrafa de 1 litro,1.75,1.75,1000,L,€/L,,,https://driveimg1.intermarche.com/pt/Content/images/boitmal/produit/zoom/7244D65CAED49A0848F5F70ACCADCC80.jpg,,,,,2025-06-25T23:59:59.999999999+01:00,PROSPECTUS,14,1,
1323,5601163020512,9000.0,Luso,"Água sem gás, pack 6 x 1.5 l",,3.48,0.39,9000,L,€/L,,,https://driveimg1.intermarche.com/pt/Content/images/boitmal/produit/zoom/001A786D3A6068914B18C4EF27206C2E.jpg,,,,,2025-06-25T23:59:59.999999999+01:00,PROSPECTUS,14,1,
13866,2891048000000,1000.0,Porco,Bifanas,Vendido ao peso a partir de 1 kg,4.49,4.49,0,,€/Kg,,,https://driveimg1.intermarche.com/pt/Content/images/boitmal/produit/zoom/72DE0DA6B485199AC995C629E3E4D279.jpg,,,,,2025-06-25T23:59:59.999999999+01:00,PROSPECTUS,14,1,
13893,2891043000000,1000.0,Porco,Entrecosto,Vendido ao peso a partir de 1 kg,4.99,4.99,0,,€/Kg,,,https://driveimg1.intermarche.com/pt/Content/images/boitmal/produit/zoom/AA05EE99D302D59771FCC108473E0700.jpg,,,,,2025-06-25T23:59:59.999999999+01:00,PROSPECTUS,14,1,
1434,5601260037109,1000.0,Cigala,"Arroz agulha, embalagem de 1 kg",,1.38,1.38,0,kg,€/Kg,,,https://driveimg1.intermarche.com/pt/Content/images/boitmal/produit/zoom/B3D52BC13D571B9BC6634FD987C80F3C.jpg,,,,,2025-06-25T23:59:59.999999999+01:00,PROSPECTUS,14,1,
35889,5601151974070,1750.0,Seven Up,"Refrigerante de lima limão free, garrafa de 1.75 l",,1.69,0.97,1750,L,€/L,,,https://driveimg1.intermarche.com/pt/Content/images/boitmal/produit/zoom/9A2F3176B60F6901274BE6108F1FBC7A.jpg,,,,,2025-06-25T23:59:59.999999999+01:00,PROSPECTUS,14,1,
41622,5604260304585,5000.0,PorSi,Areia para gatos mineral perfumada,Embalagem de 5 kg,1.79,0.36,0,kg,€/Kg,,,https://driveimg1.intermarche.com/pt/Content/images/boitmal/produit/zoom/471523428A34BCB5DDD5150968022974.jpg,,,,,2025-06-25T23:59:59.999999999+01:00,PROSPECTUS,14,1,
45711,5604260316441,250.0,PorSi,Gressinos finos,Embalagem de 250g,1.69,6.76,0,kg,€/Kg,,,https://driveimg1.intermarche.com/pt/Content/images/boitmal/produit/zoom/48B41D29F4D14778DB7926F419FC02DD.jpg,https://driveimg1.intermarche.com/pt/Content/images/boitmal/produit/zoom/FA72DE3E3C3457F7113B05300195D76D.jpg,https://driveimg1.intermarche.com/pt/Content/images/boitmal/produit/zoom/FA72DE3E3C3457F7113B05300195D76D.jpg,https://driveimg1.intermarche.com/pt/Content/images/boitmal/produit/zoom/FA72DE3E3C3457F7113B05300195D76D.jpg,https://driveimg1.intermarche.com/pt/Content/images/boitmal/produit/zoom/FA72DE3E3C3457F7113B05300195D76D.jpg,2025-06-25T23:59:59.999999999+01:00,PROSPECTUS,14,1,
49463,8445290250322,600.0,Nestum,Flocos Cereais Mel,Embalagem de 600g,3.79,6.32,0,kg,€/Kg,,,https://driveimg1.intermarche.com/pt/Content/images/boitmal/produit/zoom/4A0A62606AC144021ED115E1FAB3D0CE.jpg,,,,,2025-06-25T23:59:59.999999999+01:00,PROSPECTUS,14,1,
8998,5601511000616,400.0,Limiano,"Queijo em fatias, 400g",,4.19,10.48,0,kg,€/Kg,,,https://driveimg1.intermarche.com/pt/Content/images/boitmal/produit/zoom/B876EB9E5C4AFD1BCE528AB6B8F31622.jpg,,,,,2025-06-25T23:59:59.999999999+01:00,PROSPECTUS,14,1,
1187,5601119007963,120.0,Nobre,"6 salsichas de porco, lata de 120g",,1.19,9.92,0,kg,€/Kg,,,https://driveimg1.intermarche.com/pt/Content/images/boitmal/produit/zoom/024D21F90F760BFDC12CBD7EB02BECC6.jpg,,,,,2025-06-25T23:59:59.999999999+01:00,PROSPECTUS,14,1,
12718,5604260297023,230.0,PorSi,Massa Folhada Margarina,Embalagem de 230 g,0.99,4.3,0,kg,€/Kg,,,https://driveimg1.intermarche.com/pt/Content/images/boitmal/produit/zoom/6C1FA409E5C8134DE9FAB02BCA4DC1FA.jpg,,,,,2025-06-25T23:59:59.999999999+01:00,PROSPECTUS,14,1,
1302,5601151700754,845.0,Compal,"Grão de bico, lata de 850g",,1.74,2.06,0,kg,€/Kg,,,https://driveimg1.intermarche.com/pt/Content/images/boitmal/produit/zoom/DA244D258ED9A9EF750825CAFFB70E24.jpg,,,,,2025-06-25T23:59:59.999999999+01:00,PROSPECTUS,14,1,
13566,2893560000000,250.0,Congelado de Aquicultura,Camarão Congelado 20/30,1 un = 250 gr  (aprox.),2.25,8.99,0,,€/Kg,,Avantages !,https://driveimg1.intermarche.com/pt/Content/images/boitmal/produit/zoom/863DB9F10BE616A55736AB7A17BC6BB5.jpg,,,,,2025-06-25T23:59:59.999999999+01:00,PROSPECTUS,14,1,
13892,2891041000000,1000.0,Porco,Costeletas do Lombo,Vendido ao peso a partir de 1 kg,4.89,4.89,0,,€/Kg,,,https://driveimg1.intermarche.com/pt/Content/images/boitmal/produit/zoom/589E4AFE71E19AF7FEB32FB0C0E176FF.jpg,,,,,2025-06-25T23:59:59.999999999+01:00,PROSPECTUS,14,1,
1475,5601286273789,500.0,Milaneza,"Massa fusilli tricolor, embalagem de 500g",,1.26,2.52,0,kg,€/Kg,,,https://driveimg1.intermarche.com/pt/Content/images/boitmal/produit/zoom/89BD68C65931C04722FA40DDD3898CB2.jpg,,,,,2025-06-25T23:59:59.999999999+01:00,PROSPECTUS,14,1,
14865,2696212000000,,Pastelaria,Folhado Misto 90 g,,0.69,0.69,0,,€/Unidade,,,https://driveimg1.intermarche.com/pt/Content/images/boitmal/produit/zoom/164C27A781A7C68A965295D85BB7D95F.jpg,,,,,2025-06-25T23:59:59.999999999+01:00,PROSPECTUS,14,1,
15125,2895006000000,150.0,Terra Nostra,Queijo Flamengo em Barra,1 un = 150 gr (aprox.),1.35,8.99,0,,€/Kg,,,https://driveimg1.intermarche.com/pt/Content/images/boitmal/produit/zoom/BF84618CA37316EE2612494B15F423CC.jpg,,,,,2025-06-25T23:59:59.999999999+01:00,PROSPECTUS,14,1,
16072,2696083000000,62.0,Panpor,Carcaça de Cereais,,0.29,4.68,0,kg,€/Kg,,,https://driveimg1.intermarche.com/pt/Content/images/boitmal/produit/zoom/64BBBB65E56708FCB9DD0C80C78538ED.jpg,,,,,2025-06-25T23:59:59.999999999+01:00,PROSPECTUS,14,1,
18376,5601027009769,480.0,Panrico,Pão de forma sem côdea 9 cereais,Embalagem de 480g,1.99,4.15,0,kg,€/Kg,,,https://driveimg1.intermarche.com/pt/Content/images/boitmal/produit/zoom/202DA3E3189533F2DED569B04263CF8C.jpg,,,,,2025-06-25T23:59:59.999999999+01:00,PROSPECTUS,14,1,
2268,5604260269952,250.0,PorSi,Gressinos com azeitonas pretas,Embalagem de 250g,1.99,7.96,0,kg,€/Kg,,,https://driveimg1.intermarche.com/pt/Content/images/boitmal/produit/zoom/A043D7E90AA990A3052B9B47E82507F9.jpg,,,,,2025-06-25T23:59:59.999999999+01:00,PROSPECTUS,14,1,
33299,5604260287000,500.0,PorSi,Amendoim com Casca,Embalagem de 500g,1.99,3.98,0,kg,€/Kg,,,https://driveimg1.intermarche.com/pt/Content/images/boitmal/produit/zoom/BCE2161793599A091A1A32A19348A277.jpg,,,,,2025-06-25T23:59:59.999999999+01:00,PROSPECTUS,14,1,
3526,2894034000000,150.0,Nobre,Fiambre da Perna Extra,1 un = 150 gr (aprox.),2.1,13.99,0,,€/Kg,,,https://driveimg1.intermarche.com/pt/Content/images/boitmal/produit/zoom/C76D05EF052819EDC79567520AD2D260.jpg,,,,,2025-06-25T23:59:59.999999999+01:00,PROSPECTUS,14,1,
35873,8434165506411,150.0,Cuétara,"Bolachas waffers com recheio de limão , embalagem de 150g",,0.99,6.6,0,kg,€/Kg,,,https://driveimg1.intermarche.com/pt/Content/images/boitmal/produit/zoom/7EBF8662379F3689089632D03B68107B.jpg,,,,,2025-06-25T23:59:59.999999999+01:00,PROSPECTUS,14,1,
42176,5604260306022,300.0,PorSi,"Azeitona maçanilha mista com azeite, alho e orégãos",Embalagem de 300 g,1.99,6.63,0,kg,€/Kg,,,https://driveimg1.intermarche.com/pt/Content/images/boitmal/produit/zoom/0629079FC8AA96E542DF91495DC1AF2B.jpg,,,,,2025-06-25T23:59:59.999999999+01:00,PROSPECTUS,14,1,
4947,5449000054227,1000.0,Coca-Cola,"Refrigerante com Gás Cola, 1L",,1.35,1.35,1000,L,€/L,,,https://driveimg1.intermarche.com/pt/Content/images/boitmal/produit/zoom/3281D4D34500D6DBD7784B7DAA420E55.jpg,,,,,2025-06-25T23:59:59.999999999+01:00,PROSPECTUS,14,1,
5247,5601151720752,845.0,Compal,"Feijão frade, lata de 850g",,1.74,2.06,0,kg,€/Kg,,,https://driveimg1.intermarche.com/pt/Content/images/boitmal/produit/zoom/748A199E3B15682C5E3E960F2EBA8A1A.jpg,,,,,2025-06-25T23:59:59.999999999+01:00,PROSPECTUS,14,1,
544,3228881083326,30.0,Lipton,"20 saquetas chá noite tranquila, embalagem de 30g",,2.1,70.0,0,kg,€/Kg,,,https://driveimg1.intermarche.com/pt/Content/images/boitmal/produit/zoom/918429936BF1A7F518EA4E4A9580CA69.jpg,,,,,2025-06-25T23:59:59.999999999+01:00,PROSPECTUS,14,1,
8388,5601049152993,1000.0,Mimosa,"Leite especial cálcio + vitamina d m/g, de 1l",,1.0,1.0,1000,L,€/L,,,https://driveimg1.intermarche.com/pt/Content/images/boitmal/produit/zoom/AE995344CF7D57F674EA8EE465C57CA4.jpg,,,,,2025-06-25T23:59:59.999999999+01:00,PROSPECTUS,14,1,
8391,5601049159992,1000.0,Mimosa,"Leite especial cálcio + vitamina d magro, de 1l",,1.0,1.0,1000,L,€/L,,,https://driveimg1.intermarche.com/pt/Content/images/boitmal/produit/zoom/22E6964D6A2F2B922BCB40BB341AE902.jpg,,,,,2025-06-25T23:59:59.999999999+01:00,PROSPECTUS,14,1,
9293,5603722493942,250.0,Primor,Manteiga pasteurizada com sal cuvet,Embalagem de 250g,2.19,8.76,0,kg,€/Kg,,,https://driveimg1.intermarche.com/pt/Content/images/boitmal/produit/zoom/F3F4D9FDF2A69DC31DE35D801759C2EE.jpg,,,,,2025-06-25T23:59:59.999999999+01:00,PROSPECTUS,14,1,
10056,8410036800468,750.0,Freixenet,"Espumante cava bruto, reserva, garrafa de 750 ml",,7.99,10.65,750,L,€/L,,,https://driveimg1.intermarche.com/pt/Content/images/boitmal/produit/zoom/96EFA695B1C4201910FA2011BCE09AEA.jpg,,,,,2025-06-25T23:59:59.999999999+01:00,PROSPECTUS,14,1,
1138,5601082022796,250.0,Delta,Café em grão,Embalagem de 250g,3.24,12.96,0,kg,€/Kg,,,https://driveimg1.intermarche.com/pt/Content/images/boitmal/produit/zoom/A8B4C93555D2897E7B184C0C3550DF4C.jpg,,,,,2025-06-25T23:59:59.999999999+01:00,PROSPECTUS,14,1,
11524,5601051420028,250.0,Primor,Manteiga sem sal,Embalagem de 250g,2.14,8.56,0,kg,€/Kg,,,https://driveimg1.intermarche.com/pt/Content/images/boitmal/produit/zoom/0C41B270FBA7B622E759FBA7E3B6B1CD.jpg,,,,,2025-06-25T23:59:59.999999999+01:00,PROSPECTUS,14,1,
11613,5601164864467,1320.0,Somersby,"Sidra maçã, pack 4 x 0.33 l",,3.89,2.95,1320,L,€/L,,,https://driveimg1.intermarche.com/pt/Content/images/boitmal/produit/zoom/F0118862B10C3F3FD894ACFE7A34A6C9.jpg,,,,,2025-06-25T23:59:59.999999999+01:00,PROSPECTUS,14,1,
11640,5601180000993,1000.0,Vigor,"Leite pasteurizado gordo, de 1l",,1.08,1.08,1000,L,€/L,,,https://driveimg1.intermarche.com/pt/Content/images/boitmal/produit/zoom/12B86C68D7331166E668398B8E667665.jpg,,,,,2025-06-25T23:59:59.999999999+01:00,PROSPECTUS,14,1,
1226,5601146001507,1500.0,Joi,"Refrigerante sem gás de manga/laranja, garrafa de 1,5 l",,1.29,0.86,1500,L,€/L,,,https://driveimg1.intermarche.com/pt/Content/images/boitmal/produit/zoom/DB9CD865FA14B43795929B354A61BA32.jpg,,,,,2025-06-25T23:59:59.999999999+01:00,PROSPECTUS,14,1,
12723,5604260297030,230.0,PorSi,Massa Quebrada Margarina,Embalagem de 230 g,0.99,4.3,0,kg,€/Kg,,,https://driveimg1.intermarche.com/pt/Content/images/boitmal/produit/zoom/59441B0A1A3AA87C68C2FF2729BD7609.jpg,,,,,2025-06-25T23:59:59.999999999+01:00,PROSPECTUS,14,1,
13048,2893561000000,250.0,Marisco,Ameijoa Branca Vietnamita Congelada,Vendido a partir de 250 gr  (aprox.),0.5,1.99,0,,€/Kg,,Avantages !,https://driveimg1.intermarche.com/pt/Content/images/boitmal/produit/zoom/EB1BC296FF41180E6F3E1626AD4F78AA.jpg,,,,,2025-06-25T23:59:59.999999999+01:00,PROSPECTUS,14,1,
13095,2893071000000,100.0,Peixaria,Carapau Pequeno,1 un = 100 g (aprox.),0.35,3.49,0,,€/Kg,,,https://driveimg1.intermarche.com/pt/Content/images/boitmal/produit/zoom/07606BE143D22CF4796A63CA9C752E5B.jpg,,,,,2025-06-25T23:59:59.999999999+01:00,PROSPECTUS,14,1,
13112,2893091000000,400.0,Peixaria,Chicharro Fresco,1 un= 400 g (aprox.),2.4,5.99,0,,€/Kg,,,https://driveimg1.intermarche.com/pt/Content/images/boitmal/produit/zoom/FB568BCCF7F0742E8CF1174087C1CF25.jpg,,,,,2025-06-25T23:59:59.999999999+01:00,PROSPECTUS,14,1,
13956,2891205000000,50.0,Porco,Salsicha Brasileira,1 un = 50 gr (aprox.),0.27,5.49,0,,€/Kg,,,https://driveimg1.intermarche.com/pt/Content/images/boitmal/produit/zoom/F6298C19D94A9653E5F3E3E4F0DEBFCF.jpg,,,,,2025-06-25T23:59:59.999999999+01:00,PROSPECTUS,14,1,
14585,8414516074554,100.0,Florette,"Salada antioxidante, 100g",,1.49,14.9,0,kg,€/Kg,,,https://driveimg1.intermarche.com/pt/Content/images/boitmal/produit/zoom/87AD22D6D21C8388359D48D3BFA701BC.jpg,,,,,2025-06-25T23:59:59.999999999+01:00,PROSPECTUS,14,1,
14947,2891215000000,150.0,Frango,Espetadas,1 un= 150 gr (aprox.),1.15,7.69,0,,€/Kg,,,https://driveimg1.intermarche.com/pt/Content/images/boitmal/produit/zoom/FE13AA549ADEC08AA2FF877D2299FBFE.jpg,,,,,2025-06-25T23:59:59.999999999+01:00,PROSPECTUS,14,1,
15504,5601050031669,480.0,Danone,"Iogurte activia cremoso frutos silvestres,  4 x 120 g",,1.99,4.15,0,kg,€/Kg,,,https://driveimg1.intermarche.com/pt/Content/images/boitmal/produit/zoom/026F552D6926173F10573B7F8F21FD44.jpg,,,,,2025-06-25T23:59:59.999999999+01:00,PROSPECTUS,14,1,
16022,5601146703609,5000.0,Sagres,Cerveja Mini,20 x 0.25 l,9.79,1.96,5000,L,€/L,,,https://driveimg1.intermarche.com/pt/Content/images/boitmal/produit/zoom/DB02895A50A259FB6B3AB495851D234D.jpg,,,,,2025-06-25T23:59:59.999999999+01:00,PROSPECTUS,14,1,
17174,2891285000000,1000.0,Novilho,Costeletão,Vendido ao peso a partir de 1 kg,10.99,10.99,0,,€/Kg,,,https://driveimg1.intermarche.com/pt/Content/images/boitmal/produit/zoom/3119B572BBCB66D5B0D8D4234718B722.jpg,,,,,2025-06-25T23:59:59.999999999+01:00,PROSPECTUS,14,1,
18778,5604260274963,200.0,PorSi Select,Alheira de mirandela,Embalagem de 200 g,1.49,7.45,0,kg,€/Kg,,,https://driveimg1.intermarche.com/pt/Content/images/boitmal/produit/zoom/93E265B38537CF7D9CC71734EEF39C20.jpg,,,,,2025-06-25T23:59:59.999999999+01:00,PROSPECTUS,14,1,
23590,5603722514142,1600.0,Agros,"Leite com chocolate, embalagem de 8x200 ml",,2.88,1.8,1600,L,€/L,,,https://driveimg1.intermarche.com/pt/Content/images/boitmal/produit/zoom/4B07C2A65AC5D9D66E12210391EDB136.jpg,,,,,2025-06-25T23:59:59.999999999+01:00,PROSPECTUS,14,1,
30181,5607238032107,345.0,Casa de Mateus,"Geleia de morango, embalagem de 345g",,2.99,8.67,0,kg,€/Kg,,,https://driveimg1.intermarche.com/pt/Content/images/boitmal/produit/zoom/B386B3AED2791B1ABC3F8E529297B645.jpg,,,,,2025-06-25T23:59:59.999999999+01:00,PROSPECTUS,14,1,
31515,8434165479852,798.0,Cuétara,Bolacha maria,Embalagem de 3 x 200 g + 33% grátis,2.44,3.06,0,kg,€/Kg,,,https://driveimg1.intermarche.com/pt/Content/images/boitmal/produit/zoom/D9BD44CA36290DAD2CF6FB67A96737F7.jpg,,,,,2025-06-25T23:59:59.999999999+01:00,PROSPECTUS,14,1,
31551,8414100333241,250.0,Schweppes,"Schweppes tónica zero, garrafa de 250 ml",,0.72,2.88,250,L,€/L,,,https://driveimg1.intermarche.com/pt/Content/images/boitmal/produit/zoom/4DBFD7A80C20CF9D74FFDE40B52421E2.jpg,,,,,2025-06-25T23:59:59.999999999+01:00,PROSPECTUS,14,1,
33302,5604260286973,200.0,PorSi,Amendoim com Sal,Embalagem de 200g,1.29,6.45,0,kg,€/Kg,,,https://driveimg1.intermarche.com/pt/Content/images/boitmal/produit/zoom/7D1AAEAC3F0C4BED45A49E7F68BF7F08.jpg,,,,,2025-06-25T23:59:59.999999999+01:00,PROSPECTUS,14,1,
34819,5604260287086,200.0,PorSi,Pistachios com sal,Embalagem de 200g,3.79,18.95,0,kg,€/Kg,,,https://driveimg1.intermarche.com/pt/Content/images/boitmal/produit/zoom/0CE106296003E8E1ADB82DF0A039F9E5.jpg,,,,,2025-06-25T23:59:59.999999999+01:00,PROSPECTUS,14,1,
35089,5604260287246,,PorSi,"Acendalha ecológicas, 32 cubos",,0.99,0.99,0,,€/Unidade,,,https://driveimg1.intermarche.com/pt/Content/images/boitmal/produit/zoom/3C3A545F046A9053ADD48AE98FE47946.jpg,,,,,2025-08-06T23:59:59.999999999+01:00,PROSPECTUS,14,1,
36694,5604260318858,250.0,PorSi,Salsichas churrasco com ervas aromáticas,Embalagem de 250 g,1.99,7.96,0,kg,€/Kg,,,https://driveimg1.intermarche.com/pt/Content/images/boitmal/produit/zoom/33AF2A89D28BF9495D882809E4B9B89D.jpg,,,,,2025-06-25T23:59:59.999999999+01:00,PROSPECTUS,14,1,
36915,5604260287024,200.0,PorSi,Caju frito com sal,Embalagem de 200 g,2.99,14.95,0,kg,€/Kg,,,https://driveimg1.intermarche.com/pt/Content/images/boitmal/produit/zoom/1B063B24F1A2A79FD54438680947A0D3.jpg,,,,,2025-06-25T23:59:59.999999999+01:00,PROSPECTUS,14,1,
405,8712566410910,275.0,Calvé,"Ketchup, embalagem de 275g",,1.48,5.38,0,kg,€/Kg,,,https://driveimg1.intermarche.com/pt/Content/images/boitmal/produit/zoom/9E63EED4B27A252289B8979C188F5B40.jpg,https://driveimg1.intermarche.com/pt/Content/images/boitmal/produit/zoom/0D7B165FF00CA45BD8F6AC077E3CA1EC.jpg,https://driveimg1.intermarche.com/pt/Content/images/boitmal/produit/zoom/0D7B165FF00CA45BD8F6AC077E3CA1EC.jpg,https://driveimg1.intermarche.com/pt/Content/images/boitmal/produit/zoom/0D7B165FF00CA45BD8F6AC077E3CA1EC.jpg,,2025-06-25T23:59:59.999999999+01:00,PROSPECTUS,14,1,
40951,8711327324831,360.0,Olá,"Feast, 4x90ml",,2.99,8.31,360,L,€/L,,Tipo de stockagem,https://driveimg1.intermarche.com/pt/Content/images/boitmal/produit/zoom/F3D35B2BB9F7BAB6B2C8C41763D3C22D.jpg,,,,,2025-06-25T23:59:59.999999999+01:00,PROSPECTUS,14,1,
41302,5601050036558,440.0,Danone,"Iogurte oikos natural açucarado, embalagem de 4 x 110g",,2.49,5.66,0,kg,€/Kg,,,https://driveimg1.intermarche.com/pt/Content/images/boitmal/produit/zoom/EF9CBAC3BDE3B09B251B8011D3C6F904.jpg,,,,,2025-06-25T23:59:59.999999999+01:00,PROSPECTUS,14,1,
41436,5604260305810,70.0,PorSi Select,"Presunto de porco preto 24 meses de cura, 70 g",,4.79,68.43,0,kg,€/Kg,,,https://driveimg1.intermarche.com/pt/Content/images/boitmal/produit/zoom/3318DC612185CA5EAA119A36B4310A17.jpg,,,,,2025-06-25T23:59:59.999999999+01:00,PROSPECTUS,14,1,
41437,5604260305773,170.0,PorSi Select,Chouriço de porco preto,Embalagem de 170 g,2.69,15.82,0,kg,€/Kg,,,https://driveimg1.intermarche.com/pt/Content/images/boitmal/produit/zoom/9AF028948550CC79F4506D20250D6D94.jpg,,,,,2025-06-25T23:59:59.999999999+01:00,PROSPECTUS,14,1,
43878,2773120000000,400.0,PorSi,"Strogonoff de Frango, embalagem de 400g (aprox.)",,3.6,8.99,0,,€/Kg,,,https://driveimg1.intermarche.com/pt/Content/images/boitmal/produit/zoom/B0564C72162089A88CD1254AA02E059D.jpg,,,,,2025-06-25T23:59:59.999999999+01:00,PROSPECTUS,14,1,
44252,5601019012890,210.0,Guloso,"Tomate frito, embalagem de 210g",,0.86,4.1,0,kg,€/Kg,,,https://driveimg1.intermarche.com/pt/Content/images/boitmal/produit/zoom/8B263589AC7E30970A012A4A83920952.jpg,,,,,2025-06-25T23:59:59.999999999+01:00,PROSPECTUS,14,1,
44258,5410126716016,250.0,Lotus,"Bolachas biscoff, embalagem de 250g",,1.89,7.56,0,kg,€/Kg,,,https://driveimg1.intermarche.com/pt/Content/images/boitmal/produit/zoom/991677C76CFA3916388F6515CFE95FE5.jpg,,,,,2025-06-25T23:59:59.999999999+01:00,PROSPECTUS,14,1,
44809,7613035593756,1000.0,Nesquik,"Achocolatado em saco, embalagem de 1 kg",,6.59,6.59,0,kg,€/Kg,,,https://driveimg1.intermarche.com/pt/Content/images/boitmal/produit/zoom/B72BED7B45B21CF0D0F77A499251A582.jpg,,,,,2025-06-25T23:59:59.999999999+01:00,PROSPECTUS,14,1,
45883,8718951315365,75.0,Colgate,Dentifrico max white  cristais brancos,Embalagem 75 ml,1.99,26.53,75,L,€/L,,,https://driveimg1.intermarche.com/pt/Content/images/boitmal/produit/zoom/8C1D2E83F00F9342F16286473DC43174.jpg,,,,,2025-06-25T23:59:59.999999999+01:00,PROSPECTUS,14,1,
47807,5604260316724,250.0,PorSi Select,"Secretos de porco preto, 250 g",,4.49,17.96,0,kg,€/Kg,,,https://driveimg1.intermarche.com/pt/Content/images/boitmal/produit/zoom/6A87D20A3CF16F872AA7C71D8779E2D2.jpg,,,,,2025-06-25T23:59:59.999999999+01:00,PROSPECTUS,14,1,
49334,8712100889288,270.0,Olá,Solero exotic 3x90ml,,1.99,7.37,270,L,€/L,,Tipo de stockagem,https://driveimg1.intermarche.com/pt/Content/images/boitmal/produit/zoom/CBA3F8F869AC87BD3FC1AC526946C417.jpg,,,,,2025-06-25T23:59:59.999999999+01:00,PROSPECTUS,14,1,
49775,8445290217240,90.0,Gerber,"Nutrição infantil manga bio, 90g",,0.89,9.89,0,kg,€/Kg,,,https://driveimg1.intermarche.com/pt/Content/images/boitmal/produit/zoom/34F2B4E83940FFE495C18EAECEE39019.jpg,,,,,2025-06-25T23:59:59.999999999+01:00,PROSPECTUS,14,1,
5095,5601050026405,300.0,Danone,"Queijinho dadoninho petitdino de morango, embalagem de 6 x 50g",,1.99,6.63,0,kg,€/Kg,,,https://driveimg1.intermarche.com/pt/Content/images/boitmal/produit/zoom/285FD05A8135D405134AF6FB325A781F.jpg,,,,,2025-06-25T23:59:59.999999999+01:00,PROSPECTUS,14,2,
5096,5601050026429,300.0,Danonino Danone,"Queijinho danonino petitdino de morango/banana, embalagem de 6 x 50g",,1.99,6.63,0,kg,€/Kg,,,https://driveimg1.intermarche.com/pt/Content/images/boitmal/produit/zoom/FA8D1A9125B498992C62B9745CC5DD3D.jpg,,,,,2025-06-25T23:59:59.999999999+01:00,PROSPECTUS,14,2,
52013,5601146100026,1000.0,Sagres,"Cerveja preta, 1l",,1.79,1.79,1000,L,€/L,,,https://driveimg1.intermarche.com/pt/Content/images/boitmal/produit/zoom/D90BF9C494E8E8B94F53136BFD5755B3.jpg,,,,,2025-06-25T23:59:59.999999999+01:00,PROSPECTUS,14,2,
52054,7622201735111,360.0,Royal,"Gelatina pronta morango, embalagem de 360g",,1.59,4.42,0,kg,€/Kg,,,https://driveimg1.intermarche.com/pt/Content/images/boitmal/produit/zoom/EB1CEE9F607073D91EDE9AFDB9893EB1.jpg,,,,,2025-06-25T23:59:59.999999999+01:00,PROSPECTUS,14,2,
52636,8719200269026,400.0,Planta,"Creme vegetal para barrar, 400g",,2.54,6.35,0,kg,€/Kg,,,https://driveimg1.intermarche.com/pt/Content/images/boitmal/produit/zoom/F65911004A3F054AD79E8D4223582388.jpg,,,,,2025-06-25T23:59:59.999999999+01:00,PROSPECTUS,14,2,
5295,5601174101002,750.0,B.S.E.,"Vinho branco de terras do sado, garrafa de 750 ml",,3.49,4.65,750,L,€/L,,,https://driveimg1.intermarche.com/pt/Content/images/boitmal/produit/zoom/0834EFC8886D45872C6B556960150285.jpg,,,,,2025-06-25T23:59:59.999999999+01:00,PROSPECTUS,14,2,
53067,5601050037821,620.0,Danone,"Bifidus líquido activia ananás 000%, 4 x 155g",,1.99,3.21,0,kg,€/Kg,,,https://driveimg1.intermarche.com/pt/Content/images/boitmal/produit/zoom/3D4965FAC6DA56015B0EA60D0CC350AD.jpg,https://driveimg1.intermarche.com/pt/Content/images/boitmal/produit/zoom/227608E522C57EFFD851E1F0A8F434F8.jpg,https://driveimg1.intermarche.com/pt/Content/images/boitmal/produit/zoom/227608E522C57EFFD851E1F0A8F434F8.jpg,,,2025-06-25T23:59:59.999999999+01:00,PROSPECTUS,14,2,
54540,5000204331660,,Pato,"Discos Sanitários Ativos Gel Dispensador + Recargas Água Azul, 1un.",,2.49,2.49,0,,€/Unidade,,,https://driveimg1.intermarche.com/pt/Content/images/boitmal/produit/zoom/DABD1FAE99B4D7B5B01E813F05047FA7.jpg,,,,,2025-06-25T23:59:59.999999999+01:00,PROSPECTUS,14,2,
54908,8720181468452,720.0,Dove,"Gel De Banho Silky Velvet, 720ml",,7.99,11.1,720,L,€/L,,,https://driveimg1.intermarche.com/pt/Content/images/boitmal/produit/zoom/B4B8973AC1CFAE2318D36A45878739E2.jpg,,,,,2025-06-25T23:59:59.999999999+01:00,PROSPECTUS,14,2,
6278,8410001103877,,Scotch Brite,"Esfregão com Esponja Salva Unhas Fibra Verde Gama Classic, 2 unidades",,1.49,1.49,0,,€/Unidade,,,https://driveimg1.intermarche.com/pt/Content/images/boitmal/produit/zoom/8B050954A17B3AEE53D05423C2DB9B5C.jpg,,,,,2025-06-25T23:59:59.999999999+01:00,PROSPECTUS,14,2,
6460,8410436216777,53.0,Sonasol,Bloco Sanitário Poder Activo Floral,Embalagem de 50 g,1.98,37.36,0,kg,€/Kg,,,https://driveimg1.intermarche.com/pt/Content/images/boitmal/produit/zoom/428A90D17C72E1CEA455915A18AE3510.jpg,,,,,2025-06-25T23:59:59.999999999+01:00,PROSPECTUS,14,2,
8795,5601237241225,750.0,JP,Vinho regional península de setúbal tinto,Garrafa de 0.75 l,2.19,2.92,750,L,€/L,,,https://driveimg1.intermarche.com/pt/Content/images/boitmal/produit/zoom/F5BE43DFD5A094527765C3E1C490CDE0.jpg,,,,,2025-06-25T23:59:59.999999999+01:00,PROSPECTUS,14,2,
9184,5602348062754,70.0,Damatta,Presunto sabor português fatiado,Embalagem de 70 g,2.29,32.71,0,kg,€/Kg,,,https://driveimg1.intermarche.com/pt/Content/images/boitmal/produit/zoom/9AE2DBDD0E054DD3DCAC93A9D0EE8ECE.jpg,,,,,2025-06-25T23:59:59.999999999+01:00,PROSPECTUS,14,2,
9243,5603016133455,750.0,Adega de Pegões,"Vinho tinto península de setúbal, garrafa de 750 ml",,1.54,2.05,750,L,€/L,,,https://driveimg1.intermarche.com/pt/Content/images/boitmal/produit/zoom/7AD91E30166383C07E4A25E4E09D96CF.jpg,,,,,2025-06-25T23:59:59.999999999+01:00,PROSPECTUS,14,2,
1009,5601038300077,80.0,Knorr,"Caldo de galinha 8 cubos, embalagem de 80g",,1.49,18.63,0,kg,€/Kg,,,https://driveimg1.intermarche.com/pt/Content/images/boitmal/produit/zoom/CFDBB6C1885F48FB7941F504CD886192.jpg,,,,,2025-06-25T23:59:59.999999999+01:00,PROSPECTUS,14,2,
10153,8410199002402,150.0,LayS,"Batata frita forno originais, embalagem de 150g",,1.49,9.93,0,kg,€/Kg,,,https://driveimg1.intermarche.com/pt/Content/images/boitmal/produit/zoom/86C3E77514816B61352453CDEA14189F.jpg,,,,,2025-06-25T23:59:59.999999999+01:00,PROSPECTUS,14,2,
10273,8410436240130,50.0,Sonasol,Bloco sanitário blue activ higiene,Embalagem de 50 g,1.98,39.6,0,kg,€/Kg,,,https://driveimg1.intermarche.com/pt/Content/images/boitmal/produit/zoom/030C25BBFC0551A8A26341A0DB18F1E8.jpg,,,,,2025-06-25T23:59:59.999999999+01:00,PROSPECTUS,14,2,
10509,8435250297955,256.0,Nestlé,"Iogurte mix in smarties baunilha, embalagem de 2 x 128 g",,2.09,8.16,0,kg,€/Kg,,,https://driveimg1.intermarche.com/pt/Content/images/boitmal/produit/zoom/5355941DC0922592DB9EDB46788FEE19.jpg,,,,,2025-06-25T23:59:59.999999999+01:00,PROSPECTUS,14,2,
10669,8714789703046,360.0,Palmolive,"Sabonete sensitive, 4x90 g",,3.59,9.97,0,kg,€/Kg,,,https://driveimg1.intermarche.com/pt/Content/images/boitmal/produit/zoom/8140413D2E9C838D4EEF2E30218B12BC.jpg,,,,,2025-06-25T23:59:59.999999999+01:00,PROSPECTUS,14,2,
10883,3147690024804,750.0,Cruz,Porto special reserva," garrafa de 0,75 l",9.99,13.32,750,L,€/L,,,https://driveimg1.intermarche.com/pt/Content/images/boitmal/produit/zoom/01146C49D6D1001F9B0A4FC43CD6365E.jpg,,,,,2025-06-25T23:59:59.999999999+01:00,PROSPECTUS,14,2,
10902,3228023070078,125.0,Président,"Queijo creme flamengo, 125 g",,1.88,15.04,0,kg,€/Kg,,,https://driveimg1.intermarche.com/pt/Content/images/boitmal/produit/zoom/0506573988EB11E555100700791F32B3.jpg,,,,,2025-06-25T23:59:59.999999999+01:00,PROSPECTUS,14,2,
1136,5601082022765,250.0,Delta,Café torrado lote chávena saco,Embalagem de 250g,3.24,12.96,0,kg,€/Kg,,,https://driveimg1.intermarche.com/pt/Content/images/boitmal/produit/zoom/7F2116263816AF75A6AD47598CE14D0D.jpg,,,,,2025-06-25T23:59:59.999999999+01:00,PROSPECTUS,14,2,
11496,5601049213991,200.0,Mimosa,"Nata uht, embalagem de 200 ml",,0.91,4.55,200,L,€/L,,,https://driveimg1.intermarche.com/pt/Content/images/boitmal/produit/zoom/8FC5ABCE23EB48F851FFE29C53BFA5D9.jpg,,,,,2025-06-25T23:59:59.999999999+01:00,PROSPECTUS,14,2,
11755,5601511000623,400.0,Limiano,"Queijo fatias -50% de gordura, 400g",,4.29,10.73,0,kg,€/Kg,,,https://driveimg1.intermarche.com/pt/Content/images/boitmal/produit/zoom/1F49DD4803359F1338D0D32889490E90.jpg,,,,,2025-06-25T23:59:59.999999999+01:00,PROSPECTUS,14,2,
1188,5601119007970,200.0,Nobre,"Salsichas de porco, lata de 200g",,1.59,7.95,0,kg,€/Kg,,,https://driveimg1.intermarche.com/pt/Content/images/boitmal/produit/zoom/F480FC52D56464F3C1B867155F4A37B9.jpg,,,,,2025-06-25T23:59:59.999999999+01:00,PROSPECTUS,14,2,
11950,5603722495106,200.0,Mimosa,"Nata uht light, embalagem de 200 ml",,0.91,4.55,200,L,€/L,,,https://driveimg1.intermarche.com/pt/Content/images/boitmal/produit/zoom/B134F58E2258EB7BCE2AC1B56CF95546.jpg,,,,,2025-06-25T23:59:59.999999999+01:00,PROSPECTUS,14,2,
1228,5601146230518,1500.0,Joi,"Refrigerante sem gás, laranja, garrafa de 1,5 l",,1.29,0.86,1500,L,€/L,,,https://driveimg1.intermarche.com/pt/Content/images/boitmal/produit/zoom/9CFD5D319CF23E8EEE61B6DFE693387D.jpg,,,,,2025-06-25T23:59:59.999999999+01:00,PROSPECTUS,14,2,
12356,8410108122535,,Dodot,Toalhitas Sensitive |Recarga,Pack: 4 x54 unidades,5.99,5.99,0,,€/Unidade,,,https://driveimg1.intermarche.com/pt/Content/images/boitmal/produit/zoom/2D442A68E931C2DF1957ADA0EF3AD2F3.jpg,https://driveimg1.intermarche.com/pt/Content/images/boitmal/produit/zoom/47D40D02C955E98DB96B03E04432FF85.jpg,https://driveimg1.intermarche.com/pt/Content/images/boitmal/produit/zoom/47D40D02C955E98DB96B03E04432FF85.jpg,,,2025-06-25T23:59:59.999999999+01:00,PROSPECTUS,14,2,
12446,8414100302841,1250.0,Sunny Delight,"Refrigerante sem gás morango, 1,25 l",,1.94,1.55,1250,L,€/L,,,https://driveimg1.intermarche.com/pt/Content/images/boitmal/produit/zoom/EE6A7EC8524BD852934F6F53747E4224.jpg,,,,,2025-06-25T23:59:59.999999999+01:00,PROSPECTUS,14,2,
1269,5601151021750,845.0,Compal,"Feijão preto, lata de 850g",,1.74,2.06,845,L,€/L,,,https://driveimg1.intermarche.com/pt/Content/images/boitmal/produit/zoom/9B352604A3E93D2F850CFCA0A305498A.jpg,,,,,2025-06-25T23:59:59.999999999+01:00,PROSPECTUS,14,2,
1288,5601151300756,850.0,Compal,Feijão branco,Lata de 850g,1.74,2.05,0,kg,€/Kg,,,https://driveimg1.intermarche.com/pt/Content/images/boitmal/produit/zoom/80BCDFEFE1B507688319D03B0A11537C.jpg,,,,,2025-06-25T23:59:59.999999999+01:00,PROSPECTUS,14,2,
13126,2893105000000,600.0,Peixaria,Dourada de Viveiro,de 600 a 800g,4.49,7.49,0,,€/Kg,,,https://driveimg1.intermarche.com/pt/Content/images/boitmal/produit/zoom/6E8A33BF89ACC347EAD33BE9A6FF5B5C.jpg,,,,,2025-06-25T23:59:59.999999999+01:00,PROSPECTUS,14,2,
1325,5601163120816,750.0,Luso,"Água sem gás, garrafa de 0,75 l",,0.68,0.91,750,L,€/L,,,https://driveimg1.intermarche.com/pt/Content/images/boitmal/produit/zoom/AA1A6E591B93610CCB3C24631D9E85B8.jpg,,,,,2025-06-25T23:59:59.999999999+01:00,PROSPECTUS,14,2,
1337,5601165100786,50.0,Calvé,"Piri piri, 50 ml",,1.78,35.6,50,L,€/L,,,https://driveimg1.intermarche.com/pt/Content/images/boitmal/produit/zoom/4F951154E7DFDEA3712D693426B6D96C.jpg,,,,,2025-06-25T23:59:59.999999999+01:00,PROSPECTUS,14,2,
14007,2696358000000,800.0,Pastelaria,Bolo Brigadeiro 800 g,,7.99,9.99,0,kg,€/Kg,,,https://driveimg1.intermarche.com/pt/Content/images/boitmal/produit/zoom/2D16DABCE965696E3586CDB9A87DB71C.jpg,,,,,2025-06-25T23:59:59.999999999+01:00,PROSPECTUS,14,2,
14903,2892152000000,250.0,Fruta,Alperce,Vendido a partir de 250 gr,0.75,2.99,0,,€/Kg,,,https://driveimg1.intermarche.com/pt/Content/images/boitmal/produit/zoom/48C77A4910DEACBCDF01D24B88EFD40C.jpg,,,,,2025-06-25T23:59:59.999999999+01:00,PROSPECTUS,14,2,
15507,5601050031621,480.0,Danone,"Iogurte activia cremoso coco,  4 x 120 g",,1.99,4.15,0,kg,€/Kg,,,https://driveimg1.intermarche.com/pt/Content/images/boitmal/produit/zoom/C7C13400244FC9F141DCEBAD00E0F9D5.jpg,,,,,2025-06-25T23:59:59.999999999+01:00,PROSPECTUS,14,2,
16567,5000116110070,750.0,Iglo,"Esparregado de espinafres, embalagem de 750g",,3.49,4.65,0,kg,€/Kg,,Tipo de stockagem,https://driveimg1.intermarche.com/pt/Content/images/boitmal/produit/zoom/F70E4F5A76F097E6E455FB2FF67D9B6F.jpg,,,,,2025-06-25T23:59:59.999999999+01:00,PROSPECTUS,14,2,
1693,5603344681017,40.0,General,Filete de anchovas estendidas,Embalagem de 40g,1.96,49.0,0,kg,€/Kg,,,https://driveimg1.intermarche.com/pt/Content/images/boitmal/produit/zoom/06C9DE88EC4B1F1E75839FBBD4E50942.jpg,,,,,2025-06-25T23:59:59.999999999+01:00,PROSPECTUS,14,2,
17207,8006540943687,1800.0,Fairy,Detergente manual de loiça limão,Embalagem de 2 x 900 ml,6.99,3.88,1800,L,€/L,,,https://driveimg1.intermarche.com/pt/Content/images/boitmal/produit/zoom/B2EE328B1B3FB1BA0162E77ED87C40E9.jpg,,,,,2025-06-25T23:59:59.999999999+01:00,PROSPECTUS,14,2,
17419,5601119243781,110.0,Nobre,"Peito de frango fatias finas, embalagem de 110g",,2.19,19.91,0,kg,€/Kg,,,https://driveimg1.intermarche.com/pt/Content/images/boitmal/produit/zoom/568E87E8AE328D133D5414163DCC53D1.jpg,,,,,2025-06-25T23:59:59.999999999+01:00,PROSPECTUS,14,2,
17665,8712100745591,754.0,Calvé,"Maionese top down, embalagem de 753 g",,3.49,4.63,0,kg,€/Kg,,,https://driveimg1.intermarche.com/pt/Content/images/boitmal/produit/zoom/C6F00A8AA4D7D21E56D34CFA61170423.jpg,,,,,2025-06-25T23:59:59.999999999+01:00,PROSPECTUS,14,2,
17892,5601082039800,220.0,Delta Q,Café xl qalidus cápsulas,Embalagem de 220g,15.99,72.68,0,kg,€/Kg,,,https://driveimg1.intermarche.com/pt/Content/images/boitmal/produit/zoom/CC1942C4B68078F0368F602F327C039D.jpg,,,,,2025-06-25T23:59:59.999999999+01:00,PROSPECTUS,14,2,
18161,5601164884465,1320.0,Somersby,Sidra frutos vermelhos,pack 4 x 0.33 l,3.89,2.95,1320,L,€/L,,,https://driveimg1.intermarche.com/pt/Content/images/boitmal/produit/zoom/507246A606E1CB1D17B01F2DC7199F50.jpg,,,,,2025-06-25T23:59:59.999999999+01:00,PROSPECTUS,14,2,
18350,8410320148245,80.0,Campofrio,Chouriço fatiado,Embalagem de 80g,1.59,19.88,0,kg,€/Kg,,,https://driveimg1.intermarche.com/pt/Content/images/boitmal/produit/zoom/C3DD6539D50EC6C28C822B12B80D5795.jpg,,,,,2025-06-25T23:59:59.999999999+01:00,PROSPECTUS,14,2,
18351,8410320029971,80.0,Campofrio,"Salsichão fatiado, embalagem de 80g",,1.59,19.88,0,kg,€/Kg,,,https://driveimg1.intermarche.com/pt/Content/images/boitmal/produit/zoom/C191CA814FABA5218D4DFA0D00F6C92A.jpg,,,,,2025-06-25T23:59:59.999999999+01:00,PROSPECTUS,14,2,
18770,5449000138026,1500.0,Fanta,"Refrigerante com gás de laranja zero, garrafa de 1,5 l",,0.99,0.66,1500,L,€/L,,,https://driveimg1.intermarche.com/pt/Content/images/boitmal/produit/zoom/DE34E5B994CDF7FCC42CE983A86D82DE.jpg,,,,,2025-06-25T23:59:59.999999999+01:00,PROSPECTUS,14,2,
18942,5601989950086,750.0,Monte Velho,"Vinho rosé, região do alentejo, garrafa de 0,75 l",,3.99,5.32,750,L,€/L,,,https://driveimg1.intermarche.com/pt/Content/images/boitmal/produit/zoom/492FA643C4A4901779ACEB329DDE602F.jpg,,,,,2025-06-25T23:59:59.999999999+01:00,PROSPECTUS,14,2,
19414,5601028024716,,Renova,"Papel Higiénico Puríssimo 3 Folhas, embalagem c/ 12 rolos",,4.99,4.99,0,,€/Unidade,,,https://driveimg1.intermarche.com/pt/Content/images/boitmal/produit/zoom/6371FB49C9F37CFE36AA4E28DFBAAFF4.jpg,,,,,2025-06-25T23:59:59.999999999+01:00,PROSPECTUS,14,2,
1988,5604260063383,350.0,PorSi,Mini Tostas de Trigo,Embalagem de 350 g,2.09,5.97,0,kg,€/Kg,,,https://driveimg1.intermarche.com/pt/Content/images/boitmal/produit/zoom/0215D12BDD107E1A2372B3F823BE30C6.jpg,,,,,2025-06-25T23:59:59.999999999+01:00,PROSPECTUS,14,2,
20031,5602947000058,750.0,Quinta da Pacheca,Vinho branco doc douro,Garrafa de 750 ml,5.49,7.32,750,L,€/L,,,https://driveimg1.intermarche.com/pt/Content/images/boitmal/produit/zoom/7BF729E81FA3ED465AF2D3DA55DE4EE4.jpg,,,,,2025-06-25T23:59:59.999999999+01:00,PROSPECTUS,14,2,
20263,5000116110889,180.0,Iglo,"Crocantes de frango original, embalagem de 180g",,3.74,20.78,0,kg,€/Kg,,Tipo de stockagem,https://driveimg1.intermarche.com/pt/Content/images/boitmal/produit/zoom/9B2BC0EEC5724C42D02D0AAA44CCBB50.jpg,,,,,2025-06-25T23:59:59.999999999+01:00,PROSPECTUS,14,2,
20645,8414100333142,250.0,Schweppes,"Água tónica, garrafa de 250 ml",,0.72,2.88,250,L,€/L,,,https://driveimg1.intermarche.com/pt/Content/images/boitmal/produit/zoom/A602F5762E875E3E3536D48B17925107.jpg,,,,,2025-06-25T23:59:59.999999999+01:00,PROSPECTUS,14,2,
20912,5601096227309,750.0,Aveleda,"Vinho verde branco loureiro/alvarinho, garrafa de 0.75 l",,3.89,5.19,750,L,€/L,,,https://driveimg1.intermarche.com/pt/Content/images/boitmal/produit/zoom/0EDCFE54C28A289AA37078E6B8F87858.jpg,,,,,2025-06-25T23:59:59.999999999+01:00,PROSPECTUS,14,2,
20929,2696295000000,800.0,Pastelaria,Bolo de Bolacha,800g,7.99,9.99,0,kg,€/Kg,,,https://driveimg1.intermarche.com/pt/Content/images/boitmal/produit/zoom/77258F26E87A03D0BFE68689C0433A11.jpg,,,,,2025-06-25T23:59:59.999999999+01:00,PROSPECTUS,14,2,
21465,5449000085474,1500.0,Fanta,"Refrigerante com gás de maracujá, garrafa de 1,5 l",,0.99,0.66,1500,L,€/L,,,https://driveimg1.intermarche.com/pt/Content/images/boitmal/produit/zoom/713F7A2E8FF1504D7580CF5EB99232C0.jpg,,,,,2025-06-25T23:59:59.999999999+01:00,PROSPECTUS,14,2,
21767,7613035487871,90.0,Nestlé,"Fruta para bebé multifrutas +4 meses, embalagem de 90g",,0.65,7.22,0,kg,€/Kg,,,https://driveimg1.intermarche.com/pt/Content/images/boitmal/produit/zoom/1B1A7DCEC52C23E2760C4FE3A24A75EE.jpg,,,,,2025-06-25T23:59:59.999999999+01:00,PROSPECTUS,14,2,
2206,5604260265084,800.0,PorSi,Bacalhau em lombos,Embalagem de 800g,15.99,19.99,0,kg,€/Kg,,Tipo de stockagem,https://driveimg1.intermarche.com/pt/Content/images/boitmal/produit/zoom/75C602CADA3F956410C970E554FA55DE.jpg,,,,,2025-06-25T23:59:59.999999999+01:00,PROSPECTUS,14,2,
22232,8410320104500,80.0,Campofrio,"Salame fatiado, embalagem de 80g",,1.59,19.88,0,kg,€/Kg,,,https://driveimg1.intermarche.com/pt/Content/images/boitmal/produit/zoom/B989DC79BAD10F2BF93E42F2FFD0E3D8.jpg,,,,,2025-06-25T23:59:59.999999999+01:00,PROSPECTUS,14,2,
22429,5711953023958,220.0,Starbucks,"Discoveries cappuccino, embalagem de 220 ml",,1.59,7.23,220,L,€/L,,,https://driveimg1.intermarche.com/pt/Content/images/boitmal/produit/zoom/A945917D666056814E0C09EE59A5D33F.jpg,,,,,2025-06-25T23:59:59.999999999+01:00,PROSPECTUS,14,2,
22554,5601063052538,75.0,Margão,"Pimentão doce, embalagem de 75g",,2.47,32.93,0,kg,€/Kg,,,https://driveimg1.intermarche.com/pt/Content/images/boitmal/produit/zoom/3B32A9AAE6667DFF4C4EFAB19EF12E96.jpg,,,,,2025-06-25T23:59:59.999999999+01:00,PROSPECTUS,14,2,
2269,5604260269969,250.0,PorSi,Gressinos com azeite,Embalagem de 250g,1.99,7.96,0,kg,€/Kg,,,https://driveimg1.intermarche.com/pt/Content/images/boitmal/produit/zoom/E364F540C3E142951CDFE3E2B5B86085.jpg,,,,,2025-06-25T23:59:59.999999999+01:00,PROSPECTUS,14,2,
2270,5604260269976,250.0,PorSi,Gressinos com sésamo,Embalagem de 250 g,2.14,8.56,0,kg,€/Kg,,,https://driveimg1.intermarche.com/pt/Content/images/boitmal/produit/zoom/BDF586C2CDA278F8774B7C2113F5E39C.jpg,,,,,2025-06-25T23:59:59.999999999+01:00,PROSPECTUS,14,2,
23469,8410500020453,280.0,Danone,"Danonino para levar, polpa de morango, embalagem de 4 x 70 g",,2.19,7.82,0,kg,€/Kg,,,https://driveimg1.intermarche.com/pt/Content/images/boitmal/produit/zoom/3E7A122EA567C89446D113FF66BFA0AE.jpg,,,,,2025-06-25T23:59:59.999999999+01:00,PROSPECTUS,14,2,
23524,5000204922851,750.0,Pato,"Líquido sanitário extra power, marinho, 750 ml",,1.69,2.25,750,L,€/L,,,https://driveimg1.intermarche.com/pt/Content/images/boitmal/produit/zoom/60268FF4016AF8FBA52DB6A9A88D181B.jpg,,,,,2025-06-25T23:59:59.999999999+01:00,PROSPECTUS,14,2,
23652,8712000900175,6000.0,Heineken,"Cerveja com álcool, pack 24 x 0.25 l",,14.99,2.5,6000,L,€/L,,,https://driveimg1.intermarche.com/pt/Content/images/boitmal/produit/zoom/AB5BBEB462A56533212E5950F8D46993.jpg,,,,,2025-06-25T23:59:59.999999999+01:00,PROSPECTUS,14,2,
2426,5760466997027,220.0,Starbucks,"Bebidas leite caramelo machiatto, 220 ml",,1.59,7.23,220,L,€/L,,,https://driveimg1.intermarche.com/pt/Content/images/boitmal/produit/zoom/8A8549062CCF0CA8E7B06600AE2B5D4F.jpg,,,,,2025-06-25T23:59:59.999999999+01:00,PROSPECTUS,14,2,
24410,8710908859502,750.0,Cif,"Spray power&shine multiusos com lixívia, de 750 ml",,2.69,3.59,750,L,€/L,,,https://driveimg1.intermarche.com/pt/Content/images/boitmal/produit/zoom/BC1FC8E39B43E72D32F4657C6D001534.jpg,,,,,2025-06-25T23:59:59.999999999+01:00,PROSPECTUS,14,2,
24594,3600550835809,50.0,Narta,"Desodorizante roll-on impecável, 50 ml",,2.39,47.8,50,L,€/L,,,https://driveimg1.intermarche.com/pt/Content/images/boitmal/produit/zoom/EED4B2BAC954892F98C714A7E44BD790.jpg,,,,,2025-06-25T23:59:59.999999999+01:00,PROSPECTUS,14,2,
2466,7613032142599,500.0,Cerelac,Farinha láctea 12 meses,Embalagem de 500g,3.74,7.48,0,kg,€/Kg,,,https://driveimg1.intermarche.com/pt/Content/images/boitmal/produit/zoom/4E708CAF1A60A052407E76B7A92102F7.jpg,,,,,2025-06-25T23:59:59.999999999+01:00,PROSPECTUS,14,2,
24821,5604321028757,200.0,Cemporcento,"Bolachas marinheiras chia, embalagem de 200g",,1.99,9.95,0,kg,€/Kg,,,https://driveimg1.intermarche.com/pt/Content/images/boitmal/produit/zoom/A32F22B72B6F1F6892FBBFA5180DFAA2.jpg,,,,,2025-06-25T23:59:59.999999999+01:00,PROSPECTUS,14,2,
25538,7613035800281,1500.0,Friskies,Ração para gato esterilizado com peru,"Embalagem de 1,5 kg",5.79,3.86,0,kg,€/Kg,,,https://driveimg1.intermarche.com/pt/Content/images/boitmal/produit/zoom/FF9C78F9FCA49B5C5370D6F754BBF1C8.jpg,,,,,2025-06-25T23:59:59.999999999+01:00,PROSPECTUS,14,2,
25859,8001665123815,250.0,Rana,"Tortellini ricotta/espinafres, 250g",,2.84,11.36,0,kg,€/Kg,,,https://driveimg1.intermarche.com/pt/Content/images/boitmal/produit/zoom/5E05AF293FEAEEF994070C81D04FDDD4.jpg,,,,,2025-06-25T23:59:59.999999999+01:00,PROSPECTUS,14,2,
25883,5449000008763,1500.0,Fanta,"Refrigerante com gás laranja, garrafa de 1,5 l",,0.99,0.66,1500,L,€/L,,,https://driveimg1.intermarche.com/pt/Content/images/boitmal/produit/zoom/FC51AAD13F2C3DD9969EDD9F1221FFFF.jpg,,,,,2025-06-25T23:59:59.999999999+01:00,PROSPECTUS,14,2,
26455,8006540830840,1250.0,Fairy,Detergente Líquido p/ Lavar Loiça Platinum Original,"Embalagem de 1,25 l",4.99,3.99,1250,L,€/L,,,https://driveimg1.intermarche.com/pt/Content/images/boitmal/produit/zoom/F9FB16396CA6333A721D98D1F2F69B67.jpg,,,,,2025-06-25T23:59:59.999999999+01:00,PROSPECTUS,14,2,
27547,7613036101417,240.0,Cerelac,Seleção da natureza papa infantil láctea aveia manga banana +6 meses,Embalagem de 240g,2.99,12.46,0,kg,€/Kg,,,https://driveimg1.intermarche.com/pt/Content/images/boitmal/produit/zoom/9A1D77EE17F24474E65CF475B4161F9F.jpg,,,,,2025-06-25T23:59:59.999999999+01:00,PROSPECTUS,14,2,
2785,5601363013222,150.0,Ruffles,"Batata frita presunto, embalagem de 150 g",,1.59,10.6,0,kg,€/Kg,,,https://driveimg1.intermarche.com/pt/Content/images/boitmal/produit/zoom/7C1F8A2720963F6F12F5A2EE9BFB27BF.jpg,,,,,2025-06-25T23:59:59.999999999+01:00,PROSPECTUS,14,2,
29356,8718951202856,500.0,Palmolive,"Gel de banho natural leite e mel, 500 ml",,2.69,5.38,500,L,€/L,,,https://driveimg1.intermarche.com/pt/Content/images/boitmal/produit/zoom/6CB5E843C7A08E2ECE1293E08A53478D.jpg,,,,,2025-06-25T23:59:59.999999999+01:00,PROSPECTUS,14,2,
29374,5601146530304,500.0,Bandida do Pomar,"Sidra maçã, lata de 500 ml",,1.19,2.38,500,L,€/L,,,https://driveimg1.intermarche.com/pt/Content/images/boitmal/produit/zoom/BCB2E29A160CFF6D3AE7FEB90426D1E6.jpg,,,,,2025-06-25T23:59:59.999999999+01:00,PROSPECTUS,14,2,
29591,3387390339505,375.0,Nestlé,"Cereais golden grahams, embalagem de 380g",,3.19,8.51,0,kg,€/Kg,,,https://driveimg1.intermarche.com/pt/Content/images/boitmal/produit/zoom/52B010047394B5E18C21D533AA60A41C.jpg,,,,,2025-06-25T23:59:59.999999999+01:00,PROSPECTUS,14,2,
30170,5604260274956,200.0,PorSi,Alheira Especial de Trás-Os-Montes,200 g,1.39,6.95,0,kg,€/Kg,,,https://driveimg1.intermarche.com/pt/Content/images/boitmal/produit/zoom/19929337FCFE5B600DFE0ACDB988D2AA.jpg,,,,,2025-06-25T23:59:59.999999999+01:00,PROSPECTUS,14,2,
30173,5607238032022,330.0,Casa de Mateus,"Doce de morango, embalagem de 330g",,2.59,7.85,0,kg,€/Kg,,,https://driveimg1.intermarche.com/pt/Content/images/boitmal/produit/zoom/2D6070A1F1EB4D27068EDD936E4C7823.jpg,,,,,2025-06-25T23:59:59.999999999+01:00,PROSPECTUS,14,2,
30414,4015400917304,480.0,Fairy,Detergente Liquido Loiça Original,480 ml,2.54,5.29,480,L,€/L,,,https://driveimg1.intermarche.com/pt/Content/images/boitmal/produit/zoom/BDA62A6B9333A70897E09AEAD0B62BBF.jpg,,,,,2025-06-25T23:59:59.999999999+01:00,PROSPECTUS,14,2,
30499,5603522986439,750.0,Assobio,"Vinho branco região do douro, garrafa de 750 ml",,5.99,7.99,750,L,€/L,,,https://driveimg1.intermarche.com/pt/Content/images/boitmal/produit/zoom/9A8E4278BCAAD2CC44E1BC0A3583F6B9.jpg,,,,,2025-06-25T23:59:59.999999999+01:00,PROSPECTUS,14,2,
30747,3250392496395,700.0,Perrault Dabot,Creme de cassis,Garrafa de 700 ml,6.99,9.99,700,L,€/L,,,https://driveimg1.intermarche.com/pt/Content/images/boitmal/produit/zoom/051AC1165DB540B5E1E1F95D3AEF5788.jpg,,,,,2025-06-25T23:59:59.999999999+01:00,PROSPECTUS,14,2,
31610,8434165459991,265.0,Cuétara,Bolacha maria de chocolate,Embalagem de 265g,1.44,5.43,0,kg,€/Kg,,,https://driveimg1.intermarche.com/pt/Content/images/boitmal/produit/zoom/0E029E96E5E4F93452EE8845637434BF.jpg,,,,,2025-06-25T23:59:59.999999999+01:00,PROSPECTUS,14,2,
319,8414100301141,1000.0,Schweppes,Água tonica pet,Embalagem de 1 l,1.65,1.65,1000,L,€/L,,,https://driveimg1.intermarche.com/pt/Content/images/boitmal/produit/zoom/2AAFBB7AE67B2030674C90B3750F7A2E.jpg,,,,,2025-06-25T23:59:59.999999999+01:00,PROSPECTUS,14,2,
32137,5604925003488,200.0,Porminho,Bacon Extra Nacos,200 g,2.99,14.95,0,kg,€/Kg,,,https://driveimg1.intermarche.com/pt/Content/images/boitmal/produit/zoom/D81157DF46100DDFD8CF642B47ECCFDA.jpg,,,,,2025-06-25T23:59:59.999999999+01:00,PROSPECTUS,14,2,
32255,5601096011205,750.0,Casal Garcia,"Sangria frutos vermelhos, garrafa de 0.75 l",,3.95,5.27,750,L,€/L,,,https://driveimg1.intermarche.com/pt/Content/images/boitmal/produit/zoom/E05A7F82CD1187A0157F90B2989EB866.jpg,,,,,2025-06-25T23:59:59.999999999+01:00,PROSPECTUS,14,2,
33221,3228021000145,125.0,Président,"Queijo creme de camembert, embalagem de 125g",,2.29,18.32,0,kg,€/Kg,,,https://driveimg1.intermarche.com/pt/Content/images/boitmal/produit/zoom/3781A182FB48CA312AA5E3F2C0F5576E.jpg,,,,,2025-06-25T23:59:59.999999999+01:00,PROSPECTUS,14,2,
33301,5604260286997,200.0,PorSi,Amendoim com Piri-Piri,Embalagem de 200g,1.29,6.45,0,kg,€/Kg,,,https://driveimg1.intermarche.com/pt/Content/images/boitmal/produit/zoom/45F47C82220E3A017E0818597CB20549.jpg,,,,,2025-06-25T23:59:59.999999999+01:00,PROSPECTUS,14,2,
33351,7322541032580,,Colhogar,"Rolo cozinha meia folha adapt, 2 rolos",,1.64,1.64,2,,€/Unidade,,,https://driveimg1.intermarche.com/pt/Content/images/boitmal/produit/zoom/5E388029B5FF37CBD8CE5390E1D216B8.jpg,,,,,2025-06-25T23:59:59.999999999+01:00,PROSPECTUS,14,2,
33417,7613036607681,240.0,Cerelac,"Seleção da natureza aveia, maçã e cenoura +6 meses",Embalagem de 240g,2.99,12.46,0,kg,€/Kg,,,https://driveimg1.intermarche.com/pt/Content/images/boitmal/produit/zoom/A44EB4797E6113C3E0EEBA3D69E28D1E.jpg,,,,,2025-06-25T23:59:59.999999999+01:00,PROSPECTUS,14,2,
34328,5603344291018,120.0,General,Bacalhau com grão,Embalagem de 120g,1.94,16.17,0,kg,€/Kg,,,https://driveimg1.intermarche.com/pt/Content/images/boitmal/produit/zoom/3CE63A7FB770BD16863F1AA0D2B1E6B2.jpg,,,,,2025-06-25T23:59:59.999999999+01:00,PROSPECTUS,14,2,
34414,8712000320003,1500.0,Heineken,"Cerveja 0%, pack 6 x 0.25 l",,4.49,2.99,1500,L,€/L,,,https://driveimg1.intermarche.com/pt/Content/images/boitmal/produit/zoom/EF8B0F6B9FE9DF39E73883BE1606B28D.jpg,,,,,2025-06-25T23:59:59.999999999+01:00,PROSPECTUS,14,2,
35542,7613036867405,,Nescafé,"Café em cápsulas dolce gusto ristreto intenso, embalagem de 210g",,9.99,9.99,30,,€/Unidade,,,https://driveimg1.intermarche.com/pt/Content/images/boitmal/produit/zoom/FC99456EA03268527FE0EC549A21D081.jpg,,,,,2025-06-25T23:59:59.999999999+01:00,PROSPECTUS,14,2,
35549,5053990124961,70.0,Pringles,"Snack batata original, embalagem de 70g",,1.59,22.71,0,kg,€/Kg,,,https://driveimg1.intermarche.com/pt/Content/images/boitmal/produit/zoom/2AEE1AFBA820638E1917945C99E8B143.jpg,,,,,2025-06-25T23:59:59.999999999+01:00,PROSPECTUS,14,2,
35559,5601151973738,3500.0,Pepsi,"Refrigerante com gás max zero, pack de 2 x 1.75 l",,2.69,0.77,3500,L,€/L,,,https://driveimg1.intermarche.com/pt/Content/images/boitmal/produit/zoom/698445C2558FCB105ECA616759C001D7.jpg,,,,,2025-06-25T23:59:59.999999999+01:00,PROSPECTUS,14,2,
37444,7613036955799,250.0,Nestum,"Nestum zero mel, embalagem de 250g",,2.24,8.96,0,kg,€/Kg,,,https://driveimg1.intermarche.com/pt/Content/images/boitmal/produit/zoom/5B200610F8E9504D3552A7693F67BE32.jpg,,,,,2025-06-25T23:59:59.999999999+01:00,PROSPECTUS,14,2,
37512,7613036923361,250.0,Nestum,Nestum zero arroz,Embalagem de 250 g,2.99,11.96,0,kg,€/Kg,,,https://driveimg1.intermarche.com/pt/Content/images/boitmal/produit/zoom/611B100659AC37EDE48D259974C3AB31.jpg,,,,,2025-06-25T23:59:59.999999999+01:00,PROSPECTUS,14,2,
37799,7613037096828,240.0,Cerelac,Farinha láctea seleção da natureza aveia e centeio +6 meses,Embalagem de 240 g,2.99,12.46,0,kg,€/Kg,,,https://driveimg1.intermarche.com/pt/Content/images/boitmal/produit/zoom/196E9C25A91135A06C0EF78AB5B82C2A.jpg,,,,,2025-06-25T23:59:59.999999999+01:00,PROSPECTUS,14,3,
38387,5605799250534,250.0,Marnoto,"Flor de sal marnoto, embalagem de 250g",,1.54,6.16,0,kg,€/Kg,,,https://driveimg1.intermarche.com/pt/Content/images/boitmal/produit/zoom/717E801795A5B0A72677B5D6CFB545D1.jpg,,,,,2025-06-25T23:59:59.999999999+01:00,PROSPECTUS,14,3,
38418,5411188125808,400.0,Alpro,"Yofu soja e manga sem açúcar adicionado, de 400g",,2.54,6.35,0,kg,€/Kg,,,https://driveimg1.intermarche.com/pt/Content/images/boitmal/produit/zoom/3BB622CE7FCFFFFBE1BDE445F2F172B5.jpg,,,,,2025-06-25T23:59:59.999999999+01:00,PROSPECTUS,14,3,
40383,2696845000000,500.0,Padaria,Pão forma de Rio Maior,500 g,1.45,2.9,0,kg,€/Kg,,,https://driveimg1.intermarche.com/pt/Content/images/boitmal/produit/zoom/17337BA5BC6BED0E351797EFE70D6ACA.jpg,,,,,2025-06-25T23:59:59.999999999+01:00,PROSPECTUS,14,3,
40664,5604260297009,100.0,PorSi,Mini tostas trigo super finas,Embalagem de 100 g,1.29,12.9,0,kg,€/Kg,,,https://driveimg1.intermarche.com/pt/Content/images/boitmal/produit/zoom/2B412EFB725A4E329E1F4B17B9E77804.jpg,,,,,2025-06-25T23:59:59.999999999+01:00,PROSPECTUS,14,3,
40743,5604260303236,2500.0,PorSi,Batata pré-frita palitos finos,Embalagem de 2.5 kg,4.49,1.8,0,kg,€/Kg,,Tipo de stockagem,https://driveimg1.intermarche.com/pt/Content/images/boitmal/produit/zoom/8C1F058D1E72F760AB403A89545663F3.jpg,,,,,2025-06-25T23:59:59.999999999+01:00,PROSPECTUS,14,3,
40925,8710522652138,240.0,Calvé,"Maionese top down, embalagem de 240g",,1.48,6.17,0,kg,€/Kg,,,https://driveimg1.intermarche.com/pt/Content/images/boitmal/produit/zoom/ECF2C8ABFC985CAC5B87AA78A2E96931.jpg,https://driveimg1.intermarche.com/pt/Content/images/boitmal/produit/zoom/8E23B17512BCD2C444A6228885CC4217.jpg,https://driveimg1.intermarche.com/pt/Content/images/boitmal/produit/zoom/8E23B17512BCD2C444A6228885CC4217.jpg,https://driveimg1.intermarche.com/pt/Content/images/boitmal/produit/zoom/8E23B17512BCD2C444A6228885CC4217.jpg,https://driveimg1.intermarche.com/pt/Content/images/boitmal/produit/zoom/8E23B17512BCD2C444A6228885CC4217.jpg,2025-06-25T23:59:59.999999999+01:00,PROSPECTUS,14,3,
41822,7613039868300,270.0,Nestlé,Cereais estrelitas,Embalagem de 270 g,1.69,6.26,0,kg,€/Kg,,,https://driveimg1.intermarche.com/pt/Content/images/boitmal/produit/zoom/8ED5B2AE951DD00B9C8D9B0148834738.jpg,,,,,2025-06-25T23:59:59.999999999+01:00,PROSPECTUS,14,3,
42175,5604260306039,300.0,PorSi,Azeitonas verdes recheadas com pasta de pimento,Embalagem de 300 g,1.99,6.63,0,kg,€/Kg,,,https://driveimg1.intermarche.com/pt/Content/images/boitmal/produit/zoom/07D023257913AE9C229B55A0330A21B9.jpg,,,,,2025-06-25T23:59:59.999999999+01:00,PROSPECTUS,14,3,
42177,5604260306046,300.0,PorSi,Azeitona galega mista inteira com orégãos,Embalagem de 300 g,1.99,6.63,0,kg,€/Kg,,,https://driveimg1.intermarche.com/pt/Content/images/boitmal/produit/zoom/54A05B04D79875EE9BFFC249DDAA504F.jpg,,,,,2025-06-25T23:59:59.999999999+01:00,PROSPECTUS,14,3,
42178,5604260305995,300.0,PorSi,Azeitona maçanilha mista retalhada com orégãos,Embalagem de 300 g,1.99,6.63,0,kg,€/Kg,,,https://driveimg1.intermarche.com/pt/Content/images/boitmal/produit/zoom/92D0B0AA9C448535D0AE6024FD0A0EDB.jpg,,,,,2025-06-25T23:59:59.999999999+01:00,PROSPECTUS,14,3,
42625,5604260309832,1000.0,PorSi,Farinha de trigo sem fermento t55,Embalagem de 1 kg,0.65,0.65,0,kg,€/Kg,,,https://driveimg1.intermarche.com/pt/Content/images/boitmal/produit/zoom/74FC7F0933607300D0949AC38277ECBA.jpg,,,,,2025-06-25T23:59:59.999999999+01:00,PROSPECTUS,14,3,
42785,5604260310074,250.0,PorSi Select,Queijo manchego D.O.P,Embalagem de 250g,5.29,21.16,0,kg,€/Kg,,,https://driveimg1.intermarche.com/pt/Content/images/boitmal/produit/zoom/B883B24D8849BAD51A50E353865A0840.jpg,,,,,2025-06-25T23:59:59.999999999+01:00,PROSPECTUS,14,3,
42845,5604260287154,200.0,PorSi,Amendoim caramelizado,Embalagem de 200g,1.39,6.95,0,kg,€/Kg,,,https://driveimg1.intermarche.com/pt/Content/images/boitmal/produit/zoom/ABF2CDFFBAB7CF81DD3B568773A40BE1.jpg,,,,,2025-06-25T23:59:59.999999999+01:00,PROSPECTUS,14,3,
42847,5604260307999,1000.0,PorSi Bio,Bio bebida aveia,embalagem de 1 litro,1.19,1.19,1000,L,€/L,,Produtos Bio,https://driveimg1.intermarche.com/pt/Content/images/boitmal/produit/zoom/C923FB353F4DBBE9E2E788A0B1D8F2AA.jpg,,,,,2025-06-25T23:59:59.999999999+01:00,PROSPECTUS,14,3,
42848,5604260308002,1000.0,PorSi Bio,Bebida de Arroz e Amêndoa,Embalagem de 1 litro,1.59,1.59,1000,L,€/L,,Produtos Bio,https://driveimg1.intermarche.com/pt/Content/images/boitmal/produit/zoom/81A370F69C8A1D55E5B27BE530E01F4F.jpg,,,,,2025-06-25T23:59:59.999999999+01:00,PROSPECTUS,14,3,
4335,3600540829160,50.0,Narta men,"Desodorizante roll-on, invisimax",Embalagem de 50 ml,2.69,53.8,50,L,€/L,,,https://driveimg1.intermarche.com/pt/Content/images/boitmal/produit/zoom/A48BB816DCCE142F5DC4F8D9E2CEC850.jpg,,,,,2025-06-25T23:59:59.999999999+01:00,PROSPECTUS,14,3,
43733,5604260310388,200.0,PorSi,Miolo de Cajú,Embalagem de 200 g,2.69,13.45,0,kg,€/Kg,,,https://driveimg1.intermarche.com/pt/Content/images/boitmal/produit/zoom/58EF5D505F1C3086A35F0A0BD9184801.jpg,,,,,2025-06-25T23:59:59.999999999+01:00,PROSPECTUS,14,3,
43768,7613287121783,187.0,Smarties,"Smarties mini chocolate, 187g",,3.59,19.2,0,kg,€/Kg,,,https://driveimg1.intermarche.com/pt/Content/images/boitmal/produit/zoom/044C78E073B5B5B26D68268157615A9F.jpg,https://driveimg1.intermarche.com/pt/Content/images/boitmal/produit/zoom/E8FEE980732B87942B93ED2D1ABFFA78.jpg,https://driveimg1.intermarche.com/pt/Content/images/boitmal/produit/zoom/E8FEE980732B87942B93ED2D1ABFFA78.jpg,https://driveimg1.intermarche.com/pt/Content/images/boitmal/produit/zoom/E8FEE980732B87942B93ED2D1ABFFA78.jpg,https://driveimg1.intermarche.com/pt/Content/images/boitmal/produit/zoom/E8FEE980732B87942B93ED2D1ABFFA78.jpg,2025-06-25T23:59:59.999999999+01:00,PROSPECTUS,14,3,
44234,8710522854815,257.0,Calvé,"Mostarda top down, embalagem de 257g",,1.68,6.54,0,kg,€/Kg,,,https://driveimg1.intermarche.com/pt/Content/images/boitmal/produit/zoom/63AC7BC5BB2C7D5CE58B458BE855CC4A.jpg,,,,,2025-06-25T23:59:59.999999999+01:00,PROSPECTUS,14,3,
44393,4046719576982,,Scotch Brite,"Esfregão Laminado Fibra Verde com Esponja Celulósica 3 capas Gama Classic, 2 unidades",,2.89,2.89,0,,€/Unidade,,,https://driveimg1.intermarche.com/pt/Content/images/boitmal/produit/zoom/045675ADEB66B90B7AEDECE436D9074D.jpg,,,,,2025-06-25T23:59:59.999999999+01:00,PROSPECTUS,14,3,
44701,5053990156009,175.0,Pringles,"Snacks batata original, embalagem de 175g",,2.39,13.66,0,kg,€/Kg,,,https://driveimg1.intermarche.com/pt/Content/images/boitmal/produit/zoom/BE87AADF1BA674A5818FDF008937F90A.jpg,https://driveimg1.intermarche.com/pt/Content/images/boitmal/produit/zoom/843E1395B62C4B40E91467CF90852642.jpg,https://driveimg1.intermarche.com/pt/Content/images/boitmal/produit/zoom/843E1395B62C4B40E91467CF90852642.jpg,https://driveimg1.intermarche.com/pt/Content/images/boitmal/produit/zoom/843E1395B62C4B40E91467CF90852642.jpg,,2025-06-25T23:59:59.999999999+01:00,PROSPECTUS,14,3,
44936,8711327318373,540.0,Olá,"Cornetto clássico, embalagem de 6 x 90 ml",,3.29,6.09,540,L,€/L,,Tipo de stockagem,https://driveimg1.intermarche.com/pt/Content/images/boitmal/produit/zoom/375352E817B7CDAB1DA63F9C8C8FF261.jpg,,,,,2025-06-25T23:59:59.999999999+01:00,PROSPECTUS,14,3,
46517,5000204208917,750.0,Pato,"Líquido sanitário ação total pinho, 750 ml",,1.94,2.59,750,L,€/L,,,https://driveimg1.intermarche.com/pt/Content/images/boitmal/produit/zoom/08C17A1F547C898E2E6E9CBB3441BB2A.jpg,,,,,2025-06-25T23:59:59.999999999+01:00,PROSPECTUS,14,3,
46670,5601050037227,620.0,Danone,"Iogurte Líquido Activia Aveia & Linhaça, 4x155g",,1.99,3.21,0,kg,€/Kg,,,https://driveimg1.intermarche.com/pt/Content/images/boitmal/produit/zoom/4D8BE19F5E55132CE3BDC6C6840F7986.jpg,,,,,2025-06-25T23:59:59.999999999+01:00,PROSPECTUS,14,3,
46814,8410036807887,750.0,Freixenet,"Blanc de blancs, garrafa de 750 ml",,5.99,7.99,750,L,€/L,,,https://driveimg1.intermarche.com/pt/Content/images/boitmal/produit/zoom/8443921EA647B3A561B8E54CBA9F0C34.jpg,,,,,2025-06-25T23:59:59.999999999+01:00,PROSPECTUS,14,3,
46825,5603722518287,720.0,Mimosa,"Iogurte magro aroma multi sabores de morango e kiwi/manga, 6 x 120g",,1.99,2.76,0,kg,€/Kg,,,https://driveimg1.intermarche.com/pt/Content/images/boitmal/produit/zoom/EBBE1EB3FBC3C9322F0040C9AA4B6B04.jpg,,,,,2025-06-25T23:59:59.999999999+01:00,PROSPECTUS,14,3,
4687,5000116105212,375.0,Iglo,"Ervilhas, embalagem de 375g",,1.89,5.04,0,kg,€/Kg,,Tipo de stockagem,https://driveimg1.intermarche.com/pt/Content/images/boitmal/produit/zoom/6C528FEBBEDC5462386A3AB117EEBFD4.jpg,,,,,2025-06-25T23:59:59.999999999+01:00,PROSPECTUS,14,3,
46881,5604260310111,500.0,PorSi,Tortilha de Batata com Cebola,500 g,2.69,5.38,0,kg,€/Kg,,,https://driveimg1.intermarche.com/pt/Content/images/boitmal/produit/zoom/3D1C16BAC8BB44CE1D63140EAB3EBE28.jpg,,,,,2025-06-25T23:59:59.999999999+01:00,PROSPECTUS,14,3,
47034,8714100827666,160.0,Knorr,"Caldo galinha receita económica, embalagem de 160g",,1.29,8.06,0,kg,€/Kg,,,https://driveimg1.intermarche.com/pt/Content/images/boitmal/produit/zoom/54D2297B42302C9BEB14DE9BF8F6F3CF.jpg,,,,,2025-06-25T23:59:59.999999999+01:00,PROSPECTUS,14,3,
47129,8001665717304,250.0,Rana,"Ravioli atum e tomate, 250g",,2.59,10.36,0,kg,€/Kg,,,https://driveimg1.intermarche.com/pt/Content/images/boitmal/produit/zoom/37135AA8E57BF5E709BC9A302909F4F5.jpg,,,,,2025-06-25T23:59:59.999999999+01:00,PROSPECTUS,14,3,
47131,8001665717298,250.0,Rana,"Tortellini 4 queijos, 250g",,2.59,10.36,0,kg,€/Kg,,,https://driveimg1.intermarche.com/pt/Content/images/boitmal/produit/zoom/D2D17229B971C91E98E9320345DC34CB.jpg,,,,,2025-06-25T23:59:59.999999999+01:00,PROSPECTUS,14,3,
4795,5010327000404,700.0,Grants,"Whisky, garrafa de 700 ml",,12.89,18.41,700,L,€/L,,,https://driveimg1.intermarche.com/pt/Content/images/boitmal/produit/zoom/5FEB2C2793B73FD65BBED9B479FAD32C.jpg,,,,,2025-06-25T23:59:59.999999999+01:00,PROSPECTUS,14,3,
48009,7613287371133,80.0,Felix,Comida Húmida Para Gato Tasty Shreds Frango/Vaca,Embalagem de 4 x 80 g,2.24,28.0,0,kg,€/Kg,,,https://driveimg1.intermarche.com/pt/Content/images/boitmal/produit/zoom/F2293F192323CC116E080C0D3154FC0E.jpg,,,,,2025-06-25T23:59:59.999999999+01:00,PROSPECTUS,14,3,
48010,7613287371157,80.0,Felix,Comida Húmida Gato Tasty Shreds Salmão/Atum,Embalagem de 4 x 80 g,2.24,28.0,0,kg,€/Kg,,,https://driveimg1.intermarche.com/pt/Content/images/boitmal/produit/zoom/64CB1D2A808051580AA0B8B03CC6E1AA.jpg,,,,,2025-06-25T23:59:59.999999999+01:00,PROSPECTUS,14,3,
48459,7613287495792,1020.0,Felix,"Comida húmida para gato duo seleção do campo, embalagem de 12x100 g",,5.99,5.87,0,kg,€/Kg,,,https://driveimg1.intermarche.com/pt/Content/images/boitmal/produit/zoom/9C79A22F67594AD9DD1EF334A5976D4B.jpg,,,,,2025-06-25T23:59:59.999999999+01:00,PROSPECTUS,14,3,
48469,8410650270982,85.0,Ultima,Comida Húmida Gatos Esterilizados Carnes,Embalagem de 4x85 g,2.76,32.47,0,kg,€/Kg,,,https://driveimg1.intermarche.com/pt/Content/images/boitmal/produit/zoom/BE8C1962B9DFFA1BDF91F1D5FD7F90FB.jpg,,,,,2025-06-25T23:59:59.999999999+01:00,PROSPECTUS,14,3,
48470,8410650270975,85.0,Ultima,Comida Húmida Gatos Esterilizados Peixes,Embalagem de 4x85 g,2.76,32.47,0,kg,€/Kg,,,https://driveimg1.intermarche.com/pt/Content/images/boitmal/produit/zoom/B86859F52264101B794CB9A1699D9CF9.jpg,,,,,2025-06-25T23:59:59.999999999+01:00,PROSPECTUS,14,3,
49272,7613287494368,340.0,Felix,Comida húmida gato gelatinas seleções peixes,Embalagem de 4 x 85 g,2.24,6.59,0,kg,€/Kg,,,https://driveimg1.intermarche.com/pt/Content/images/boitmal/produit/zoom/3C2E56D05EBF932F594A6A4250517820.jpg,,,,,2025-06-25T23:59:59.999999999+01:00,PROSPECTUS,14,3,
49359,5601146700066,6000.0,Sagres,"Cerveja com álcool, pack 24 x 0.25 l",,11.69,1.95,6000,L,€/L,,,https://driveimg1.intermarche.com/pt/Content/images/boitmal/produit/zoom/67C6D1253BB0D82F02E1633DF741EA25.jpg,https://driveimg1.intermarche.com/pt/Content/images/boitmal/produit/zoom/B2E3D57423A20C8E7B4C1173F1457C2E.jpg,,,,2025-06-25T23:59:59.999999999+01:00,PROSPECTUS,14,3,
49401,5411188133759,400.0,Alpro,"Soja ananás maracujá sem açúcar, de 400g",,2.54,6.35,0,kg,€/Kg,,,https://driveimg1.intermarche.com/pt/Content/images/boitmal/produit/zoom/6CB78C52A4573023DA315831A2A03ACB.jpg,,,,,2025-06-25T23:59:59.999999999+01:00,PROSPECTUS,14,3,
49543,5604260323340,240.0,PorSi,Gelados Stracciatella Cookie,Embalagem com 4 unidades,2.39,9.96,0,kg,€/Kg,,Tipo de stockagem,https://driveimg1.intermarche.com/pt/Content/images/boitmal/produit/zoom/9F2B6BF9B8EC5C2B3BD165715F0EB74F.jpg,,,,,2025-06-25T23:59:59.999999999+01:00,PROSPECTUS,14,3,
49544,5604260323333,240.0,PorSi,Gelados Baunilha Cookie,Embalagem com 4 unidades,2.99,12.46,0,kg,€/Kg,,Tipo de stockagem,https://driveimg1.intermarche.com/pt/Content/images/boitmal/produit/zoom/BD2F341B0E07B8A3878105EE4AB75885.jpg,,,,,2025-06-25T23:59:59.999999999+01:00,PROSPECTUS,14,3,
49730,5601151968574,1500.0,B!,Sumo maracujá de 1.5 l,,1.29,0.86,1500,L,€/L,,,https://driveimg1.intermarche.com/pt/Content/images/boitmal/produit/zoom/D471B15D4B18DF054FCF4E0F25DA8D23.jpg,https://driveimg1.intermarche.com/pt/Content/images/boitmal/produit/zoom/48964AEE0FDBEDF349365603C964A160.jpg,,,,2025-06-25T23:59:59.999999999+01:00,PROSPECTUS,14,3,
49771,8445290217981,90.0,Gerber,"Saqueta pera bio nutrição infantil, 90g",,0.89,9.89,0,kg,€/Kg,,,https://driveimg1.intermarche.com/pt/Content/images/boitmal/produit/zoom/ED705815BFDABB1F3A517E076F30D055.jpg,,,,,2025-06-25T23:59:59.999999999+01:00,PROSPECTUS,14,3,
4984,5601012011500,750.0,Mateus,"Vinho rosé, garrafa de 750 ml",,3.59,4.79,750,L,€/L,,,https://driveimg1.intermarche.com/pt/Content/images/boitmal/produit/zoom/3FA76398635D4910DF924BE55B489ECE.jpg,,,,,2025-06-25T23:59:59.999999999+01:00,PROSPECTUS,14,3,
50048,8410706100355,240.0,Pasquier,Tosta Rústica Brioche Cereais,240 g,1.79,7.46,0,kg,€/Kg,,,https://driveimg1.intermarche.com/pt/Content/images/boitmal/produit/zoom/B76BD443E4B5A4DA130B1CE750DDB354.jpg,,,,,2025-06-25T23:59:59.999999999+01:00,PROSPECTUS,14,3,
50489,8414100339007,200.0,Schweppes,Água tónica original 200 ml,,0.89,4.45,200,L,€/L,,,https://driveimg1.intermarche.com/pt/Content/images/boitmal/produit/zoom/CE9B4218E839EFD8ADFE8BC027EADCD9.jpg,,,,,2025-06-25T23:59:59.999999999+01:00,PROSPECTUS,14,3,
5079,5601036310726,200.0,Ambre Solaire,Óleo Bronzeador Coco,Embalagem de 200 ml,8.69,43.45,200,L,€/L,,,https://driveimg1.intermarche.com/pt/Content/images/boitmal/produit/zoom/0D10B62A011EFBA0FB2342AC5CD32FA7.jpg,,,,,2025-06-25T23:59:59.999999999+01:00,PROSPECTUS,14,3,
5093,5601050033755,620.0,Danone,"Iogurte activia líquido 0% morango/kiwi, embalagem de 4 x 155 g",,1.99,3.21,0,kg,€/Kg,,,https://driveimg1.intermarche.com/pt/Content/images/boitmal/produit/zoom/29B41AE598716D0550D815AA0FE86025.jpg,,,,,2025-06-25T23:59:59.999999999+01:00,PROSPECTUS,14,3,
51193,5604260326600,250.0,PorSi,"5 salsichas aves, 250g",,1.99,7.96,0,kg,€/Kg,,,https://driveimg1.intermarche.com/pt/Content/images/boitmal/produit/zoom/582F87EA10C6A75DF73AA4042F86632B.jpg,,,,,2025-06-25T23:59:59.999999999+01:00,PROSPECTUS,14,3,
51277,7613287494344,340.0,Felix,Comida Húmida Gato Sensations Carne,Embalagem de 4 x 85 g,2.24,6.59,0,kg,€/Kg,,,https://driveimg1.intermarche.com/pt/Content/images/boitmal/produit/zoom/9805E287DF596CE73090F53E67E24C7B.jpg,,,,,2025-06-25T23:59:59.999999999+01:00,PROSPECTUS,14,3,
51387,8410104913779,224.0,Air Wick,"Ambientador recarga active fresh lavanda e lírio, 224 ml",,5.99,26.74,224,L,€/L,,,https://driveimg1.intermarche.com/pt/Content/images/boitmal/produit/zoom/76765BD2400C8838C8377F3EC0871886.jpg,,,,,2025-06-25T23:59:59.999999999+01:00,PROSPECTUS,14,3,
51516,5000204242676,750.0,Pato,"Líquido Sanitário Biodegradável, 750 ml",,1.69,2.25,750,L,€/L,,,https://driveimg1.intermarche.com/pt/Content/images/boitmal/produit/zoom/8C1893E905FC06A67CD929B9867A4141.jpg,,,,,2025-06-25T23:59:59.999999999+01:00,PROSPECTUS,14,3,
51648,8006540696163,,Ausonia,Pensos Higiénicos Ultrafina Plus Normal,embalagem com 16 un.,2.54,2.54,0,,€/Unidade,,,https://driveimg1.intermarche.com/pt/Content/images/boitmal/produit/zoom/1F32EB531DB9406B7970EAF725D07623.jpg,,,,,2025-06-25T23:59:59.999999999+01:00,PROSPECTUS,14,3,
51649,8006540696194,,Ausonia,Pensos Higiénicos Ultrafina Plus Super,embalagem com 14 un.,2.54,2.54,0,,€/Unidade,,,https://driveimg1.intermarche.com/pt/Content/images/boitmal/produit/zoom/23A11FE273EBD440F810889BC64A22C9.jpg,,,,,2025-06-25T23:59:59.999999999+01:00,PROSPECTUS,14,3,
51650,8006540696224,,Ausonia,Pensos Higiénicos Ultrafina Plus Noite,embalagem com 10 un.,2.54,2.54,0,,€/Unidade,,,https://driveimg1.intermarche.com/pt/Content/images/boitmal/produit/zoom/A812EC7B07BC1F0438BF94EC398052CA.jpg,,,,,2025-06-25T23:59:59.999999999+01:00,PROSPECTUS,14,3,
51858,5603016004403,750.0,Arrábida Azul,"Vinho tinto reserva, 750 ml",,2.99,3.99,750,L,€/L,,,https://driveimg1.intermarche.com/pt/Content/images/boitmal/produit/zoom/C517F8FC0BBCDBE5A4482C9E17517E85.jpg,,,,,2025-06-25T23:59:59.999999999+01:00,PROSPECTUS,14,3,
51896,8719200253377,400.0,Planta,"Creme vegetal para barrar original, 400g",,2.54,6.35,0,kg,€/Kg,,,https://driveimg1.intermarche.com/pt/Content/images/boitmal/produit/zoom/0265DFAAA6CC23B5D28B5523E860ECEF.jpg,,,,,2025-06-25T23:59:59.999999999+01:00,PROSPECTUS,14,3,
52010,7622201735197,360.0,Royal,"Gelatina pronta tutti - frutti, 360g",,1.59,4.42,0,kg,€/Kg,,,https://driveimg1.intermarche.com/pt/Content/images/boitmal/produit/zoom/C8AB57FCD991B0ED98F7997EF4959D4A.jpg,,,,,2025-06-25T23:59:59.999999999+01:00,PROSPECTUS,14,3,
52087,7613033477355,1500.0,Friskies,"Ração para Gato Adulto Esterilizado com Salmão, Atum e Legumes",Embalagem de 1.5 kg,5.79,3.86,0,kg,€/Kg,,,https://driveimg1.intermarche.com/pt/Content/images/boitmal/produit/zoom/4D268FF8FDEA3FDF3BE809F1A7B989A0.jpg,,,,,2025-06-25T23:59:59.999999999+01:00,PROSPECTUS,14,3,
5244,5601151510759,845.0,Compal,"Feijão encarnado, lata de 850g",,1.74,2.06,0,kg,€/Kg,,,https://driveimg1.intermarche.com/pt/Content/images/boitmal/produit/zoom/DE636824D87F41FA8614ED32FEFF81FF.jpg,,,,,2025-06-25T23:59:59.999999999+01:00,PROSPECTUS,14,3,
52883,8719200267824,1000.0,Planta,"Creme vegetal para barrar original, 1 kg",,4.99,4.99,0,kg,€/Kg,,,https://driveimg1.intermarche.com/pt/Content/images/boitmal/produit/zoom/936FEB2670E44E85562B9564D40B3E6A.jpg,https://driveimg1.intermarche.com/pt/Content/images/boitmal/produit/zoom/CBB4812E883E0A943660F7C5BD667E18.jpg,https://driveimg1.intermarche.com/pt/Content/images/boitmal/produit/zoom/CBB4812E883E0A943660F7C5BD667E18.jpg,,,2025-06-25T23:59:59.999999999+01:00,PROSPECTUS,14,3,
52957,5449000273666,1000.0,Coca-Cola,Refrigerante zero com gás lima de 1 litro,,1.22,1.22,1000,L,€/L,,,https://driveimg1.intermarche.com/pt/Content/images/boitmal/produit/zoom/8811CE5F5F34EDCF194A9D8CB568CB91.jpg,https://driveimg1.intermarche.com/pt/Content/images/boitmal/produit/zoom/3EDDFFF905A664833A2724EDFA3DF928.jpg,https://driveimg1.intermarche.com/pt/Content/images/boitmal/produit/zoom/3EDDFFF905A664833A2724EDFA3DF928.jpg,,,2025-06-25T23:59:59.999999999+01:00,PROSPECTUS,14,3,
53066,5601050037845,620.0,Danone,"Bifidus líquido activia aveia e noz 000%, 4 x 155g",,1.99,3.21,0,kg,€/Kg,,,https://driveimg1.intermarche.com/pt/Content/images/boitmal/produit/zoom/CA31731A632F34AB50927A2984D0BF84.jpg,https://driveimg1.intermarche.com/pt/Content/images/boitmal/produit/zoom/C3E5261F5C2ADA6A9243957038878389.jpg,https://driveimg1.intermarche.com/pt/Content/images/boitmal/produit/zoom/C3E5261F5C2ADA6A9243957038878389.jpg,https://driveimg1.intermarche.com/pt/Content/images/boitmal/produit/zoom/C3E5261F5C2ADA6A9243957038878389.jpg,,2025-06-25T23:59:59.999999999+01:00,PROSPECTUS,14,3,
53081,8410199024701,150.0,Doritos,"Snacks milho nachos dippas, 150g",,1.29,8.6,0,kg,€/Kg,,,https://driveimg1.intermarche.com/pt/Content/images/boitmal/produit/zoom/BF36364EB695B190635DFD34C03ED47E.jpg,https://driveimg1.intermarche.com/pt/Content/images/boitmal/produit/zoom/529878C3C769D792716BED88F66601A9.jpg,https://driveimg1.intermarche.com/pt/Content/images/boitmal/produit/zoom/529878C3C769D792716BED88F66601A9.jpg,https://driveimg1.intermarche.com/pt/Content/images/boitmal/produit/zoom/529878C3C769D792716BED88F66601A9.jpg,,2025-06-25T23:59:59.999999999+01:00,PROSPECTUS,14,3,
53163,8445291099418,,Buondi,"Café original nespresso, 10 cápsulas",,3.29,3.29,10,,€/Unidade,,,https://driveimg1.intermarche.com/pt/Content/images/boitmal/produit/zoom/6E46F1C9FB77DF7B2C9479B336DCC810.jpg,,,,,2025-06-25T23:59:59.999999999+01:00,PROSPECTUS,14,3,
53208,8719200268647,1000.0,Vaqueiro,"Creme vegetal culinária clássico, 1 kg",,2.99,2.99,0,kg,€/Kg,,,https://driveimg1.intermarche.com/pt/Content/images/boitmal/produit/zoom/0735A691FAA77E120C1E24086E19EA16.jpg,https://driveimg1.intermarche.com/pt/Content/images/boitmal/produit/zoom/DD9C237337ADB2608A1427FA94442244.jpg,https://driveimg1.intermarche.com/pt/Content/images/boitmal/produit/zoom/DD9C237337ADB2608A1427FA94442244.jpg,https://driveimg1.intermarche.com/pt/Content/images/boitmal/produit/zoom/DD9C237337ADB2608A1427FA94442244.jpg,,2025-06-25T23:59:59.999999999+01:00,PROSPECTUS,14,3,
53245,8410376065077,208.0,Gullon,"Bolachas dibus magic mix & go, 208g",,1.29,6.2,0,kg,€/Kg,,,https://driveimg1.intermarche.com/pt/Content/images/boitmal/produit/zoom/7656D702777E0FFE2E0B137FEF921189.jpg,,,,,2025-06-25T23:59:59.999999999+01:00,PROSPECTUS,14,3,
53295,8414100301240,1000.0,Schweppes,"Água Tónica Regular Zero, garrafa de 1l",,1.65,1.65,1000,L,€/L,,,https://driveimg1.intermarche.com/pt/Content/images/boitmal/produit/zoom/25F21BC2F18171F01E270025DBAA2EDD.jpg,https://driveimg1.intermarche.com/pt/Content/images/boitmal/produit/zoom/AEC285B8796F6030DCD987BA7BB072F4.jpg,https://driveimg1.intermarche.com/pt/Content/images/boitmal/produit/zoom/AEC285B8796F6030DCD987BA7BB072F4.jpg,,,2025-06-25T23:59:59.999999999+01:00,PROSPECTUS,14,3,
53599,3574669907828,300.0,Johnson's Baby,Champô Camomila,Embalagem de 300ml,3.19,10.63,300,L,€/L,,,https://driveimg1.intermarche.com/pt/Content/images/boitmal/produit/zoom/E212557784A3837EE515EBCBC6D0919C.jpg,,,,,2025-06-25T23:59:59.999999999+01:00,PROSPECTUS,14,3,
53626,3600542509596,340.0,Garnier,Máscara Cabelo Ultra Suave Gama Maravilhosa,Embalagem de 340ml,4.74,13.94,340,L,€/L,,,https://driveimg1.intermarche.com/pt/Content/images/boitmal/produit/zoom/A2A1CFA5E77CBE04FF25DF4E2615ECC1.jpg,,,,,2025-06-25T23:59:59.999999999+01:00,PROSPECTUS,14,3,
53662,5000204758184,400.0,Raid,Insecticida Spray Multi Insectos,Embalagem de 400ml,5.59,13.98,400,L,€/L,,,https://driveimg1.intermarche.com/pt/Content/images/boitmal/produit/zoom/B915DBAFECD5B685BDF465AE97BCD03C.jpg,,,,,2025-08-06T23:59:59.999999999+01:00,PROSPECTUS,14,3,
540,3222270158428,1500.0,Friskies,Ração para gato adulto de interior,"Embalagem de 1,5 kg",5.79,3.86,0,kg,€/Kg,,,https://driveimg1.intermarche.com/pt/Content/images/boitmal/produit/zoom/CD7C5B2E4322F0515EAC25F0F1ADD782.jpg,,,,,2025-06-25T23:59:59.999999999+01:00,PROSPECTUS,14,3,
54234,8410104882679,38.0,Air Wick,"Ambientador Eléctrico Delícias de Verão Recarga, 2x19ml",,5.19,136.58,38,L,€/L,,,https://driveimg1.intermarche.com/pt/Content/images/boitmal/produit/zoom/B556ED2219FA1FF0B6987F8333E98AD5.jpg,https://driveimg1.intermarche.com/pt/Content/images/boitmal/produit/zoom/C8DDA33289997E47DBFE45FC9DFA0415.jpg,https://driveimg1.intermarche.com/pt/Content/images/boitmal/produit/zoom/C8DDA33289997E47DBFE45FC9DFA0415.jpg,https://driveimg1.intermarche.com/pt/Content/images/boitmal/produit/zoom/C8DDA33289997E47DBFE45FC9DFA0415.jpg,https://driveimg1.intermarche.com/pt/Content/images/boitmal/produit/zoom/C8DDA33289997E47DBFE45FC9DFA0415.jpg,2025-06-25T23:59:59.999999999+01:00,PROSPECTUS,14,3,
543,3228881083241,30.0,Lipton,"20 saquetas chá digestão fácil, embalagem de 30g",,2.1,70.0,0,kg,€/Kg,,,https://driveimg1.intermarche.com/pt/Content/images/boitmal/produit/zoom/62C3C7BA99F1F998410EDAE6BAC40CDF.jpg,,,,,2025-06-25T23:59:59.999999999+01:00,PROSPECTUS,14,3,
54316,4064035151324,,Scotch Brite,"Esfregão com Esponja Azul, 3un.",,1.49,1.49,0,,€/Unidade,,,https://driveimg1.intermarche.com/pt/Content/images/boitmal/produit/zoom/A4B005D8CCAAFC71AAB327E2A5FE66C0.jpg,,,,,2025-06-25T23:59:59.999999999+01:00,PROSPECTUS,14,3,
54333,8714789947235,300.0,Palmolive,"Sabonete Líquido Recarga Leite E Mel, 300ml",,1.79,5.97,300,L,€/L,,,https://driveimg1.intermarche.com/pt/Content/images/boitmal/produit/zoom/2505D6DB8402134EEB78BB03E536D0FF.jpg,,,,,2025-06-25T23:59:59.999999999+01:00,PROSPECTUS,14,3,
54341,8718951591653,600.0,Sanex,"Gel De Banho Zero% Pele Seca, 600ml",,2.99,4.98,600,L,€/L,,,https://driveimg1.intermarche.com/pt/Content/images/boitmal/produit/zoom/C6FB8F8058B4D6EEA73B8FA2DF5002A2.jpg,,,,,2025-06-25T23:59:59.999999999+01:00,PROSPECTUS,14,3,
54346,8435495843733,,Gama,"Detergente Roupa Máquina Líquido Cuidado Diário, 80D",,4.99,4.99,0,,€/Unidade,,,https://driveimg1.intermarche.com/pt/Content/images/boitmal/produit/zoom/E5D9177D92E6E9DF5147C07C4D5C380F.jpg,,,,,2025-06-25T23:59:59.999999999+01:00,PROSPECTUS,14,3,
54352,8015100563067,,Bref,"Bloco Sanitário Poder Activo Pinho, 1un.",,1.98,1.98,0,,€/Unidade,,,https://driveimg1.intermarche.com/pt/Content/images/boitmal/produit/zoom/6548556EC6635D4135DFA79429658369.jpg,,,,,2025-06-25T23:59:59.999999999+01:00,PROSPECTUS,14,3,
54400,3600523923786,300.0,Elvive,"Condicionador Full Resist, 300ml",,3.94,13.13,300,L,€/L,,,https://driveimg1.intermarche.com/pt/Content/images/boitmal/produit/zoom/51E8E8D4B703BA7D521D2B83C3B67202.jpg,https://driveimg1.intermarche.com/pt/Content/images/boitmal/produit/zoom/51E15310BE3AB6E1221F1CA533EEF176.jpg,https://driveimg1.intermarche.com/pt/Content/images/boitmal/produit/zoom/51E15310BE3AB6E1221F1CA533EEF176.jpg,https://driveimg1.intermarche.com/pt/Content/images/boitmal/produit/zoom/51E15310BE3AB6E1221F1CA533EEF176.jpg,,2025-06-25T23:59:59.999999999+01:00,PROSPECTUS,14,3,
54438,3600542571623,340.0,Garnier,"Máscara Cabelo Ultra Suave Água De Arroz, 340ml",,4.74,13.94,340,L,€/L,,,https://driveimg1.intermarche.com/pt/Content/images/boitmal/produit/zoom/53AC93BE57D606A0E2C6693D3B775B25.jpg,https://driveimg1.intermarche.com/pt/Content/images/boitmal/produit/zoom/B2D5358DF2EBD1C6ED63ACCA1DEC794D.jpg,https://driveimg1.intermarche.com/pt/Content/images/boitmal/produit/zoom/B2D5358DF2EBD1C6ED63ACCA1DEC794D.jpg,https://driveimg1.intermarche.com/pt/Content/images/boitmal/produit/zoom/B2D5358DF2EBD1C6ED63ACCA1DEC794D.jpg,https://driveimg1.intermarche.com/pt/Content/images/boitmal/produit/zoom/B2D5358DF2EBD1C6ED63ACCA1DEC794D.jpg,2025-06-25T23:59:59.999999999+01:00,PROSPECTUS,14,3,
54483,8700216266109,330.0,H&S,"Champô Homem Anticaspa Maçã, 330ml",,4.94,14.97,330,L,€/L,,,https://driveimg1.intermarche.com/pt/Content/images/boitmal/produit/zoom/4E5B459E9EFAED34D487FD3DCEFF02CE.jpg,,,,,2025-06-25T23:59:59.999999999+01:00,PROSPECTUS,14,3,
54539,8700216236669,,Fairy,"Detergente Máquina Loiça Pastilhas Platinum Plus Tudo em 1 Limão, 19D",,5.98,5.98,0,,€/Unidade,,,https://driveimg1.intermarche.com/pt/Content/images/boitmal/produit/zoom/8EF65916B83E06C892876A46E53055E1.jpg,,,,,2025-06-25T23:59:59.999999999+01:00,PROSPECTUS,14,3,
54560,5604260332854,200.0,Labell,"Desodorizante Baunilha, 200ml",,1.39,6.95,200,L,€/L,,,https://driveimg1.intermarche.com/pt/Content/images/boitmal/produit/zoom/0FFE43F4E50399E1F999F62A6C8676D3.jpg,,,,,2025-06-25T23:59:59.999999999+01:00,PROSPECTUS,14,3,
54570,5604260331895,300.0,Labell,"Champô Cabelos Pintados Brilho & Proteção, 300ml",,1.69,5.63,300,L,€/L,,,https://driveimg1.intermarche.com/pt/Content/images/boitmal/produit/zoom/DC925F2BA3061638392A3E41E031DE71.jpg,,,,,2025-06-25T23:59:59.999999999+01:00,PROSPECTUS,14,3,
54578,5604260332847,200.0,Labell Men,"Desodorizante Antitranspirante Invisible, 200ml",,1.39,6.95,200,L,€/L,,,https://driveimg1.intermarche.com/pt/Content/images/boitmal/produit/zoom/6089B570557FEDB49C72B5ECFB5CAF3F.jpg,,,,,2025-06-25T23:59:59.999999999+01:00,PROSPECTUS,14,3,
54579,5604260332823,200.0,Labell Men,"Desodorizante Energy, 200ml",,1.39,6.95,200,L,€/L,,,https://driveimg1.intermarche.com/pt/Content/images/boitmal/produit/zoom/D65AEFFA3E695F6087A751C8F90810AA.jpg,,,,,2025-06-25T23:59:59.999999999+01:00,PROSPECTUS,14,3,
54605,8720181468377,720.0,Dove,"Gel de banho fruity nourish, 720ml",,7.99,11.1,720,L,€/L,,,https://driveimg1.intermarche.com/pt/Content/images/boitmal/produit/zoom/FFA7012232765CFD968E176F1C94593A.jpg,,,,,2025-06-25T23:59:59.999999999+01:00,PROSPECTUS,14,3,
54606,8720181466359,720.0,Dove,"Gel de banho hydrate, 720ml",,7.99,11.1,720,L,€/L,,,https://driveimg1.intermarche.com/pt/Content/images/boitmal/produit/zoom/73576AE98695DDB42CEBA03FBEBB469E.jpg,,,,,2025-06-25T23:59:59.999999999+01:00,PROSPECTUS,14,3,
54632,5603722523045,1000.0,Gresso,"Leite UHT Meio Gordo, 1L",,0.87,0.87,1000,L,€/L,,,https://driveimg1.intermarche.com/pt/Content/images/boitmal/produit/zoom/ECF816693AC2579C9FB595FD8ABD96D7.jpg,,,,,2025-06-25T23:59:59.999999999+01:00,PROSPECTUS,14,3,
54669,5000116128754,200.0,Iglo,"Cordon bleu, 200g",,3.99,19.95,0,kg,€/Kg,,Tipo de stockagem,https://driveimg1.intermarche.com/pt/Content/images/boitmal/produit/zoom/9A94E635EDF0DAF7EF8F166E06599C57.jpg,,,,,2025-06-25T23:59:59.999999999+01:00,PROSPECTUS,14,3,
54813,8711327633353,240.0,Olá,"Gelado disney rei leão, 4 x 60 ml",,2.99,12.46,240,L,€/L,,Tipo de stockagem,https://driveimg1.intermarche.com/pt/Content/images/boitmal/produit/zoom/21302EFD090838C1C95742BB4D804C91.jpg,,,,,2025-06-25T23:59:59.999999999+01:00,PROSPECTUS,14,3,
54951,8718951447578,,Colgate,"Sérum Branqueador Max White Noite, 1un.",,12.99,12.99,0,,€/Unidade,,,https://driveimg1.intermarche.com/pt/Content/images/boitmal/produit/zoom/F84B59B1461C920D0465EAFC47A12A83.jpg,,,,,2025-06-25T23:59:59.999999999+01:00,PROSPECTUS,14,3,
55073,5063270103920,40.0,Lipton,"Infusão Limão e Gengibre Pyramid Saquetas, 20un.",,2.1,52.5,0,kg,€/Kg,,,https://driveimg1.intermarche.com/pt/Content/images/boitmal/produit/zoom/86C7C0594CB36EB29392619411BA0B64.jpg,,,,,2025-06-25T23:59:59.999999999+01:00,PROSPECTUS,14,3,
55152,7613287476678,360.0,Nestle,"Cereais Cini Minis Churros, 360g",,3.19,8.86,0,kg,€/Kg,,,https://driveimg1.intermarche.com/pt/Content/images/boitmal/produit/zoom/CBEDD40074405283D3C973E755D6C037.jpg,https://driveimg1.intermarche.com/pt/Content/images/boitmal/produit/zoom/EA905017612AD1875B8671C65C8AD9E8.jpg,,,,2025-06-25T23:59:59.999999999+01:00,PROSPECTUS,14,3,
55242,5601119405158,220.0,Nobre,"Fiambre da Perna Extra Fatias Finas Cuida-t+, 220g",,3.29,14.95,0,kg,€/Kg,,,https://driveimg1.intermarche.com/pt/Content/images/boitmal/produit/zoom/F7D41F9A70217A16C33BBB081F6F9D27.jpg,,,,,2025-06-25T23:59:59.999999999+01:00,PROSPECTUS,14,3,
55250,8445290753816,1020.0,Friskies,"Comida Húmida para Cão Adulto Carnes em Molho, 12 x 85g",,5.24,5.14,0,kg,€/Kg,,,https://driveimg1.intermarche.com/pt/Content/images/boitmal/produit/zoom/A64CAC0FFB70C588228C0BACF8F0D40B.jpg,,,,,2025-06-25T23:59:59.999999999+01:00,PROSPECTUS,14,3,
55251,8445290751928,340.0,Friskies,"Comida Húmida para Cão Adulto Gelatina Frango, 4 x 85g",,1.94,5.71,0,kg,€/Kg,,,https://driveimg1.intermarche.com/pt/Content/images/boitmal/produit/zoom/189517B3F23D13BC221A7216F72130B8.jpg,,,,,2025-06-25T23:59:59.999999999+01:00,PROSPECTUS,14,3,
55252,8445290751621,340.0,Friskies,"Comida Húmida para Cão Adulto Gelatina Mix, 4 x 85g",,1.94,5.71,0,kg,€/Kg,,,https://driveimg1.intermarche.com/pt/Content/images/boitmal/produit/zoom/3827A81B7E08690671B3AA5BD1698BCE.jpg,,,,,2025-06-25T23:59:59.999999999+01:00,PROSPECTUS,14,4,
55253,8445290752352,340.0,Friskies,"Comida Húmida para Cão Adulto Frango, 4 x 85g",,1.94,5.71,0,kg,€/Kg,,,https://driveimg1.intermarche.com/pt/Content/images/boitmal/produit/zoom/4C1282F5FEF5091F2777242B74AFA90D.jpg,,,,,2025-06-25T23:59:59.999999999+01:00,PROSPECTUS,14,4,
55263,8445291133372,220.0,Sical,"Café Moído Moagem Universal Tradição Int 11, 220g",,3.35,15.23,0,kg,€/Kg,,,https://driveimg1.intermarche.com/pt/Content/images/boitmal/produit/zoom/2C71B4BE8C62CE03863B42CCFD75F09E.jpg,,,,,2025-06-25T23:59:59.999999999+01:00,PROSPECTUS,14,4,
55265,5601164906464,500.0,Carlsberg,"Cerveja com Álcool, 50cl",,0.99,1.98,500,L,€/L,,,https://driveimg1.intermarche.com/pt/Content/images/boitmal/produit/zoom/52FFB090679730D63FDD66DCDCD4FA6C.jpg,,,,,2025-06-25T23:59:59.999999999+01:00,PROSPECTUS,14,4,
55279,8445291077553,,Nescafe,"Cápsulas de Café Expresso Buondi Robusto Int 12, 30un.",,9.49,9.49,30,,€/Unidade,,,https://driveimg1.intermarche.com/pt/Content/images/boitmal/produit/zoom/F8F57D86C364D9E969FF28B552F6FCD7.jpg,https://driveimg1.intermarche.com/pt/Content/images/boitmal/produit/zoom/BA300C0F2E6C066F6EC8351CF64B9A07.jpg,https://driveimg1.intermarche.com/pt/Content/images/boitmal/produit/zoom/82206E3E098BB5EC764BCE73CD19C0AE.jpg,,,2025-06-25T23:59:59.999999999+01:00,PROSPECTUS,14,4,
55286,8414100380160,1000.0,Schweppes,"Refrigerante com Gás Citrus Zero Açúcar, 1L",,1.09,1.09,1000,L,€/L,,,https://driveimg1.intermarche.com/pt/Content/images/boitmal/produit/zoom/766E0722FC725A80C881A7C520F72ACD.jpg,,,,,2025-06-25T23:59:59.999999999+01:00,PROSPECTUS,14,4,
5568,5602042100707,700.0,Licor Beirão,"Licor, garrafa de 700 ml",,11.99,17.13,700,L,€/L,,,https://driveimg1.intermarche.com/pt/Content/images/boitmal/produit/zoom/07C8FF4320A08C5A6B4CACC9EE87EA83.jpg,,,,,2025-06-25T23:59:59.999999999+01:00,PROSPECTUS,14,4,
55886,5602102240404,150.0,Quinta D'Avó,"Preparado África Pura, 150ml",,2.24,14.93,0,kg,€/Kg,,,https://driveimg1.intermarche.com/pt/Content/images/boitmal/produit/zoom/64DCAD772D3514A5617050F2C2598834.jpg,,,,,2025-06-25T23:59:59.999999999+01:00,PROSPECTUS,14,4,
6818,8712566118625,390.0,Olá,"Gelado supermaxi, embalagem de 6 x 65 ml",,2.99,7.67,390,L,€/L,,Tipo de stockagem,https://driveimg1.intermarche.com/pt/Content/images/boitmal/produit/zoom/35BED764F4AC2EA1C9F5BA3B815AD204.jpg,https://driveimg1.intermarche.com/pt/Content/images/boitmal/produit/zoom/C78EEEF4719F48D1D9E8F75D0F700815.jpg,https://driveimg1.intermarche.com/pt/Content/images/boitmal/produit/zoom/C78EEEF4719F48D1D9E8F75D0F700815.jpg,https://driveimg1.intermarche.com/pt/Content/images/boitmal/produit/zoom/C78EEEF4719F48D1D9E8F75D0F700815.jpg,,2025-06-25T23:59:59.999999999+01:00,PROSPECTUS,14,4,
7994,5000204700398,,Raid,"Inseticida, recarga, elétrico, pack 2",1 embalagem com 2x27ml,7.59,7.59,0,,€/Unidade,,,https://driveimg1.intermarche.com/pt/Content/images/boitmal/produit/zoom/14C1FAF83F88740F609DED3B0E2D51E7.jpg,,,,,2025-08-06T23:59:59.999999999+01:00,PROSPECTUS,14,4,
8413,8410500008932,600.0,Danone,"Actimel iogurte líquido de morango, de 6 x 100g",,2.99,4.98,0,kg,€/Kg,,,https://driveimg1.intermarche.com/pt/Content/images/boitmal/produit/zoom/F5F985DE2C1FEBCCE4ED6002098F416C.jpg,,,,,2025-06-25T23:59:59.999999999+01:00,PROSPECTUS,14,4,
8414,0000084105554,600.0,Danone,"Iogurte líquido natural, pack 6 x 100 g",,2.99,4.98,0,kg,€/Kg,,,https://driveimg1.intermarche.com/pt/Content/images/boitmal/produit/zoom/0D1F331132D6ABD29FDCEFD550221808.jpg,,,,,2025-06-25T23:59:59.999999999+01:00,PROSPECTUS,14,4,
8434,5601050033731,620.0,Danone,"Iogurte activia líquido 0% lima/limão, embalagem de 4 x 155g",,1.99,3.21,0,kg,€/Kg,,,https://driveimg1.intermarche.com/pt/Content/images/boitmal/produit/zoom/B41EA750EA9360556362913E488E9E4D.jpg,,,,,2025-06-25T23:59:59.999999999+01:00,PROSPECTUS,14,4,
8435,5601050033953,620.0,Danone,"Iogurte activia líquido 0% de pêssego/maracujá, embalagem de 4 x 155g",,1.99,3.21,0,kg,€/Kg,,,https://driveimg1.intermarche.com/pt/Content/images/boitmal/produit/zoom/8F87711D2EAC77ED611C3C3EAE26545D.jpg,,,,,2025-06-25T23:59:59.999999999+01:00,PROSPECTUS,14,4,
8438,5601050033816,620.0,Danone,"Iogurte activia líquido frutos silvestres, embalagem de 4 x 155g",,1.99,3.21,0,kg,€/Kg,,,https://driveimg1.intermarche.com/pt/Content/images/boitmal/produit/zoom/E214EAC60369F7ED2580B2CD156E97E1.jpg,,,,,2025-06-25T23:59:59.999999999+01:00,PROSPECTUS,14,4,
848,5000189974579,200.0,Kit Kat,"Chocolate mini, embalagem de 200g",,3.59,17.95,0,kg,€/Kg,,,https://driveimg1.intermarche.com/pt/Content/images/boitmal/produit/zoom/90873705F18CB17964EF30C7A0BF7D60.jpg,,,,,2025-06-25T23:59:59.999999999+01:00,PROSPECTUS,14,4,
8657,5601163081711,1980.0,Luso,"Água sem gás, pack 6 x 0.33 l",,2.35,1.19,1980,L,€/L,,,https://driveimg1.intermarche.com/pt/Content/images/boitmal/produit/zoom/443B50B4BA27541FFD3067F816F7D24A.jpg,,,,,2025-06-25T23:59:59.999999999+01:00,PROSPECTUS,14,4,
8658,5601163101716,3000.0,Luso,"Água sem gás, pack 6 x 0.5 l",,2.59,0.86,3000,L,€/L,,,https://driveimg1.intermarche.com/pt/Content/images/boitmal/produit/zoom/13EA35DE036BB24C52BA46395E39799E.jpg,,,,,2025-06-25T23:59:59.999999999+01:00,PROSPECTUS,14,4,
8670,5601164900004,6000.0,Carlsberg,"Cerveja com álcool, embalagem de 24x0,25 l",,12.99,2.17,6000,L,€/L,,,https://driveimg1.intermarche.com/pt/Content/images/boitmal/produit/zoom/974095AD2AA090B34BBE60CDC13FDA25.jpg,,,,,2025-06-25T23:59:59.999999999+01:00,PROSPECTUS,14,4,
8808,5601252107094,250.0,Gallo,"Vinagre vinho branco, garrafa 250ml",,1.29,5.16,250,L,€/L,,,https://driveimg1.intermarche.com/pt/Content/images/boitmal/produit/zoom/0BA26199C027C9616D0DF2F5F2C3C85C.jpg,,,,,2025-06-25T23:59:59.999999999+01:00,PROSPECTUS,14,4,
8912,5601356013161,750.0,Porta da Ravessa,"Vinho doc alentejo branco, garrafa de 750 ml",,2.19,2.92,750,L,€/L,,,https://driveimg1.intermarche.com/pt/Content/images/boitmal/produit/zoom/B2B567FB002E24CD5B274D93F2B326E7.jpg,,,,,2025-06-25T23:59:59.999999999+01:00,PROSPECTUS,14,4,
8933,5601377339080,750.0,Monsaraz,"Vinho doc alentejo tinto, garrafa de 0,75 l",,3.49,4.65,750,L,€/L,,,https://driveimg1.intermarche.com/pt/Content/images/boitmal/produit/zoom/91D66AE5F752617A4B7436C49147FA1C.jpg,,,,,2025-06-25T23:59:59.999999999+01:00,PROSPECTUS,14,4,
9113,5601989001566,750.0,Monte Velho,"Vinho branco alentejo, garrafa de 750 ml",,3.99,5.32,750,L,€/L,,,https://driveimg1.intermarche.com/pt/Content/images/boitmal/produit/zoom/7B25882D8E40FB5175386823B109A8BD.jpg,,,,,2025-06-25T23:59:59.999999999+01:00,PROSPECTUS,14,4,
9241,5603016000788,750.0,Adega de Pegões,"Vinho branco regional península de setúbal, 750 ml",,1.54,2.05,750,L,€/L,,,https://driveimg1.intermarche.com/pt/Content/images/boitmal/produit/zoom/33F7981A583CA4EF224AA511FB4C706C.jpg,,,,,2025-06-25T23:59:59.999999999+01:00,PROSPECTUS,14,4,
9380,5604260031184,750.0,Selecção de Enófilos,Moscatel de setúbal,"Garrafa de 0,75 l",3.89,5.19,750,L,€/L,,,https://driveimg1.intermarche.com/pt/Content/images/boitmal/produit/zoom/C3CF1E1979EAA1A2C8B45420EF98FD9B.jpg,,,,,2025-06-25T23:59:59.999999999+01:00,PROSPECTUS,14,4,
9396,5604260326747,750.0,Selecção de Enófilos,Vinho frisante branco,Garrafa de 750 ml,1.49,1.99,750,L,€/L,,,https://driveimg1.intermarche.com/pt/Content/images/boitmal/produit/zoom/795B86C8A6258A61029ABFC483DA17C4.jpg,,,,,2025-06-25T23:59:59.999999999+01:00,PROSPECTUS,14,4,
951,5601010131217,120.0,Ramirez,"Atum posta em óleo, embalagem de 120g",,1.98,16.5,0,kg,€/Kg,,,https://driveimg1.intermarche.com/pt/Content/images/boitmal/produit/zoom/A9FA65BDF4D5D30164F11C66D8B5677D.jpg,,,,,2025-06-25T23:59:59.999999999+01:00,PROSPECTUS,14,4,
962,5601019012517,210.0,Guloso,"Passata de manjericão/oregãos, embalagem de 210g",,0.74,3.52,0,kg,€/Kg,,,https://driveimg1.intermarche.com/pt/Content/images/boitmal/produit/zoom/FB183AA35B0A4E7518DB0F29131C2068.jpg,,,,,2025-06-25T23:59:59.999999999+01:00,PROSPECTUS,14,4,
979,5601024134471,750.0,Oliveira da Serra,Azeite Virgem,Embalagem de 750 ml,4.99,6.65,750,L,€/L,,,https://driveimg1.intermarche.com/pt/Content/images/boitmal/produit/zoom/E26F25C9E42D7D1738A837046251B635.jpg,,,,,2025-06-25T23:59:59.999999999+01:00,PROSPECTUS,14,4,
9860,5998749117774,60.0,Catisfactions,"Snack para gato, embalagem de 60g",,1.69,28.17,0,kg,€/Kg,,,https://driveimg1.intermarche.com/pt/Content/images/boitmal/produit/zoom/8101203972BAF1C5864106047DC8064A.jpg,,,,,2025-06-25T23:59:59.999999999+01:00,PROSPECTUS,14,4,
994,5601038001400,240.0,Knorr,"Caldo de carne 24 cubos, embalagem de 240g",,2.49,10.38,0,kg,€/Kg,,,https://driveimg1.intermarche.com/pt/Content/images/boitmal/produit/zoom/111ACC6539DBD1BD4431EF700197763E.jpg,,,,,2025-06-25T23:59:59.999999999+01:00,PROSPECTUS,14,4,
11523,5601051410029,250.0,Primor,"Manteiga com sal, 250g",,2.14,8.56,0,kg,€/Kg,,,https://driveimg1.intermarche.com/pt/Content/images/boitmal/produit/zoom/6515E45A6FB2F6024F4DECB68FB265B3.jpg,,,,,2025-06-25T23:59:59.999999999+01:00,PROSPECTUS,14,4,
1322,5601163011114,5400.0,Luso,"Água sem gás, garrafa de 5,4 l",,1.77,0.33,5400,L,€/L,,,https://driveimg1.intermarche.com/pt/Content/images/boitmal/produit/zoom/AA9320932FF184911C32006B7463EC74.jpg,,,,,2025-06-25T23:59:59.999999999+01:00,PROSPECTUS,14,4,
15577,5604260279166,125.0,PorSi,Framboesa,Embalagem com 125g,1.59,12.72,0,kg,€/Kg,,,https://driveimg1.intermarche.com/pt/Content/images/boitmal/produit/zoom/B88FD29FAEF1BF8CB6DEB86AC94C2B60.jpg,,,,,2025-06-25T23:59:59.999999999+01:00,PROSPECTUS,14,4,
26091,7613036115575,550.0,Nestlé,Cereais estrelitas,Embalagem de 550g,3.49,6.35,0,kg,€/Kg,,,https://driveimg1.intermarche.com/pt/Content/images/boitmal/produit/zoom/90505B63FB20AF187537F3B46DDB9B86.jpg,,,,,2025-06-25T23:59:59.999999999+01:00,PROSPECTUS,14,4,
11641,5601180001020,1000.0,Vigor,Leite pasteurizado meio gordo,Garrafa de 1 l,1.0,1.0,1000,L,€/L,,,https://driveimg1.intermarche.com/pt/Content/images/boitmal/produit/zoom/C25BCB5001E1A92DAA543A65EC5B2802.jpg,,,,,2025-06-25T23:59:59.999999999+01:00,PROSPECTUS,14,4,
9692,5604260270644,1000.0,PorSi,Lasanha à Bolonhesa,Embalagem de 1 kg,4.49,4.49,0,kg,€/Kg,,,https://driveimg1.intermarche.com/pt/Content/images/boitmal/produit/zoom/595A20D8C881F56034BBF0051C161610.jpg,,,,,2025-06-25T23:59:59.999999999+01:00,PROSPECTUS,14,4,
5977,5604260274086,,PorSi,"Acendalha branca, 32 cubos",,0.99,0.99,0,,€/Unidade,,,https://driveimg1.intermarche.com/pt/Content/images/boitmal/produit/zoom/5D848885F4F58352BFD5FA139BD7FC0A.jpg,https://driveimg1.intermarche.com/pt/Content/images/boitmal/produit/zoom/1FFF9F1373872F7DE961EE146FD1DAB4.jpg,https://driveimg1.intermarche.com/pt/Content/images/boitmal/produit/zoom/1FFF9F1373872F7DE961EE146FD1DAB4.jpg,,,2025-08-06T23:59:59.999999999+01:00,PROSPECTUS,14,4,
44702,5053990155354,175.0,Pringles,"Snacks batata sour cream & onion, embalagem de 175g",,2.39,13.66,0,kg,€/Kg,,,https://driveimg1.intermarche.com/pt/Content/images/boitmal/produit/zoom/0C0E56E5BC42C468A1D6A594D5BD0C63.jpg,https://driveimg1.intermarche.com/pt/Content/images/boitmal/produit/zoom/3743B152C095FACA5BB155343DC8A7EE.jpg,https://driveimg1.intermarche.com/pt/Content/images/boitmal/produit/zoom/3743B152C095FACA5BB155343DC8A7EE.jpg,https://driveimg1.intermarche.com/pt/Content/images/boitmal/produit/zoom/3743B152C095FACA5BB155343DC8A7EE.jpg,https://driveimg1.intermarche.com/pt/Content/images/boitmal/produit/zoom/3743B152C095FACA5BB155343DC8A7EE.jpg,2025-06-25T23:59:59.999999999+01:00,PROSPECTUS,14,4,
959,5601019012418,1000.0,Guloso,Polpa de Tomate,Embalagem de 1 kg,1.79,1.79,0,kg,€/Kg,,,https://driveimg1.intermarche.com/pt/Content/images/boitmal/produit/zoom/3946132CDF77B4B5ABC4B3B587DC5572.jpg,,,,,2025-06-25T23:59:59.999999999+01:00,PROSPECTUS,14,4,
11982,5603802400020,750.0,Fiuza,"Vinho branco tejo sauvignon, garrafa de 750 ml",,4.99,6.65,750,L,€/L,,,https://driveimg1.intermarche.com/pt/Content/images/boitmal/produit/zoom/996291488226B375A67E39537E454FD9.jpg,,,,,2025-06-25T23:59:59.999999999+01:00,PROSPECTUS,14,4,
20101,5601010131231,120.0,Ramirez,"Atum em azeite, embalagem de 120g",,1.49,12.42,0,kg,€/Kg,,,https://driveimg1.intermarche.com/pt/Content/images/boitmal/produit/zoom/4E16DC667779622705519F8CE1EA40F5.jpg,,,,,2025-06-25T23:59:59.999999999+01:00,PROSPECTUS,14,4,
958,5601019012401,500.0,Guloso,Polpa de Tomate,Embalagem de 500g,1.09,2.18,0,kg,€/Kg,,,https://driveimg1.intermarche.com/pt/Content/images/boitmal/produit/zoom/0CE0E0ED1941D8AA40077B3BCCD426E3.jpg,,,,,2025-06-25T23:59:59.999999999+01:00,PROSPECTUS,14,4,
41298,5601050036541,440.0,Danone,"Iogurte oikos natural,  4 x 110g",,2.49,5.66,0,kg,€/Kg,,,https://driveimg1.intermarche.com/pt/Content/images/boitmal/produit/zoom/100CC1C1966D7A85865BF44E424F358B.jpg,,,,,2025-06-25T23:59:59.999999999+01:00,PROSPECTUS,14,4,
48551,7613287300393,,Nescafé,Nescafe portion coffee systems nescafé dolce gusto 186 g,,9.49,9.49,30,,€/Unidade,,,https://driveimg1.intermarche.com/pt/Content/images/boitmal/produit/zoom/E649FC664013B58BF3328022DDE18A28.jpg,,,,,2025-06-25T23:59:59.999999999+01:00,PROSPECTUS,14,4,
