identifier,produitEan13,capacite,marque,libelle,conditionnement,prix,unitPrice,volume,typeProduit_uniteByCode,unit_value,pictogrammes_0,pictogrammes_libelleCategorie,images_0,images_1,images_2,images_3,images_4,images_5,images_6,avantages_dateFin,avantages_categorie,nro_paginas,page
13833,2892579000000,300.0,Legumes,Pepino,1 un = 300 gr  (aprox.),0.45,1.49,0,,€/Kg,,,https://driveimg1.intermarche.com/pt/Content/images/boitmal/produit/zoom/BD2734BFC4704D52A466FC85B929304E.jpg,,,,,,,2025-08-20T23:59:59.999999999+01:00,PROSPECTUS,11,1
2785,5601363013222,150.0,Ruffles,"Batata frita presunto, embalagem de 150 g",,1.39,9.27,0,kg,€/Kg,,,https://driveimg1.intermarche.com/pt/Content/images/boitmal/produit/zoom/7C1F8A2720963F6F12F5A2EE9BFB27BF.jpg,,,,,,,2025-08-20T23:59:59.999999999+01:00,PROSPECTUS,11,1
1480,5601314000073,9000.0,Vitalis,"Água mineral sem gás, pack 6 x 1.5 l",,2.69,0.3,9000,L,€/L,,,https://driveimg1.intermarche.com/pt/Content/images/boitmal/produit/zoom/DA3E69EB6FBF3CE3F3256CE592DB9A52.jpg,,,,,,,2025-08-20T23:59:59.999999999+01:00,PROSPECTUS,11,1
10914,3250390011620,200.0,Páturages,Queijo brie 60% mg,Embalagem de 200 g,1.75,8.75,0,kg,€/Kg,,,https://driveimg1.intermarche.com/pt/Content/images/boitmal/produit/zoom/4BF7058D0138CA4DFA3E37B503FC8E28.jpg,,,,,,,2025-08-20T23:59:59.999999999+01:00,PROSPECTUS,11,1
12888,2892090000000,500.0,Fruta,Manga Avião,1 un=500 gr (aprox.),1.95,3.89,0,,€/Kg,,,https://driveimg1.intermarche.com/pt/Content/images/boitmal/produit/zoom/A3E5B8447376E0E91C2C4BB7B1444B76.jpg,https://driveimg1.intermarche.com/pt/Content/images/boitmal/produit/zoom/842EA0C904154D230A3A6F63A245D264.jpg,,,,,,2025-08-20T23:59:59.999999999+01:00,PROSPECTUS,11,1
32306,8718951202979,500.0,Palmolive,"Gel de banho naturals amêndoa e leite, 500 ml",,2.69,5.38,500,L,€/L,,,https://driveimg1.intermarche.com/pt/Content/images/boitmal/produit/zoom/F33F92F4F53A6A0ED534C67B846C0ABA.jpg,,,,,,,2025-08-20T23:59:59.999999999+01:00,PROSPECTUS,11,1
6278,8410001103877,,Scotch Brite,"Esfregão com Esponja Salva Unhas Fibra Verde Gama Classic, 2 unidades",,1.49,1.49,0,,€/Unidade,,,https://driveimg1.intermarche.com/pt/Content/images/boitmal/produit/zoom/8B050954A17B3AEE53D05423C2DB9B5C.jpg,,,,,,,2025-08-20T23:59:59.999999999+01:00,PROSPECTUS,11,1
14897,2892245000000,4000.0,Fruta,Melancia Riscada,Vendido ao peso | 1 un = 4kg (aprox.),2.36,0.59,0,,€/Kg,,,https://driveimg1.intermarche.com/pt/Content/images/boitmal/produit/zoom/499A6B9B1699D69723890E8129338912.jpg,,,,,,,2025-08-20T23:59:59.999999999+01:00,PROSPECTUS,11,1
40737,5604260301621,5000.0,PorSi,Vinho branco,Bag-in-box de 5 litros,5.09,1.02,5000,L,€/L,,,https://driveimg1.intermarche.com/pt/Content/images/boitmal/produit/zoom/3B77B176D65425D731000E9EA7C0CD27.jpg,,,,,,,2025-08-20T23:59:59.999999999+01:00,PROSPECTUS,11,1
15955,7613032408794,85.0,Purina Gourmet,"Comida húmida para gato peixe do oceano, embalagem de 90g",,0.87,10.24,0,kg,€/Kg,,,https://driveimg1.intermarche.com/pt/Content/images/boitmal/produit/zoom/FEEA8DEA9BB460BB34BF8E0ADF22D62F.jpg,,,,,,,2025-08-20T23:59:59.999999999+01:00,PROSPECTUS,11,1
21767,7613035487871,90.0,Nestlé,"Fruta para bebé multifrutas +4 meses, embalagem de 90g",,0.65,7.22,0,kg,€/Kg,,,https://driveimg1.intermarche.com/pt/Content/images/boitmal/produit/zoom/1B1A7DCEC52C23E2760C4FE3A24A75EE.jpg,,,,,,,2025-08-20T23:59:59.999999999+01:00,PROSPECTUS,11,1
41041,8001480703001,700.0,Neoblanc,Tira nódoas em spray cores,Embalagem de 700 ml,2.99,4.27,700,L,€/L,,,https://driveimg1.intermarche.com/pt/Content/images/boitmal/produit/zoom/1B7BCC034AAC45310DFFCE9E289F80C7.jpg,,,,,,,2025-08-20T23:59:59.999999999+01:00,PROSPECTUS,11,1
11613,5601164864467,1320.0,Somersby,"Sidra maçã, pack 4 x 0.33 l",,3.89,2.95,1320,L,€/L,,,https://driveimg1.intermarche.com/pt/Content/images/boitmal/produit/zoom/F0118862B10C3F3FD894ACFE7A34A6C9.jpg,,,,,,,2025-08-20T23:59:59.999999999+01:00,PROSPECTUS,11,1
41226,5601050036572,440.0,Danone,"Oikos morango, embalagem de 4 x 110g",,2.09,4.75,0,kg,€/Kg,,,https://driveimg1.intermarche.com/pt/Content/images/boitmal/produit/zoom/2653493E2B1190B7D8AE6B95BAB9D958.jpg,,,,,,,2025-08-20T23:59:59.999999999+01:00,PROSPECTUS,11,1
8315,5601028013307,,Renova,"Papel higiénico, compacto, extra xxl, folha dupla, 24 unidades",1 embalagem,11.84,11.84,0,,€/Unidade,,,https://driveimg1.intermarche.com/pt/Content/images/boitmal/produit/zoom/8841944F9F3703369828D4B2A56CAC2C.jpg,https://driveimg1.intermarche.com/pt/Content/images/boitmal/produit/zoom/F6866F63DEC5517DB1E2DC48AD701110.jpg,https://driveimg1.intermarche.com/pt/Content/images/boitmal/produit/zoom/52CEDF162CBC9A98A93B293FEE315F10.jpg,,,,,2025-08-20T23:59:59.999999999+01:00,PROSPECTUS,11,1
19607,7613035376625,90.0,Nestlé,Fruta para bebé maçã banana aveia +6 meses,Embalagem de 90g,0.65,7.22,0,kg,€/Kg,,,https://driveimg1.intermarche.com/pt/Content/images/boitmal/produit/zoom/63EF160EDC28D2A349A30B7555DC57D7.jpg,,,,,,,2025-08-20T23:59:59.999999999+01:00,PROSPECTUS,11,1
13048,2893561000000,250.0,Marisco,Ameijoa Branca Vietnamita Congelada,Vendido a partir de 250 gr  (aprox.),0.5,1.99,0,,€/Kg,,Avantages !,https://driveimg1.intermarche.com/pt/Content/images/boitmal/produit/zoom/EB1BC296FF41180E6F3E1626AD4F78AA.jpg,,,,,,,2025-08-20T23:59:59.999999999+01:00,PROSPECTUS,11,1
2503,7613033156212,85.0,Purina Gourmet,"Comida húmida para gato mousse com salmão, embalagem de 90g",,0.87,10.24,0,kg,€/Kg,,,https://driveimg1.intermarche.com/pt/Content/images/boitmal/produit/zoom/BCD32627F59A029C2931D459EC84583E.jpg,,,,,,,2025-08-20T23:59:59.999999999+01:00,PROSPECTUS,11,1
251,2696001000000,400.0,Padaria,Baguete,400 g,0.79,1.98,0,kg,€/Kg,,,https://driveimg1.intermarche.com/pt/Content/images/boitmal/produit/zoom/42C2E126B9E5B84C243F0668DEC3869F.jpg,,,,,,,2025-08-20T23:59:59.999999999+01:00,PROSPECTUS,11,1
13818,2892584000000,250.0,Legumes,Pimento Vermelho,1 un=250 gr (aprox.),0.5,1.99,0,,€/Kg,,,https://driveimg1.intermarche.com/pt/Content/images/boitmal/produit/zoom/F76C07448A59E6639379639A64EE2C63.jpg,,,,,,,2025-08-20T23:59:59.999999999+01:00,PROSPECTUS,11,1
25077,5601096360310,750.0,Casal Garcia,"Sangria branca, garrafa de 750 ml",,3.29,4.39,750,L,€/L,,,https://driveimg1.intermarche.com/pt/Content/images/boitmal/produit/zoom/35C1199A31E9E23CD1FA5462DC041801.jpg,,,,,,,2025-08-20T23:59:59.999999999+01:00,PROSPECTUS,11,1
13914,2891225000000,350.0,Frango,Perna com Costa,1 un. = 300 g (aprox.),0.8,2.29,0,,€/Kg,,,https://driveimg1.intermarche.com/pt/Content/images/boitmal/produit/zoom/D1297D1CD095629263E582A65B4C3857.jpg,,,,,,,2025-08-20T23:59:59.999999999+01:00,PROSPECTUS,11,1
21292,5604260263837,250.0,PorSi,Alho Seco,Embalagem: 250 g  ,1.49,5.96,0,kg,€/Kg,,,https://driveimg1.intermarche.com/pt/Content/images/boitmal/produit/zoom/9CACD04AEB53BB065A4A6DA5A64A1473.jpg,,,,,,,2025-08-20T23:59:59.999999999+01:00,PROSPECTUS,11,1
1844,5604260035847,185.0,PorSi,Batatas Fritas Onduladas Sabor A Presunto 185G,,1.25,6.76,0,kg,€/Kg,,,https://driveimg1.intermarche.com/pt/Content/images/boitmal/produit/zoom/29D2C600CBA2711F31E4BCBC05A9C865.jpg,,,,,,,2025-08-20T23:59:59.999999999+01:00,PROSPECTUS,11,1
19447,5604260278473,640.0,PorSi,Iogurte Líquido Frutos Vermelhos 4X160G,,1.29,2.02,0,kg,€/Kg,,,https://driveimg1.intermarche.com/pt/Content/images/boitmal/produit/zoom/E5E8E165201F83E6573606F360D4FBE1.jpg,,,,,,,2025-08-20T23:59:59.999999999+01:00,PROSPECTUS,11,1
34240,2892497000000,120.0,Programa Origens,Cebola roxa categoria II,Vendido ao peso,0.18,1.49,0,,€/Kg,,,https://driveimg1.intermarche.com/pt/Content/images/boitmal/produit/zoom/F8F441E981475C78DFA8B7423332B5B4.jpg,,,,,,,2025-08-20T23:59:59.999999999+01:00,PROSPECTUS,11,1
42776,5604260304714,200.0,PorSi,Fiambre Da Pa Fatiado 200G,,1.59,7.95,0,kg,€/Kg,,,https://driveimg1.intermarche.com/pt/Content/images/boitmal/produit/zoom/8A131F94BE57C970A8C2BBD2F93B5A56.jpg,https://driveimg1.intermarche.com/pt/Content/images/boitmal/produit/zoom/4BF6C4B7F27D2FA729AB427C5AFC4D32.jpg,https://driveimg1.intermarche.com/pt/Content/images/boitmal/produit/zoom/4BF6C4B7F27D2FA729AB427C5AFC4D32.jpg,https://driveimg1.intermarche.com/pt/Content/images/boitmal/produit/zoom/4BF6C4B7F27D2FA729AB427C5AFC4D32.jpg,https://driveimg1.intermarche.com/pt/Content/images/boitmal/produit/zoom/4BF6C4B7F27D2FA729AB427C5AFC4D32.jpg,https://driveimg1.intermarche.com/pt/Content/images/boitmal/produit/zoom/4BF6C4B7F27D2FA729AB427C5AFC4D32.jpg,https://driveimg1.intermarche.com/pt/Content/images/boitmal/produit/zoom/4BF6C4B7F27D2FA729AB427C5AFC4D32.jpg,2025-08-20T23:59:59.999999999+01:00,PROSPECTUS,11,1
15052,2892600000000,200.0,Legumes,Tomate Alongado,1 un = 200 gr (aprox.),0.3,1.49,0,,€/Kg,,,https://driveimg1.intermarche.com/pt/Content/images/boitmal/produit/zoom/38D21D4EBC59DA4208AABB9D11AF0901.jpg,,,,,,,2025-08-20T23:59:59.999999999+01:00,PROSPECTUS,11,1
28607,5604260278442,640.0,PorSi,Iogurte Líquido Morango E Banana 4X160G,,1.29,2.02,0,kg,€/Kg,,,https://driveimg1.intermarche.com/pt/Content/images/boitmal/produit/zoom/447BBD3B74588222DD6837C3B2BE4D8D.jpg,,,,,,,2025-08-20T23:59:59.999999999+01:00,PROSPECTUS,11,1
14896,2892259000000,800.0,Fruta,Meloa Canteloupe,1un=800 g (aprox.),1.19,1.49,0,,€/Kg,,,https://driveimg1.intermarche.com/pt/Content/images/boitmal/produit/zoom/E74C4DF9251AE472CD4A5B0B6EF7098B.jpg,,,,,,,2025-08-20T23:59:59.999999999+01:00,PROSPECTUS,11,1
46714,5604260318742,,PorSi,Papel Higiénico Branco 3 Folhas 12 Rolos,,3.79,3.79,0,,€/Unidade,,,https://driveimg1.intermarche.com/pt/Content/images/boitmal/produit/zoom/302F6B4FE48393BA7E5D666ED55E249B.jpg,,,,,,,2025-08-20T23:59:59.999999999+01:00,PROSPECTUS,11,1
12981,2892463000000,400.0,Legumes,Alface Iceberg,1 un= 400 g (aprox.),1.0,2.49,0,,€/Kg,,,https://driveimg1.intermarche.com/pt/Content/images/boitmal/produit/zoom/7BEC623624154857386001067031CDE3.jpg,,,,,,,2025-08-20T23:59:59.999999999+01:00,PROSPECTUS,11,1
13866,2891048000000,1000.0,Porco,Bifanas,Vendido ao peso a partir de 1 kg,4.49,4.49,0,,€/Kg,,,https://driveimg1.intermarche.com/pt/Content/images/boitmal/produit/zoom/72DE0DA6B485199AC995C629E3E4D279.jpg,,,,,,,2025-08-20T23:59:59.999999999+01:00,PROSPECTUS,11,1
15767,2892306000000,150.0,Fruta,Pêssego Vermelho Paraguaio,1 un = 150 gr (aprox.),0.37,2.49,0,,€/Kg,,,https://driveimg1.intermarche.com/pt/Content/images/boitmal/produit/zoom/E985AD8FF876DA419791D2BAC514FA7F.jpg,,,,,,,2025-08-20T23:59:59.999999999+01:00,PROSPECTUS,11,1
52359,5604260329953,450.0,PorSi,Pão De Forma Sem Côdea 450 G,,1.09,2.42,0,kg,€/Kg,,,https://driveimg1.intermarche.com/pt/Content/images/boitmal/produit/zoom/83890B804745E674EA0C04B230391F3E.jpg,,,,,,,2025-08-20T23:59:59.999999999+01:00,PROSPECTUS,11,1
12906,2892001000000,100.0,Fruta,Clementinas,1 un = 100 gr (aprox.),0.2,1.99,0,,€/Kg,,,https://driveimg1.intermarche.com/pt/Content/images/boitmal/produit/zoom/91DC72E142D597026B000E92136FFB70.jpg,,,,,,,2025-08-20T23:59:59.999999999+01:00,PROSPECTUS,11,1
13893,2891043000000,1000.0,Porco,Entrecosto,Vendido ao peso a partir de 1 kg,4.79,4.79,0,,€/Kg,,,https://driveimg1.intermarche.com/pt/Content/images/boitmal/produit/zoom/AA05EE99D302D59771FCC108473E0700.jpg,,,,,,,2025-08-20T23:59:59.999999999+01:00,PROSPECTUS,11,1
52361,5604260330485,200.0,PorSi,Pão De Hamburguer 200 G,,0.85,4.25,0,kg,€/Kg,,,https://driveimg1.intermarche.com/pt/Content/images/boitmal/produit/zoom/1348FC3B00855311CCC563B91036D456.jpg,,,,,,,2025-08-20T23:59:59.999999999+01:00,PROSPECTUS,11,1
9621,5604260264766,150.0,PorSi,Batatas Fritas Em Azeite 150G,,1.45,9.67,0,kg,€/Kg,,,https://driveimg1.intermarche.com/pt/Content/images/boitmal/produit/zoom/6D03FBEB7A98191F27E0B9F42498BD17.jpg,,,,,,,2025-08-20T23:59:59.999999999+01:00,PROSPECTUS,11,1
12889,2892175000000,150.0,Fruta,Kiwi categoria II,1 un = 150 gr (aprox.),0.52,3.49,0,,€/Kg,,,https://driveimg1.intermarche.com/pt/Content/images/boitmal/produit/zoom/39D74C337E358C98856B0EB2FC79D7A8.jpg,,,,,,,2025-08-20T23:59:59.999999999+01:00,PROSPECTUS,11,1
13625,2893620000000,300.0,Peixaria,Salmão de viveiro à posta,1 un. = 300 g (aprox.),3.6,11.99,0,,€/Kg,,,https://driveimg1.intermarche.com/pt/Content/images/boitmal/produit/zoom/A170DAF9DE78983CFA7E8DD1EFE6A371.jpg,,,,,,,2025-08-20T23:59:59.999999999+01:00,PROSPECTUS,11,1
18296,5604260278428,640.0,PorSi,Iogurte Líquido Piña Colada 4X160G,,1.29,2.02,0,kg,€/Kg,,,https://driveimg1.intermarche.com/pt/Content/images/boitmal/produit/zoom/18CCE0A2A676FEB83BAB491960F20E9E.jpg,,,,,,,2025-08-20T23:59:59.999999999+01:00,PROSPECTUS,11,1
1862,5604260042340,185.0,PorSi,Batatas Fritas Onduladas Com Sabor A Churrasco 185G,,1.34,7.24,0,kg,€/Kg,,,https://driveimg1.intermarche.com/pt/Content/images/boitmal/produit/zoom/3A22AAF9574AA89A9DE8627F4B492DC1.jpg,,,,,,,2025-08-20T23:59:59.999999999+01:00,PROSPECTUS,11,1
2784,8410199021137,160.0,Ruffles,"Batata frita, embalagem de 160 g",,1.39,8.69,0,kg,€/Kg,,,https://driveimg1.intermarche.com/pt/Content/images/boitmal/produit/zoom/99D56823BC057150117915B487192BF1.jpg,,,,,,,2025-08-20T23:59:59.999999999+01:00,PROSPECTUS,11,1
36774,5604260300686,640.0,PorSi,Iogurte Líquido Stracciatella 4X160G,,1.29,2.02,0,kg,€/Kg,,,https://driveimg1.intermarche.com/pt/Content/images/boitmal/produit/zoom/6CC82B08FFB7D4379F1B37DDDE2A4AE9.jpg,,,,,,,2025-08-20T23:59:59.999999999+01:00,PROSPECTUS,11,1
45758,5604260286591,500.0,PorSi,Bolachas Com Recheio Sabor Chocolate 500 G,,1.59,3.18,0,kg,€/Kg,,,https://driveimg1.intermarche.com/pt/Content/images/boitmal/produit/zoom/519049251E0BD7439B4E15173D8DEB35.jpg,,,,,,,2025-08-20T23:59:59.999999999+01:00,PROSPECTUS,11,1
50658,7622201724443,150.0,Philadelphia,Queijo creme philadelphia light 150g,,1.79,11.93,0,kg,€/Kg,,,https://driveimg1.intermarche.com/pt/Content/images/boitmal/produit/zoom/8FABEA35481B05FDB647E4BD69595A1D.jpg,,,,,,,2025-08-20T23:59:59.999999999+01:00,PROSPECTUS,11,1
14947,2891215000000,150.0,Frango,Espetadas,1 un= 150 gr (aprox.),1.15,7.69,0,,€/Kg,,,https://driveimg1.intermarche.com/pt/Content/images/boitmal/produit/zoom/FE13AA549ADEC08AA2FF877D2299FBFE.jpg,,,,,,,2025-08-20T23:59:59.999999999+01:00,PROSPECTUS,11,1
36523,5604260295661,2500.0,PorSi,Batata pré-frita palito,"Embalagem de 2,5 kg",4.45,1.78,0,kg,€/Kg,,Tipo de stockagem,https://driveimg1.intermarche.com/pt/Content/images/boitmal/produit/zoom/5CD0ECED2F64941F1ED73448F895103A.jpg,,,,,,,2025-08-20T23:59:59.999999999+01:00,PROSPECTUS,11,1
41774,5604260306718,640.0,PorSi,Iogurte Líquido Melão E Melancia 4X160G,,1.29,2.02,0,kg,€/Kg,,,https://driveimg1.intermarche.com/pt/Content/images/boitmal/produit/zoom/31AEBAAA540739B5D42651F7D28CCD67.jpg,,,,,,,2025-08-20T23:59:59.999999999+01:00,PROSPECTUS,11,1
9293,5603722493942,250.0,Primor,Manteiga pasteurizada com sal cuvet,Embalagem de 250g,2.19,8.76,0,kg,€/Kg,,,https://driveimg1.intermarche.com/pt/Content/images/boitmal/produit/zoom/F3F4D9FDF2A69DC31DE35D801759C2EE.jpg,,,,,,,2025-08-20T23:59:59.999999999+01:00,PROSPECTUS,11,1
12107,5604260266609,320.0,PorSi,Napolitanas Creme De Cacau,,1.77,5.53,0,kg,€/Kg,,,https://driveimg1.intermarche.com/pt/Content/images/boitmal/produit/zoom/7E715318E7923DFB0EA8242531AE3823.jpg,,,,,,,2025-08-20T23:59:59.999999999+01:00,PROSPECTUS,11,1
17665,8712100745591,754.0,Calvé,"Maionese top down, embalagem de 753 g",,3.49,4.63,0,kg,€/Kg,,,https://driveimg1.intermarche.com/pt/Content/images/boitmal/produit/zoom/C6F00A8AA4D7D21E56D34CFA61170423.jpg,,,,,,,2025-08-20T23:59:59.999999999+01:00,PROSPECTUS,11,1
1816,5604260301775,540.0,PorSi,Feijão frade,Embalagem de 540g,0.89,1.65,0,kg,€/Kg,,,https://driveimg1.intermarche.com/pt/Content/images/boitmal/produit/zoom/F863BEC0F48D2513FC0D1879484DF975.jpg,,,,,,,2025-08-20T23:59:59.999999999+01:00,PROSPECTUS,11,1
18295,5604260278411,640.0,PorSi,Iogurte Líquido Morango E Cereais 4X160G,,1.29,2.02,0,kg,€/Kg,,,https://driveimg1.intermarche.com/pt/Content/images/boitmal/produit/zoom/77FF2EFA6010C76FAECF5B9D28E76BCE.jpg,,,,,,,2025-08-20T23:59:59.999999999+01:00,PROSPECTUS,11,1
18298,5604260278459,640.0,PorSi,Iogurte Líquido Morango 4X160G,,1.29,2.02,0,kg,€/Kg,,,https://driveimg1.intermarche.com/pt/Content/images/boitmal/produit/zoom/5AA15072FFE4E6E4A9DFE7A08632C5BC.jpg,,,,,,,2025-08-20T23:59:59.999999999+01:00,PROSPECTUS,11,1
2458,7613031423583,625.0,Nestlé,Cereais nesquik,Embalagem de 625g,3.24,5.18,0,kg,€/Kg,,,https://driveimg1.intermarche.com/pt/Content/images/boitmal/produit/zoom/154B8C74F4EECBF4F38F20B4618C4981.jpg,,,,,,,2025-08-20T23:59:59.999999999+01:00,PROSPECTUS,11,1
37745,5604260301874,540.0,PorSi,Grão de bico,Frasco com 540 g,0.85,1.57,0,kg,€/Kg,,,https://driveimg1.intermarche.com/pt/Content/images/boitmal/produit/zoom/ABBBFB42757051E49B0E75B4C2EB061F.jpg,,,,,,,2025-08-20T23:59:59.999999999+01:00,PROSPECTUS,11,1
38321,2696806000000,250.0,Padaria,Pão gémeos,250 g,0.54,2.16,0,kg,€/Kg,,,https://driveimg1.intermarche.com/pt/Content/images/boitmal/produit/zoom/A99E9F55D9FD5180D848A5ADDB578F15.jpg,,,,,,,2025-08-20T23:59:59.999999999+01:00,PROSPECTUS,11,1
46310,2696876000000,20.0,Padaria,Pão de queijo,1 un. = 20 g,0.19,9.5,0,kg,€/Kg,,,https://driveimg1.intermarche.com/pt/Content/images/boitmal/produit/zoom/A67910D9562F896034448149C3EA4AF4.jpg,,,,,,,2025-08-20T23:59:59.999999999+01:00,PROSPECTUS,11,1
49831,8445290157348,390.0,Nesquik,"Achocolatado em pó, embalagem de 390g",,3.49,8.95,0,kg,€/Kg,,,https://driveimg1.intermarche.com/pt/Content/images/boitmal/produit/zoom/1C8D0ADDD419DD646B2CF36E18D3378F.jpg,,,,,,,2025-08-20T23:59:59.999999999+01:00,PROSPECTUS,11,1
929,5601001187803,625.0,Nestlé,"Cereais chocapic, 625 g",,3.74,5.98,0,kg,€/Kg,,,https://driveimg1.intermarche.com/pt/Content/images/boitmal/produit/zoom/8DB31C1F3066D48D593AE11B75516670.jpg,,,,,,,2025-08-20T23:59:59.999999999+01:00,PROSPECTUS,11,1
10910,3250390010586,250.0,Páturages,Queijo camembert 45% mg,Embalagem de 250 g,1.99,7.96,0,kg,€/Kg,,,https://driveimg1.intermarche.com/pt/Content/images/boitmal/produit/zoom/7C9F5B55F7320E544E58C79F8FBB96B2.jpg,,,,,,,2025-08-20T23:59:59.999999999+01:00,PROSPECTUS,11,1
13981,2696138000000,60.0,Pastelaria,Pastel de Nata,60 g,0.39,6.5,0,kg,€/Kg,,,https://driveimg1.intermarche.com/pt/Content/images/boitmal/produit/zoom/EA9B10BF07D95E268418206A452F7022.jpg,,,,,,,2025-08-20T23:59:59.999999999+01:00,PROSPECTUS,11,1
14372,8712100599392,550.0,Calvé,"Ketchup top down, embalagem de 550g",,2.59,4.71,0,kg,€/Kg,,,https://driveimg1.intermarche.com/pt/Content/images/boitmal/produit/zoom/6D3218F33B22BC3205033BC41E176600.jpg,https://driveimg1.intermarche.com/pt/Content/images/boitmal/produit/zoom/FE7F103C359D2D1FD7BF3FDC8DD381BA.jpg,https://driveimg1.intermarche.com/pt/Content/images/boitmal/produit/zoom/FE7F103C359D2D1FD7BF3FDC8DD381BA.jpg,https://driveimg1.intermarche.com/pt/Content/images/boitmal/produit/zoom/FE7F103C359D2D1FD7BF3FDC8DD381BA.jpg,,,,2025-08-20T23:59:59.999999999+01:00,PROSPECTUS,11,1
1845,5604260035854,185.0,PorSi,Batatas Fritas Lisas Com Sabor A Queijo E Ervas 185G,,1.84,9.95,0,kg,€/Kg,,,https://driveimg1.intermarche.com/pt/Content/images/boitmal/produit/zoom/E9E6993B7202404AB95C04A2C893A1AC.jpg,,,,,,,2025-08-20T23:59:59.999999999+01:00,PROSPECTUS,11,1
20434,5601244500063,1000.0,Terra Nostra,"Leite de pastagem meio gordo, embalagem de 1litro",,0.89,0.89,1000,L,€/L,,,https://driveimg1.intermarche.com/pt/Content/images/boitmal/produit/zoom/416A848D81A31A3BE14CC7E8951CC4DA.jpg,https://driveimg1.intermarche.com/pt/Content/images/boitmal/produit/zoom/E82125FE177156A16B33D08208F11D7F.jpg,,,,,,2025-08-20T23:59:59.999999999+01:00,PROSPECTUS,11,1
24650,2892247000000,4000.0,Fruta,Melancia,Vendido ao peso | 1 un = 4kg (aprox.),2.36,0.59,0,,€/Kg,,,https://driveimg1.intermarche.com/pt/Content/images/boitmal/produit/zoom/C0453D565ABA4C6B0EAFD737DCA5ED98.jpg,https://driveimg1.intermarche.com/pt/Content/images/boitmal/produit/zoom/DAA9018116B6225E5E4D86EF44FD7710.jpg,,,,,,2025-08-20T23:59:59.999999999+01:00,PROSPECTUS,11,1
24811,5604260276363,600.0,PorSi,Gelado Sandw.Nata/Choc.6X100Ml,,2.49,4.15,600,L,€/L,,Tipo de stockagem,https://driveimg1.intermarche.com/pt/Content/images/boitmal/produit/zoom/E32BF05E787615CAC3DCF287D228BF70.jpg,,,,,,,2025-08-20T23:59:59.999999999+01:00,PROSPECTUS,11,1
25882,5449000133328,1000.0,Coca-Cola,Refrigerante C/ Gás Zero,Garrafa de 1 l,1.19,1.19,1000,L,€/L,,,https://driveimg1.intermarche.com/pt/Content/images/boitmal/produit/zoom/EB5646C1819F93681606ED25E6CF32EB.jpg,,,,,,,2025-08-20T23:59:59.999999999+01:00,PROSPECTUS,11,1
28608,5604260282821,640.0,PorSi,Iogurte Líquido Frutos Tropicais 4X160G,,1.29,2.02,0,kg,€/Kg,,,https://driveimg1.intermarche.com/pt/Content/images/boitmal/produit/zoom/98DAB469B1CF7CBC9019272104A0FF20.jpg,,,,,,,2025-08-20T23:59:59.999999999+01:00,PROSPECTUS,11,1
36263,5601027973060,480.0,Bimbo,Pão de forma integral,Embalagem de 480 g,1.89,3.94,0,kg,€/Kg,,,https://driveimg1.intermarche.com/pt/Content/images/boitmal/produit/zoom/34F016B3F162809D8E0423F1C3245DFD.jpg,,,,,,,2025-08-20T23:59:59.999999999+01:00,PROSPECTUS,11,1
46715,5604260318759,,PorSi,Papel Higiénico Branco 4 Folhas 12 Rolos,,5.05,5.05,0,,€/Unidade,,,https://driveimg1.intermarche.com/pt/Content/images/boitmal/produit/zoom/71B84E02290AD35D82ACC6CF2D01690A.jpg,,,,,,,2025-08-20T23:59:59.999999999+01:00,PROSPECTUS,11,1
49539,5604260310494,200.0,PorSi,Miolo Camarao 40/60 200G,,3.99,19.95,0,kg,€/Kg,,Tipo de stockagem,https://driveimg1.intermarche.com/pt/Content/images/boitmal/produit/zoom/5355CFF35898BCBEDD351E0101CEE324.jpg,,,,,,,2025-08-20T23:59:59.999999999+01:00,PROSPECTUS,11,1
54632,5603722523045,1000.0,Gresso,"Leite UHT Meio Gordo, 1L",,0.87,0.87,1000,L,€/L,,,https://driveimg1.intermarche.com/pt/Content/images/boitmal/produit/zoom/ECF816693AC2579C9FB595FD8ABD96D7.jpg,,,,,,,2025-08-20T23:59:59.999999999+01:00,PROSPECTUS,11,1
54828,5601164906273,7000.0,Super Bock,"Cerveja, 35 x 20 cl",,13.99,2.0,7000,L,€/L,,,https://driveimg1.intermarche.com/pt/Content/images/boitmal/produit/zoom/3EEAE55F901F69F71712A095227D1F3E.jpg,,,,,,,2025-08-20T23:59:59.999999999+01:00,PROSPECTUS,11,1
55018,5601027117303,430.0,Bimbo,"Pão de forma com Côdea, 430g",,1.74,4.05,0,kg,€/Kg,,,https://driveimg1.intermarche.com/pt/Content/images/boitmal/produit/zoom/4C17DB6C614697DA1B5FB0CE80A911CD.jpg,,,,,,,2025-08-20T23:59:59.999999999+01:00,PROSPECTUS,11,1
988,5601029003000,120.0,Tenorio,Atum Filete em Azeite,Embalagem de 120 g,2.59,21.58,0,kg,€/Kg,,,https://driveimg1.intermarche.com/pt/Content/images/boitmal/produit/zoom/48D594978C230E0BC7076D44C622917A.jpg,,,,,,,2025-08-20T23:59:59.999999999+01:00,PROSPECTUS,11,1
11464,5601018003400,1000.0,Matinal,"Leite seleccionado meio gordo, de 1l",,1.0,1.0,1000,L,€/L,,,https://driveimg1.intermarche.com/pt/Content/images/boitmal/produit/zoom/5F34056BF2D07C9D39E218B31081D1FC.jpg,,,,,,,2025-08-20T23:59:59.999999999+01:00,PROSPECTUS,11,1
11524,5601051420028,250.0,Primor,Manteiga sem sal,Embalagem de 250g,2.14,8.56,0,kg,€/Kg,,,https://driveimg1.intermarche.com/pt/Content/images/boitmal/produit/zoom/0C41B270FBA7B622E759FBA7E3B6B1CD.jpg,,,,,,,2025-08-20T23:59:59.999999999+01:00,PROSPECTUS,11,1
12106,5604260266593,320.0,PorSi,Napolitanas Creme De Baunilha,,1.77,5.53,0,kg,€/Kg,,,https://driveimg1.intermarche.com/pt/Content/images/boitmal/produit/zoom/DD74E124716DAC476D4D2CC49FD2F04F.jpg,,,,,,,2025-08-20T23:59:59.999999999+01:00,PROSPECTUS,11,1
13950,2891145000000,100.0,Porco,Salsicha Fresca,1 un = 100 gr (aprox.),0.55,5.49,0,,€/Kg,,,https://driveimg1.intermarche.com/pt/Content/images/boitmal/produit/zoom/2E1CED7EDF010F56C2BF0E6CDF74D52B.jpg,,,,,,,2025-08-20T23:59:59.999999999+01:00,PROSPECTUS,11,1
20939,5602125000344,300.0,Legumes,Cogumelo Portobello Pequeno,embalagem de 300 g,1.69,5.63,0,kg,€/Kg,,,https://driveimg1.intermarche.com/pt/Content/images/boitmal/produit/zoom/498EFA86C0C334205FFF2827730CD254.jpg,,,,,,,2025-08-20T23:59:59.999999999+01:00,PROSPECTUS,11,1
23276,5604260281299,175.0,Porsi Programa Origens,Salada Gourmet 175G,,1.19,6.8,0,kg,€/Kg,,,https://driveimg1.intermarche.com/pt/Content/images/boitmal/produit/zoom/4B8FE4793F676EB4D411F04A36543FE6.jpg,,,,,,,2025-08-20T23:59:59.999999999+01:00,PROSPECTUS,11,1
26091,7613036115575,550.0,Nestlé,Cereais estrelitas,Embalagem de 550g,2.49,4.53,0,kg,€/Kg,,,https://driveimg1.intermarche.com/pt/Content/images/boitmal/produit/zoom/90505B63FB20AF187537F3B46DDB9B86.jpg,,,,,,,2025-08-20T23:59:59.999999999+01:00,PROSPECTUS,11,1
35499,5601151973769,3500.0,Sumol,"Refrigerante com gás de laranja, 2 x 1.75 l",,3.78,1.08,3500,L,€/L,,,https://driveimg1.intermarche.com/pt/Content/images/boitmal/produit/zoom/15C97042A71F49C362C4C213EA28900F.jpg,,,,,,,2025-08-20T23:59:59.999999999+01:00,PROSPECTUS,11,1
40605,5604260302338,2000.0,PorSi,Ice Tea Limão 2L,,1.19,0.6,2000,L,€/L,,,https://driveimg1.intermarche.com/pt/Content/images/boitmal/produit/zoom/34868D91A34DD60975E3414B525E31CF.jpg,,,,,,,2025-08-20T23:59:59.999999999+01:00,PROSPECTUS,11,1
41138,5604260303199,170.0,PorSi,Batatas Fritas Onduladas Com Sabor A Ketchup 170G,,1.29,7.59,0,kg,€/Kg,,,https://driveimg1.intermarche.com/pt/Content/images/boitmal/produit/zoom/BF85983DE9C11CE6295F4F4113FD56C5.jpg,,,,,,,2025-08-20T23:59:59.999999999+01:00,PROSPECTUS,11,1
42183,5604260303670,320.0,PorSi,Pasteis Bacalhau Forno 320G,,3.79,11.84,0,kg,€/Kg,,Tipo de stockagem,https://driveimg1.intermarche.com/pt/Content/images/boitmal/produit/zoom/C7C539107B9979E2E28218FA1A6D1531.jpg,,,,,,,2025-08-20T23:59:59.999999999+01:00,PROSPECTUS,11,1
46603,5604260315437,336.0,PorSi,Rissois Carne Forno 336G,,2.49,7.41,0,kg,€/Kg,,Tipo de stockagem,https://driveimg1.intermarche.com/pt/Content/images/boitmal/produit/zoom/7EF8C4BBCD04E434B8D73C5A389C6453.jpg,,,,,,,2025-08-20T23:59:59.999999999+01:00,PROSPECTUS,11,1
47635,8412600018316,300.0,Bimbo,Bimbo® bagels clássico 4 un.,Embalagem de 300g,2.19,7.3,0,kg,€/Kg,,,https://driveimg1.intermarche.com/pt/Content/images/boitmal/produit/zoom/E29B7F13889FE8AF18A9C1C0F8DAA10D.jpg,,,,,,,2025-08-20T23:59:59.999999999+01:00,PROSPECTUS,11,1
52363,5604260330492,300.0,PorSi,Pão Maxi Hamburguer 300 G,,1.67,5.57,0,kg,€/Kg,,,https://driveimg1.intermarche.com/pt/Content/images/boitmal/produit/zoom/618E4F2555D98F0CBFD7FC386F8A1D54.jpg,,,,,,,2025-08-20T23:59:59.999999999+01:00,PROSPECTUS,11,1
54633,5603722523052,1000.0,Gresso,"Leite Uht Magro, 1L",,0.87,0.87,1000,L,€/L,,,https://driveimg1.intermarche.com/pt/Content/images/boitmal/produit/zoom/62FAA0AA671FC5B53B3DDBACCC92B900.jpg,,,,,,,2025-08-20T23:59:59.999999999+01:00,PROSPECTUS,11,1
640,3250390207528,130.0,Bouton dor,Cajus torrados salgados,Embalagem de 130g,1.66,12.77,0,kg,€/Kg,,,https://driveimg1.intermarche.com/pt/Content/images/boitmal/produit/zoom/9B80EEE07D104D06B1404C07F28EB251.jpg,,,,,,,2025-08-20T23:59:59.999999999+01:00,PROSPECTUS,11,1
12066,5604260194063,1000.0,Porsi Vivabem,Bebida De Soja 1L,,0.79,0.79,1000,L,€/L,,,https://driveimg1.intermarche.com/pt/Content/images/boitmal/produit/zoom/16537218BB43EA3E7F5AFCEAEC229452.jpg,,,,,,,2025-08-20T23:59:59.999999999+01:00,PROSPECTUS,11,1
12325,8410000827446,440.0,Oreo,Bolachas oreo,Embalagem de 440g,2.99,6.8,0,kg,€/Kg,,,https://driveimg1.intermarche.com/pt/Content/images/boitmal/produit/zoom/3F53CBD16C3F8F93B7B232495F61BF89.jpg,,,,,,,2025-08-20T23:59:59.999999999+01:00,PROSPECTUS,11,1
13848,2891015000000,150.0,Novilho,Entremeada Novilho,1 un=150 gr (aprox),1.48,9.89,0,,€/Kg,,,https://driveimg1.intermarche.com/pt/Content/images/boitmal/produit/zoom/E3E6C57F8100820E9FD4FEA74DC60325.jpg,,,,,,,2025-08-20T23:59:59.999999999+01:00,PROSPECTUS,11,1
1437,5601260046101,1000.0,Saludães,Arroz Carolino,Embalagem de 1 kg,1.14,1.14,0,kg,€/Kg,,,https://driveimg1.intermarche.com/pt/Content/images/boitmal/produit/zoom/844734F94E64C7EE2E76F0FC068B9A4B.jpg,,,,,,,2025-08-20T23:59:59.999999999+01:00,PROSPECTUS,11,1
1491,5601363001168,120.0,Doritos,"Aperitivos tex mex, embalagem de 120g",,1.39,11.58,0,kg,€/Kg,,,https://driveimg1.intermarche.com/pt/Content/images/boitmal/produit/zoom/1053755FDFA8216E31D4BC77D22F56B2.jpg,,,,,,,2025-08-20T23:59:59.999999999+01:00,PROSPECTUS,11,1
15353,5604260270767,800.0,PorSi,Tentaculos Pota 800G,,5.99,7.49,0,kg,€/Kg,,Tipo de stockagem,https://driveimg1.intermarche.com/pt/Content/images/boitmal/produit/zoom/128F261413C21AAB7F3D56DDA49E8026.jpg,,,,,,,2025-08-20T23:59:59.999999999+01:00,PROSPECTUS,11,1
15577,5604260279166,125.0,PorSi,Framboesa,Embalagem com 125g,1.59,12.72,0,kg,€/Kg,,,https://driveimg1.intermarche.com/pt/Content/images/boitmal/produit/zoom/B88FD29FAEF1BF8CB6DEB86AC94C2B60.jpg,,,,,,,2025-08-20T23:59:59.999999999+01:00,PROSPECTUS,11,2
16096,5601029003307,120.0,Tenorio,"Atum filete manjericão + tomate, embalagem de 120g",,2.8,23.33,0,kg,€/Kg,,,https://driveimg1.intermarche.com/pt/Content/images/boitmal/produit/zoom/ED63310697BFDB599650241982DB80E5.jpg,,,,,,,2025-08-20T23:59:59.999999999+01:00,PROSPECTUS,11,2
16097,5601029003406,120.0,Tenorio,"Atum filete azeite biológico, embalagem de 120g",,2.8,23.33,0,kg,€/Kg,,,https://driveimg1.intermarche.com/pt/Content/images/boitmal/produit/zoom/7F92ED44DD18157D7E4D76287A81509E.jpg,,,,,,,2025-08-20T23:59:59.999999999+01:00,PROSPECTUS,11,2
22994,5609765000048,600.0,Brioxa,Madalenas de Laranja,12 Unidades - Embalagem de 500 g,1.59,2.65,0,kg,€/Kg,,,https://driveimg1.intermarche.com/pt/Content/images/boitmal/produit/zoom/B86F1C9777D22DCE1E454CE43EAF77F8.jpg,,,,,,,2025-08-20T23:59:59.999999999+01:00,PROSPECTUS,11,2
23278,5604260281282,250.0,Porsi Programa Origens,Salada Toscana 250G,,1.19,4.76,0,kg,€/Kg,,,https://driveimg1.intermarche.com/pt/Content/images/boitmal/produit/zoom/829819BF310BA689C7002E0655E64BF5.jpg,,,,,,,2025-08-20T23:59:59.999999999+01:00,PROSPECTUS,11,2
23469,8410500020453,280.0,Danone,"Danonino para levar, polpa de morango, embalagem de 4 x 70 g",,2.19,7.82,0,kg,€/Kg,,,https://driveimg1.intermarche.com/pt/Content/images/boitmal/produit/zoom/3E7A122EA567C89446D113FF66BFA0AE.jpg,,,,,,,2025-08-20T23:59:59.999999999+01:00,PROSPECTUS,11,2
26177,5603722514470,1000.0,Matinal,"Leite seleccionado leve, de 1l",,1.1,1.1,1000,L,€/L,,,https://driveimg1.intermarche.com/pt/Content/images/boitmal/produit/zoom/3414EC19C8611CE7E0D99781254117D1.jpg,,,,,,,2025-08-20T23:59:59.999999999+01:00,PROSPECTUS,11,2
40514,5604260302321,2000.0,PorSi,Ice Tea Pêssego 2L,,1.19,0.6,2000,L,€/L,,,https://driveimg1.intermarche.com/pt/Content/images/boitmal/produit/zoom/119C3CB73CD40DA468E2E6CBB1420B8C.jpg,,,,,,,2025-08-20T23:59:59.999999999+01:00,PROSPECTUS,11,2
41384,5601050036602,440.0,Danone,"Iogurte grego oikos stracciatella, embalagem de 4 x 110g",,2.09,4.75,0,kg,€/Kg,,,https://driveimg1.intermarche.com/pt/Content/images/boitmal/produit/zoom/4F7A349ED222FA644F51711D6A4D74B4.jpg,,,,,,,2025-08-20T23:59:59.999999999+01:00,PROSPECTUS,11,2
44651,7622201410483,160.0,Oreo,"Bolachas golden mini, embalagem de 160g",,1.84,11.5,0,kg,€/Kg,,,https://driveimg1.intermarche.com/pt/Content/images/boitmal/produit/zoom/8EE72F4B8C31524152803DCB15134537.jpg,,,,,,,2025-08-20T23:59:59.999999999+01:00,PROSPECTUS,11,2
46721,5604260315482,1000.0,PorSi,Sardinha Nacional 1Kg,,3.99,3.99,0,kg,€/Kg,,Tipo de stockagem,https://driveimg1.intermarche.com/pt/Content/images/boitmal/produit/zoom/71944109C5660D22ACE0FE8DFB6D3FA2.jpg,,,,,,,2025-08-20T23:59:59.999999999+01:00,PROSPECTUS,11,2
46840,5604260318957,750.0,Porsi Vivabem,Iogurte Magro Aroma Manga 6X125G,,1.09,1.45,0,kg,€/Kg,,,https://driveimg1.intermarche.com/pt/Content/images/boitmal/produit/zoom/94673AB82AD98D45564340DC8660A87A.jpg,,,,,,,2025-08-20T23:59:59.999999999+01:00,PROSPECTUS,11,2
47636,8412600018323,300.0,Bimbo,Bimbo® bagels sementes 4 un.,Embalagem de 300g,2.19,7.3,0,kg,€/Kg,,,https://driveimg1.intermarche.com/pt/Content/images/boitmal/produit/zoom/BF6C29E8954E6CC8FE9F7A9ADC699919.jpg,,,,,,,2025-08-20T23:59:59.999999999+01:00,PROSPECTUS,11,2
48040,5604260320615,640.0,Porsi Vivabem,Iogurte Líquido Magro Frutos Vermelhos 4X160G,,1.29,2.02,0,kg,€/Kg,,,https://driveimg1.intermarche.com/pt/Content/images/boitmal/produit/zoom/54F1803BAD20785BC4084634149B8F8C.jpg,https://driveimg1.intermarche.com/pt/Content/images/boitmal/produit/zoom/8BCFC316C76164C4EB30E1CA8663C5AA.jpg,,,,,,2025-08-20T23:59:59.999999999+01:00,PROSPECTUS,11,2
49071,8410199023155,150.0,Ruffles,"Batatas yorkeso, embalagem de 150g",,1.39,9.27,0,kg,€/Kg,,,https://driveimg1.intermarche.com/pt/Content/images/boitmal/produit/zoom/B6C4A3A0ABC352D933A4B2BC3EF17920.jpg,,,,,,,2025-08-20T23:59:59.999999999+01:00,PROSPECTUS,11,2
49359,5601146700066,6000.0,Sagres,"Cerveja com álcool, pack 24 x 0.25 l",,11.69,1.95,6000,L,€/L,,,https://driveimg1.intermarche.com/pt/Content/images/boitmal/produit/zoom/67C6D1253BB0D82F02E1633DF741EA25.jpg,https://driveimg1.intermarche.com/pt/Content/images/boitmal/produit/zoom/B2E3D57423A20C8E7B4C1173F1457C2E.jpg,,,,,,2025-08-20T23:59:59.999999999+01:00,PROSPECTUS,11,2
50657,7622201723767,150.0,Philadelphia,Queijo Creme Original,Embalagem de 150g,1.79,11.93,0,kg,€/Kg,,,https://driveimg1.intermarche.com/pt/Content/images/boitmal/produit/zoom/20323EE24C6F48A7328A69B95A2AA090.jpg,,,,,,,2025-08-20T23:59:59.999999999+01:00,PROSPECTUS,11,2
50937,5604260326396,170.0,PorSi,Batatas Fritas Lisas Sabor A Orégãos 170G,,1.19,7.0,0,kg,€/Kg,,,https://driveimg1.intermarche.com/pt/Content/images/boitmal/produit/zoom/FD8F2555506B3123DC3096FBC75B5CF9.jpg,,,,,,,2025-08-20T23:59:59.999999999+01:00,PROSPECTUS,11,2
53113,8719200265271,225.0,Planta,"Creme vegetal para barrar sabor a manteiga, 225g",,1.79,7.96,0,kg,€/Kg,,,https://driveimg1.intermarche.com/pt/Content/images/boitmal/produit/zoom/6933A44AB3EA30061ADF0D13AACAFFF4.jpg,https://driveimg1.intermarche.com/pt/Content/images/boitmal/produit/zoom/EEC881B16EB917B52FDADCD01B6DC717.jpg,https://driveimg1.intermarche.com/pt/Content/images/boitmal/produit/zoom/EEC881B16EB917B52FDADCD01B6DC717.jpg,https://driveimg1.intermarche.com/pt/Content/images/boitmal/produit/zoom/EEC881B16EB917B52FDADCD01B6DC717.jpg,,,,2025-08-20T23:59:59.999999999+01:00,PROSPECTUS,11,2
55037,8445291306288,350.0,Nesquik,"Bebida de Morango Solúvel Milk-Mix, 350g",,3.49,9.97,0,kg,€/Kg,,,https://driveimg1.intermarche.com/pt/Content/images/boitmal/produit/zoom/690D3E97DFD68799EB9025A7CB1F7A17.jpg,,,,,,,2025-08-20T23:59:59.999999999+01:00,PROSPECTUS,11,2
572,3250390009290,1000.0,Saint Eloi,Massa Médio,Embalagem de 1 kg,1.79,1.79,0,kg,€/Kg,,,https://driveimg1.intermarche.com/pt/Content/images/boitmal/produit/zoom/385D4052519D6C58473678EF65A025CE.jpg,,,,,,,2025-08-20T23:59:59.999999999+01:00,PROSPECTUS,11,2
579,3250390051138,2000.0,Paquito,"Néctar laranja, tetra",Embalagem de 2 l,2.19,1.1,2000,L,€/L,,,https://driveimg1.intermarche.com/pt/Content/images/boitmal/produit/zoom/54AC0D113964ECCAFF954CB6A9106104.jpg,,,,,,,2025-08-20T23:59:59.999999999+01:00,PROSPECTUS,11,2
7324,3228020390131,250.0,President,"Manteiga magra meio sal, embalagem de 250g",,2.65,10.6,0,kg,€/Kg,,,https://driveimg1.intermarche.com/pt/Content/images/boitmal/produit/zoom/331DC0C2868698A1CF61BBA910E6E1D6.jpg,,,,,,,2025-08-20T23:59:59.999999999+01:00,PROSPECTUS,11,2
8391,5601049159992,1000.0,Mimosa,"Leite especial cálcio + vitamina d magro, de 1l",,1.0,1.0,1000,L,€/L,,,https://driveimg1.intermarche.com/pt/Content/images/boitmal/produit/zoom/22E6964D6A2F2B922BCB40BB341AE902.jpg,,,,,,,2025-08-20T23:59:59.999999999+01:00,PROSPECTUS,11,2
897,5600316860845,400.0,Iglo,Almôndegas bolonhesa,Embalagem de 400g,4.49,11.23,0,kg,€/Kg,,Tipo de stockagem,https://driveimg1.intermarche.com/pt/Content/images/boitmal/produit/zoom/F4885E8BB4E647D068C321961D480DA6.jpg,,,,,,,2025-08-20T23:59:59.999999999+01:00,PROSPECTUS,11,2
10116,8410104702601,,Finish,Limpa máquina loiça regular,,3.99,3.99,1,,€/Unidade,,,https://driveimg1.intermarche.com/pt/Content/images/boitmal/produit/zoom/928CE798A3F3B183700718A418930AB8.jpg,,,,,,,2025-08-20T23:59:59.999999999+01:00,PROSPECTUS,11,2
10827,2895084000000,250.0,Alavão,Queijo Curado Trad.Pimentão,Vendido ao peso a partir de 250 gr,2.25,8.99,0,,€/Kg,,,https://driveimg1.intermarche.com/pt/Content/images/boitmal/produit/zoom/4E6BAB74AB5F3DC05744A385414FF98D.jpg,,,,,,,2025-08-20T23:59:59.999999999+01:00,PROSPECTUS,11,2
10900,3228021920191,250.0,President,"Manteiga fácil de barrar, embalagem de 250g",,3.59,14.36,0,kg,€/Kg,,,https://driveimg1.intermarche.com/pt/Content/images/boitmal/produit/zoom/AD6F66474E604C53FDAA16EA65E09D09.jpg,,,,,,,2025-08-20T23:59:59.999999999+01:00,PROSPECTUS,11,2
11523,5601051410029,250.0,Primor,"Manteiga com sal, 250g",,2.14,8.56,0,kg,€/Kg,,,https://driveimg1.intermarche.com/pt/Content/images/boitmal/produit/zoom/6515E45A6FB2F6024F4DECB68FB265B3.jpg,,,,,,,2025-08-20T23:59:59.999999999+01:00,PROSPECTUS,11,2
1188,5601119007970,200.0,Nobre,"Salsichas de porco, lata de 200g",,1.39,6.95,0,kg,€/Kg,,,https://driveimg1.intermarche.com/pt/Content/images/boitmal/produit/zoom/F480FC52D56464F3C1B867155F4A37B9.jpg,,,,,,,2025-08-20T23:59:59.999999999+01:00,PROSPECTUS,11,2
11925,5603089002221,200.0,Parmalat,"Nata uht para culinária, embalagem de 200 ml",,0.99,4.95,200,L,€/L,,,https://driveimg1.intermarche.com/pt/Content/images/boitmal/produit/zoom/6D33922CAD380AFD4F287905CBB6BE3F.jpg,,,,,,,2025-08-20T23:59:59.999999999+01:00,PROSPECTUS,11,2
12051,5604260129546,1000.0,PorSi,Iogurte Aroma Frutos Vermelhos 8X125G,,1.79,1.79,0,kg,€/Kg,,,https://driveimg1.intermarche.com/pt/Content/images/boitmal/produit/zoom/3E196B0E3D9B7EE0675CBE85C304ECE2.jpg,,,,,,,2025-08-20T23:59:59.999999999+01:00,PROSPECTUS,11,2
12990,2892510000000,250.0,Legumes,Beterraba sem Rama,1 un=250 gr (aprox.),0.37,1.49,0,,€/Kg,,,https://driveimg1.intermarche.com/pt/Content/images/boitmal/produit/zoom/FE38D0A0EDE44D01AA1FA1361EAB5312.jpg,,,,,,,2025-08-20T23:59:59.999999999+01:00,PROSPECTUS,11,2
13537,2893529000000,250.0,Peixaria,Sardinha Congelada,1 un = 250 gr  (aprox.),0.75,2.99,0,,€/Kg,,Avantages !,https://driveimg1.intermarche.com/pt/Content/images/boitmal/produit/zoom/20CBBBB0702ADDE0888E404D1EC78925.jpg,,,,,,,2025-08-20T23:59:59.999999999+01:00,PROSPECTUS,11,2
13541,2893533000000,250.0,Congelado de Aquicultura,Camarão Congelado 60/80,1 un = 250 gr  (aprox.),1.75,6.99,0,,€/Kg,,Avantages !,https://driveimg1.intermarche.com/pt/Content/images/boitmal/produit/zoom/29A2DFA509FFDAFCD18E7F308BD753B4.jpg,,,,,,,2025-08-20T23:59:59.999999999+01:00,PROSPECTUS,11,2
14196,5604260272105,250.0,PorSi,Salsichas Hot Dog Frasco 540G,,3.49,13.96,0,kg,€/Kg,,,https://driveimg1.intermarche.com/pt/Content/images/boitmal/produit/zoom/7586CC34D5F9746AF703E2FDCAFEE2C7.jpg,,,,,,,2025-08-20T23:59:59.999999999+01:00,PROSPECTUS,11,2
1438,5601260047108,1000.0,Saludães,Arroz agulha,Embalagem de 1kg,1.59,1.59,0,kg,€/Kg,,,https://driveimg1.intermarche.com/pt/Content/images/boitmal/produit/zoom/B47152EFC4F603CBADD3130829B29F08.jpg,,,,,,,2025-08-20T23:59:59.999999999+01:00,PROSPECTUS,11,2
1490,5601363001144,130.0,Fritos,"Aperitivos fritos, embalagem 130g",,1.19,9.15,0,kg,€/Kg,,,https://driveimg1.intermarche.com/pt/Content/images/boitmal/produit/zoom/94DEDADD6AD8408E70DBD7678A1BF0DA.jpg,,,,,,,2025-08-20T23:59:59.999999999+01:00,PROSPECTUS,11,2
14977,5604260276035,150.0,PorSi,Presunto Fatiado 6 Meses 200G,,2.89,19.27,0,kg,€/Kg,,,https://driveimg1.intermarche.com/pt/Content/images/boitmal/produit/zoom/2381AC1845C71E2DC403157AC1817E6F.jpg,,,,,,,2025-08-20T23:59:59.999999999+01:00,PROSPECTUS,11,2
15010,2892545000000,1000.0,Programa Origens,Couve Flor,1 un = 1 kg (aprox.),1.79,1.79,0,,€/Kg,,,https://driveimg1.intermarche.com/pt/Content/images/boitmal/produit/zoom/93AF9BD404AC9C131A6A0C88150C31D1.jpg,,,,,,,2025-08-20T23:59:59.999999999+01:00,PROSPECTUS,11,2
15503,8410500018931,400.0,Danonino Danone,"Iogurte líquido danonino tutti frutti, embalagem de 4 x 100 g",,2.09,5.23,0,kg,€/Kg,,,https://driveimg1.intermarche.com/pt/Content/images/boitmal/produit/zoom/49D4DFA8C6DABEB79926D4F0312C64D8.jpg,,,,,,,2025-08-20T23:59:59.999999999+01:00,PROSPECTUS,11,2
17269,4084500617421,820.0,Fairy,"Detergente Líquido Lavar Loiça Original, 820 ml",,3.59,4.38,820,L,€/L,,,https://driveimg1.intermarche.com/pt/Content/images/boitmal/produit/zoom/AAC34482F7A307A6F6D7CF7355F8BFDC.jpg,,,,,,,2025-08-20T23:59:59.999999999+01:00,PROSPECTUS,11,2
18161,5601164884465,1320.0,Somersby,Sidra frutos vermelhos,pack 4 x 0.33 l,3.89,2.95,1320,L,€/L,,,https://driveimg1.intermarche.com/pt/Content/images/boitmal/produit/zoom/507246A606E1CB1D17B01F2DC7199F50.jpg,,,,,,,2025-08-20T23:59:59.999999999+01:00,PROSPECTUS,11,2
19158,7622210440914,150.0,Philadelphia,"Queijo para barrar sem lactose, embalagem de 150g",,1.85,12.33,0,kg,€/Kg,,,https://driveimg1.intermarche.com/pt/Content/images/boitmal/produit/zoom/B1DD0571BC2C176702566B8D43D989B0.jpg,,,,,,,2025-08-20T23:59:59.999999999+01:00,PROSPECTUS,11,2
1950,5604260056965,200.0,PorSi,Tempero Para Frangos 200G,,0.85,4.25,0,kg,€/Kg,,,https://driveimg1.intermarche.com/pt/Content/images/boitmal/produit/zoom/056F4091DCD6823450DFFFC8CEF14C7B.jpg,,,,,,,2025-08-20T23:59:59.999999999+01:00,PROSPECTUS,11,2
2223,5604260266388,500.0,PorSi,Bolachas Com Recheio Sabor Baunilha 500G,,1.59,3.18,0,kg,€/Kg,,,https://driveimg1.intermarche.com/pt/Content/images/boitmal/produit/zoom/629B86B30C117365C725FDCFA3AF6120.jpg,,,,,,,2025-08-20T23:59:59.999999999+01:00,PROSPECTUS,11,2
2281,5604260270118,55.0,PorSi,Cápsulas Café Veneza Cnpx10,,2.29,41.64,0,kg,€/Kg,,,https://driveimg1.intermarche.com/pt/Content/images/boitmal/produit/zoom/D116B291766A226D4C93852C6F88B818.jpg,,,,,,,2025-08-20T23:59:59.999999999+01:00,PROSPECTUS,11,2
24810,8714100289983,440.0,Magnum,"Gelado pint amêndoas, embalagem de 440 ml",,3.99,9.07,440,L,€/L,,Tipo de stockagem,https://driveimg1.intermarche.com/pt/Content/images/boitmal/produit/zoom/3A13A62312A4E6B689883F50A6265AFD.jpg,https://driveimg1.intermarche.com/pt/Content/images/boitmal/produit/zoom/CAF47DA081A9FA3D88EC863A18BD3DDE.jpg,https://driveimg1.intermarche.com/pt/Content/images/boitmal/produit/zoom/CAF47DA081A9FA3D88EC863A18BD3DDE.jpg,,,,,2025-08-20T23:59:59.999999999+01:00,PROSPECTUS,11,2
2787,5601363013215,150.0,Ruffles,"Batatas fritas ketchup, embalagem de 150g",,1.39,9.27,0,kg,€/Kg,,,https://driveimg1.intermarche.com/pt/Content/images/boitmal/produit/zoom/F33B25A4B867E4D7AEC437A0C6A60FE3.jpg,,,,,,,2025-08-20T23:59:59.999999999+01:00,PROSPECTUS,11,2
28609,5604260282951,55.0,PorSi,Cápsulas Café Ristretto Cnpx10,,2.29,41.64,0,kg,€/Kg,,,https://driveimg1.intermarche.com/pt/Content/images/boitmal/produit/zoom/98A2B27B97561600F2789C49300E14CC.jpg,,,,,,,2025-08-20T23:59:59.999999999+01:00,PROSPECTUS,11,2
29356,8718951202856,500.0,Palmolive,"Gel de banho natural leite e mel, 500 ml",,2.69,5.38,500,L,€/L,,,https://driveimg1.intermarche.com/pt/Content/images/boitmal/produit/zoom/6CB5E843C7A08E2ECE1293E08A53478D.jpg,,,,,,,2025-08-20T23:59:59.999999999+01:00,PROSPECTUS,11,2
31516,8435257039107,1280.0,Nestlé,"Yoggi liquido morango, embalagem de 8x160g",,3.89,3.04,0,kg,€/Kg,,,https://driveimg1.intermarche.com/pt/Content/images/boitmal/produit/zoom/919C3780A665F064AD1803A3631A5911.jpg,,,,,,,2025-08-20T23:59:59.999999999+01:00,PROSPECTUS,11,2
32399,5000204018059,36.0,Pato,"Gel Activo Lavanda WC Discos, 2 x 36 ml",,3.49,96.94,36,L,€/L,,,https://driveimg1.intermarche.com/pt/Content/images/boitmal/produit/zoom/B72D863D0E6868872226363DBAB2B1DF.jpg,,,,,,,2025-08-20T23:59:59.999999999+01:00,PROSPECTUS,11,2
33021,5601260048105,1000.0,Saludães,"Arroz basmati, embalagem de 1 kg",,2.49,2.49,0,kg,€/Kg,,,https://driveimg1.intermarche.com/pt/Content/images/boitmal/produit/zoom/69B2912DAB5813399DDCD1424E089110.jpg,,,,,,,2025-08-20T23:59:59.999999999+01:00,PROSPECTUS,11,2
33291,5601029000047,385.0,Bom Petisco,"Atum posta natural, 385g",,4.56,11.84,0,kg,€/Kg,,,https://driveimg1.intermarche.com/pt/Content/images/boitmal/produit/zoom/F97402A97CE5BCD8777B49EE163C0C1E.jpg,,,,,,,2025-08-20T23:59:59.999999999+01:00,PROSPECTUS,11,2
35983,5601027972735,700.0,Bimbo,Pão de forma torradas familiares,Embalagem de 700 g,1.98,2.83,0,kg,€/Kg,,,https://driveimg1.intermarche.com/pt/Content/images/boitmal/produit/zoom/6F4E1280EFC32C3DD99C945770A284F8.jpg,,,,,,,2025-08-20T23:59:59.999999999+01:00,PROSPECTUS,11,2
36729,5604260296804,480.0,PorSi,Pêssego Metades Em Calda 840G,,1.99,4.15,0,kg,€/Kg,,,https://driveimg1.intermarche.com/pt/Content/images/boitmal/produit/zoom/6B402AC3951DE97E3A72B10B1D0F88FE.jpg,,,,,,,2025-08-20T23:59:59.999999999+01:00,PROSPECTUS,11,2
37744,5604260301805,540.0,PorSi,Feijão manteiga,Frasco com 540 g,0.89,1.65,0,kg,€/Kg,,,https://driveimg1.intermarche.com/pt/Content/images/boitmal/produit/zoom/B9B74EE9D5F4C86738772A5B6758433E.jpg,,,,,,,2025-08-20T23:59:59.999999999+01:00,PROSPECTUS,11,2
392,8712566173860,68.0,Knorr,"Canja com aletria, embalagem de 70g",,1.6,23.53,0,kg,€/Kg,,,https://driveimg1.intermarche.com/pt/Content/images/boitmal/produit/zoom/0FDE190C3180267DE92D355FE905E718.jpg,,,,,,,2025-08-20T23:59:59.999999999+01:00,PROSPECTUS,11,2
41297,5601050036534,440.0,Danone,"Iogurte oikos pêssego, embalagem de 4 x 110g",,2.09,4.75,0,kg,€/Kg,,,https://driveimg1.intermarche.com/pt/Content/images/boitmal/produit/zoom/C2BCC90FB2B192B3C8BC1E9CCF0DA4AF.jpg,,,,,,,2025-08-20T23:59:59.999999999+01:00,PROSPECTUS,11,2
41300,5601050036596,440.0,Danone,"Iogurte oikos manga papaya, embalagem de 4 x 110g",,2.09,4.75,0,kg,€/Kg,,,https://driveimg1.intermarche.com/pt/Content/images/boitmal/produit/zoom/407B76EA9B8AB5CE288E3F687A8DBF84.jpg,,,,,,,2025-08-20T23:59:59.999999999+01:00,PROSPECTUS,11,2
41714,5604260307746,750.0,Porsi Vivabem,Iogurte Magro Natural 6X125G,,1.2,1.6,0,kg,€/Kg,,,https://driveimg1.intermarche.com/pt/Content/images/boitmal/produit/zoom/6F36834B96B5F12A8DC2C812AED78D88.jpg,,,,,,,2025-08-20T23:59:59.999999999+01:00,PROSPECTUS,11,2
42130,5604260309214,,PorSi,Ambientador tealights frutos vermelhos,embalagem com 18 unidades,2.15,2.15,0,,€/Unidade,,,https://driveimg1.intermarche.com/pt/Content/images/boitmal/produit/zoom/2FD807E004893E4ED9AD2A7BF4C5EFFD.jpg,,,,,,,2025-08-20T23:59:59.999999999+01:00,PROSPECTUS,11,2
42185,5604260303663,320.0,PorSi,Croquetes Carne Forno 320G,,2.79,8.72,0,kg,€/Kg,,Tipo de stockagem,https://driveimg1.intermarche.com/pt/Content/images/boitmal/produit/zoom/998FEE01F90428EE9DDCED2C056C8CF8.jpg,,,,,,,2025-08-20T23:59:59.999999999+01:00,PROSPECTUS,11,2
42864,5604260298280,750.0,Selecção de Enófilos,Espumante meio seco,Garrafa de 750 ml,3.14,4.19,750,L,€/L,,,https://driveimg1.intermarche.com/pt/Content/images/boitmal/produit/zoom/B7EDB9EB81AFB359E7FC8BA2D26301E7.jpg,,,,,,,2025-08-20T23:59:59.999999999+01:00,PROSPECTUS,11,2
43500,5604260309436,330.0,PorSi Bio,Doce De Morango Bio 330G,,2.59,7.85,0,kg,€/Kg,,,https://driveimg1.intermarche.com/pt/Content/images/boitmal/produit/zoom/1EF19F8EC76B45EBB9ADD81D20FDEA94.jpg,https://driveimg1.intermarche.com/pt/Content/images/boitmal/produit/zoom/EAE59109BAA999CBD1E9EB5D9057ECD1.jpg,https://driveimg1.intermarche.com/pt/Content/images/boitmal/produit/zoom/EAE59109BAA999CBD1E9EB5D9057ECD1.jpg,https://driveimg1.intermarche.com/pt/Content/images/boitmal/produit/zoom/EAE59109BAA999CBD1E9EB5D9057ECD1.jpg,https://driveimg1.intermarche.com/pt/Content/images/boitmal/produit/zoom/EAE59109BAA999CBD1E9EB5D9057ECD1.jpg,,,2025-08-20T23:59:59.999999999+01:00,PROSPECTUS,11,2
43780,5900020036988,300.0,Nestlé,"Cereais de aveia cheerios, embalagem de 300g",,3.19,10.63,0,kg,€/Kg,,,https://driveimg1.intermarche.com/pt/Content/images/boitmal/produit/zoom/3CA38EDA05B7EB510885558D8C7C8029.jpg,,,,,,,2025-08-20T23:59:59.999999999+01:00,PROSPECTUS,11,2
43799,5604260309320,360.0,PorSi,Coxinhas Frango Forno 360G,,3.29,9.14,0,kg,€/Kg,,Tipo de stockagem,https://driveimg1.intermarche.com/pt/Content/images/boitmal/produit/zoom/1970AB3735B730BD44E56AA4F22AAA0B.jpg,,,,,,,2025-08-20T23:59:59.999999999+01:00,PROSPECTUS,11,2
43863,5604260310289,287.0,PorSi,Molho De Alho Top Down 287G,,1.44,5.02,0,kg,€/Kg,,,https://driveimg1.intermarche.com/pt/Content/images/boitmal/produit/zoom/A86295DBBF9EE0E088EB1A72D09CB266.jpg,,,,,,,2025-08-20T23:59:59.999999999+01:00,PROSPECTUS,11,2
43866,5604260310555,320.0,PorSi,Molho Barbecue 320G,,1.35,4.22,0,kg,€/Kg,,,https://driveimg1.intermarche.com/pt/Content/images/boitmal/produit/zoom/EBE22CEE6EABE3272A1B3AE71A4618F7.jpg,https://driveimg1.intermarche.com/pt/Content/images/boitmal/produit/zoom/E6DADD7B3FC45977FA9A29B78C3EAD98.jpg,https://driveimg1.intermarche.com/pt/Content/images/boitmal/produit/zoom/E6DADD7B3FC45977FA9A29B78C3EAD98.jpg,https://driveimg1.intermarche.com/pt/Content/images/boitmal/produit/zoom/E6DADD7B3FC45977FA9A29B78C3EAD98.jpg,https://driveimg1.intermarche.com/pt/Content/images/boitmal/produit/zoom/E6DADD7B3FC45977FA9A29B78C3EAD98.jpg,https://driveimg1.intermarche.com/pt/Content/images/boitmal/produit/zoom/E6DADD7B3FC45977FA9A29B78C3EAD98.jpg,,2025-08-20T23:59:59.999999999+01:00,PROSPECTUS,11,2
44387,5604260313037,250.0,PorSi,Ambientador Aerossol Pure Flor Cerejeira  250Ml,,2.99,11.96,250,L,€/L,,,https://driveimg1.intermarche.com/pt/Content/images/boitmal/produit/zoom/38D80276BA1BAC8AB0203C4250347BAD.jpg,,,,,,,2025-08-20T23:59:59.999999999+01:00,PROSPECTUS,11,2
46604,5604260315413,340.0,PorSi,Rissois Leitao Forno 340G,,2.68,7.88,0,kg,€/Kg,,Tipo de stockagem,https://driveimg1.intermarche.com/pt/Content/images/boitmal/produit/zoom/ECEC4362B69EA6975CF5F8B1BF01ABA5.jpg,,,,,,,2025-08-20T23:59:59.999999999+01:00,PROSPECTUS,11,2
46882,5604260319824,,PorSi,Papel Higiénico Branco Talco 3 Folhas 12 Rolos,,4.99,4.99,0,,€/Unidade,,,https://driveimg1.intermarche.com/pt/Content/images/boitmal/produit/zoom/3FFC2D730C4EDC9A29F53A5EEAAF4D75.jpg,,,,,,,2025-08-20T23:59:59.999999999+01:00,PROSPECTUS,11,2
47807,5604260316724,250.0,Porsi Select - Programa Origens,Secretos De Porco Preto Do Alentejo 250 G,,4.49,17.96,0,kg,€/Kg,,,https://driveimg1.intermarche.com/pt/Content/images/boitmal/produit/zoom/6A87D20A3CF16F872AA7C71D8779E2D2.jpg,,,,,,,2025-08-20T23:59:59.999999999+01:00,PROSPECTUS,11,2
48556,7622210128362,250.0,Tuc,"Crackers original, embalagem de 250g",,2.29,9.16,0,kg,€/Kg,,,https://driveimg1.intermarche.com/pt/Content/images/boitmal/produit/zoom/02A669F223F587A29FCC9DDBE6CD70CA.jpg,,,,,,,2025-08-20T23:59:59.999999999+01:00,PROSPECTUS,11,2
48862,5604260320592,640.0,Porsi Vivabem,Iogurte Líquido Magro Morango 4X160G,,1.29,2.02,0,kg,€/Kg,,,https://driveimg1.intermarche.com/pt/Content/images/boitmal/produit/zoom/6E2158069C8CF147F08FEAD2346409FC.jpg,,,,,,,2025-08-20T23:59:59.999999999+01:00,PROSPECTUS,11,2
49731,5601151968567,1500.0,B!,"Sumo maçã, de 1.5 l",,1.29,0.86,1500,L,€/L,,,https://driveimg1.intermarche.com/pt/Content/images/boitmal/produit/zoom/42B0A69FA0B06191FA93D0C5C723F2C5.jpg,https://driveimg1.intermarche.com/pt/Content/images/boitmal/produit/zoom/90C7F6A4677F3F786BB9A9C63AC80A01.jpg,https://driveimg1.intermarche.com/pt/Content/images/boitmal/produit/zoom/90C7F6A4677F3F786BB9A9C63AC80A01.jpg,,,,,2025-08-20T23:59:59.999999999+01:00,PROSPECTUS,11,2
49819,5603722517327,600.0,Matinal,"Leite seleccionado leve, pack 3 x 200 ml",,1.43,2.38,600,L,€/L,,,https://driveimg1.intermarche.com/pt/Content/images/boitmal/produit/zoom/4E1E39519082067F8E10CE178A1C4928.jpg,,,,,,,2025-08-20T23:59:59.999999999+01:00,PROSPECTUS,11,2
50040,3600542297943,200.0,Ambre Solaire,Leite Hidratante c/ Aloé Vera,Embalagem de 200 ml,3.89,19.45,200,L,€/L,,,https://driveimg1.intermarche.com/pt/Content/images/boitmal/produit/zoom/21079F2C68ABB9D7610DECFCD2F36297.jpg,,,,,,,2025-08-20T23:59:59.999999999+01:00,PROSPECTUS,11,2
51383,8434165608023,150.0,Cuétara,Cuet marinheiros chia-quinoa-lin *9,Embalagem de 150g,1.59,10.6,0,kg,€/Kg,,,https://driveimg1.intermarche.com/pt/Content/images/boitmal/produit/zoom/12296D3DBC6CE8CBB7918AE72A6F0B1F.jpg,,,,,,,2025-08-20T23:59:59.999999999+01:00,PROSPECTUS,11,2
51403,5604260325689,1000.0,PorSi,"Vinagre de limpeza, 1 litrp",,0.95,0.95,1000,L,€/L,,,https://driveimg1.intermarche.com/pt/Content/images/boitmal/produit/zoom/D97716AE40F4384225AEA397971D7BFD.jpg,,,,,,,2025-08-20T23:59:59.999999999+01:00,PROSPECTUS,11,2
5143,5601096201309,750.0,Casal Garcia,"Vinho verde branco, garrafa de 0.75 l",,3.49,4.65,750,L,€/L,,,https://driveimg1.intermarche.com/pt/Content/images/boitmal/produit/zoom/C499325EC5B55389E1608DCDF3310034.jpg,,,,,,,2025-08-20T23:59:59.999999999+01:00,PROSPECTUS,11,2
52855,5411188137368,400.0,Alpro,"Yofu skyr exótico, 400g",,2.54,6.35,0,kg,€/Kg,,,https://driveimg1.intermarche.com/pt/Content/images/boitmal/produit/zoom/DAC9AE018EB508E38645481AA2644683.jpg,https://driveimg1.intermarche.com/pt/Content/images/boitmal/produit/zoom/5EF9019C19B1CFD1218BF97A6C8EF78D.jpg,https://driveimg1.intermarche.com/pt/Content/images/boitmal/produit/zoom/5EF9019C19B1CFD1218BF97A6C8EF78D.jpg,https://driveimg1.intermarche.com/pt/Content/images/boitmal/produit/zoom/5EF9019C19B1CFD1218BF97A6C8EF78D.jpg,,,,2025-08-20T23:59:59.999999999+01:00,PROSPECTUS,11,2
52856,5411188137993,400.0,Alpro,"Yofu mirtilo, 400g",,2.19,5.48,0,kg,€/Kg,,,https://driveimg1.intermarche.com/pt/Content/images/boitmal/produit/zoom/485F657BAFD51912DFB54A5C99A1A224.jpg,https://driveimg1.intermarche.com/pt/Content/images/boitmal/produit/zoom/11533D920C6F50B230FF02F2A50E7E1F.jpg,https://driveimg1.intermarche.com/pt/Content/images/boitmal/produit/zoom/11533D920C6F50B230FF02F2A50E7E1F.jpg,,,,,2025-08-20T23:59:59.999999999+01:00,PROSPECTUS,11,2
52883,8719200267824,1000.0,Planta,"Creme vegetal para barrar original, 1 kg",,4.99,4.99,0,kg,€/Kg,,,https://driveimg1.intermarche.com/pt/Content/images/boitmal/produit/zoom/936FEB2670E44E85562B9564D40B3E6A.jpg,https://driveimg1.intermarche.com/pt/Content/images/boitmal/produit/zoom/CBB4812E883E0A943660F7C5BD667E18.jpg,https://driveimg1.intermarche.com/pt/Content/images/boitmal/produit/zoom/CBB4812E883E0A943660F7C5BD667E18.jpg,,,,,2025-08-20T23:59:59.999999999+01:00,PROSPECTUS,11,2
53112,8719200261396,225.0,Planta,"Creme vegetal para barrar magro sabor a manteiga, 225g",,1.79,7.96,0,kg,€/Kg,,,https://driveimg1.intermarche.com/pt/Content/images/boitmal/produit/zoom/5F1FDA1229D6F2FCA08B8CD4D16D2827.jpg,https://driveimg1.intermarche.com/pt/Content/images/boitmal/produit/zoom/8A26170B245BCD16D7302351FE82D3EB.jpg,https://driveimg1.intermarche.com/pt/Content/images/boitmal/produit/zoom/8A26170B245BCD16D7302351FE82D3EB.jpg,https://driveimg1.intermarche.com/pt/Content/images/boitmal/produit/zoom/8A26170B245BCD16D7302351FE82D3EB.jpg,,,,2025-08-20T23:59:59.999999999+01:00,PROSPECTUS,11,2
53236,8711327581937,330.0,Magnum,"Mini gelados double framboesa, 6 x 55ml",,4.49,13.61,330,L,€/L,,Tipo de stockagem,https://driveimg1.intermarche.com/pt/Content/images/boitmal/produit/zoom/6932EECFEFF640B58D8FE0AAE944AFD2.jpg,https://driveimg1.intermarche.com/pt/Content/images/boitmal/produit/zoom/AE4B42C54F61649E5F63B556EA44C28A.jpg,https://driveimg1.intermarche.com/pt/Content/images/boitmal/produit/zoom/AE4B42C54F61649E5F63B556EA44C28A.jpg,https://driveimg1.intermarche.com/pt/Content/images/boitmal/produit/zoom/AE4B42C54F61649E5F63B556EA44C28A.jpg,,,,2025-08-20T23:59:59.999999999+01:00,PROSPECTUS,11,2
53942,5603722523298,1000.0,Matinal,"Bebida de leite sem lactose livre, 1l",,1.25,1.25,1000,L,€/L,,,https://driveimg1.intermarche.com/pt/Content/images/boitmal/produit/zoom/3F3F185EBF624903AC3031EAC11A6631.jpg,,,,,,,2025-08-20T23:59:59.999999999+01:00,PROSPECTUS,11,2
54361,8410104915186,,Finish,"Detergente Loiça Máquina Quantum Limão, 28 Pastilhas",,5.99,5.99,0,,€/Unidade,,,https://driveimg1.intermarche.com/pt/Content/images/boitmal/produit/zoom/AF6445EE2B2537230E8784866A377CB3.jpg,,,,,,,2025-08-20T23:59:59.999999999+01:00,PROSPECTUS,11,2
55025,5900020044877,300.0,Nestle,"Cereais Trigo com Chocolate Nesquik Minis, 300g",,2.59,8.63,0,kg,€/Kg,,,https://driveimg1.intermarche.com/pt/Content/images/boitmal/produit/zoom/28C2EB797BE578C88A38AD8CEC32706B.jpg,,,,,,,2025-08-20T23:59:59.999999999+01:00,PROSPECTUS,11,2
55040,5411188140184,400.0,Alpro,"Yofu Soja Pêssego, 400g",,2.19,5.48,0,kg,€/Kg,,,https://driveimg1.intermarche.com/pt/Content/images/boitmal/produit/zoom/195F8AC7C58210AC0282C72258CD37FB.jpg,,,,,,,2025-08-20T23:59:59.999999999+01:00,PROSPECTUS,11,2
55151,8445290970985,330.0,Nestlé,"Cereais Cheerios Mel, 330g",,3.64,11.03,0,kg,€/Kg,,,https://driveimg1.intermarche.com/pt/Content/images/boitmal/produit/zoom/2FAF521734DC04D8BFCC226161906C91.jpg,,,,,,,2025-08-20T23:59:59.999999999+01:00,PROSPECTUS,11,2
638,3250390207481,150.0,Bouton dor,Aperitivos pistachos torrados salgados,Embalagem de 150g,2.07,13.8,0,kg,€/Kg,,,https://driveimg1.intermarche.com/pt/Content/images/boitmal/produit/zoom/5779B2DB338F1A6B8B46C20197F52833.jpg,,,,,,,2025-08-20T23:59:59.999999999+01:00,PROSPECTUS,11,2
667,3250390506980,170.0,Bouton d' Or,"Snack batata, sabor paprika",Embalagem de 170 g,2.19,12.88,0,kg,€/Kg,,,https://driveimg1.intermarche.com/pt/Content/images/boitmal/produit/zoom/28A41552B0E1BA04940154887E701F35.jpg,,,,,,,2025-08-20T23:59:59.999999999+01:00,PROSPECTUS,11,2
695,3250390831464,170.0,Bouton d' Or,Snack batata original,Embalagem de 170 g,1.99,11.71,0,kg,€/Kg,,,https://driveimg1.intermarche.com/pt/Content/images/boitmal/produit/zoom/30BB43DAB33E5A16CBD15573527DDC49.jpg,,,,,,,2025-08-20T23:59:59.999999999+01:00,PROSPECTUS,11,2
7244,3073781050196,140.0,A Vaca Que Ri,"Queijo em palitos, embalagem de 140g",,1.99,14.21,0,kg,€/Kg,,,https://driveimg1.intermarche.com/pt/Content/images/boitmal/produit/zoom/C79A3541C1910B83E7E4B4E57044D0EF.jpg,,,,,,,2025-08-20T23:59:59.999999999+01:00,PROSPECTUS,11,2
7401,3250390461777,150.0,Páturages,Queijo roquefort,Embalagem de 150 g,2.79,18.6,0,kg,€/Kg,,,https://driveimg1.intermarche.com/pt/Content/images/boitmal/produit/zoom/E03055290F31A27B798D471C25305D9D.jpg,,,,,,,2025-08-20T23:59:59.999999999+01:00,PROSPECTUS,11,2
8413,8410500008932,600.0,Danone,"Actimel iogurte líquido de morango, de 6 x 100g",,2.99,4.98,0,kg,€/Kg,,,https://driveimg1.intermarche.com/pt/Content/images/boitmal/produit/zoom/F5F985DE2C1FEBCCE4ED6002098F416C.jpg,,,,,,,2025-08-20T23:59:59.999999999+01:00,PROSPECTUS,11,2
8417,8410500006020,600.0,Danone,"Actimel magro natural, embalagem de 6 x 100g",,2.99,4.98,0,kg,€/Kg,,,https://driveimg1.intermarche.com/pt/Content/images/boitmal/produit/zoom/729A5232D0A334A9B7BE031706F8AD19.jpg,,,,,,,2025-08-20T23:59:59.999999999+01:00,PROSPECTUS,11,2
927,5601001180903,380.0,Nestlé,Cereais chocapic,Embalagem de 375 g,2.44,6.42,0,kg,€/Kg,,,https://driveimg1.intermarche.com/pt/Content/images/boitmal/produit/zoom/EA69C754779AF0C6F4DD36E6F3A8C272.jpg,,,,,,,2025-08-20T23:59:59.999999999+01:00,PROSPECTUS,11,2
9292,5603722493812,250.0,Matinal,"Manteiga magra, embalagem de 250g",,2.49,9.96,0,kg,€/Kg,,,https://driveimg1.intermarche.com/pt/Content/images/boitmal/produit/zoom/AA91DFCE88DA98DA1BB05E606B3C1FF9.jpg,,,,,,,2025-08-20T23:59:59.999999999+01:00,PROSPECTUS,11,3
931,5601001228100,300.0,Nestum,Nestum flocos de cereais com mel,Embalagem de 300g,2.24,7.47,0,kg,€/Kg,,,https://driveimg1.intermarche.com/pt/Content/images/boitmal/produit/zoom/82B368094FF4C269D04DE75FB30D7775.jpg,,,,,,,2025-08-20T23:59:59.999999999+01:00,PROSPECTUS,11,3
973,5601024105020,1000.0,Fula,Óleo alimentar,Embalagem 1L,1.99,1.99,1000,L,€/L,,,https://driveimg1.intermarche.com/pt/Content/images/boitmal/produit/zoom/322383F88535C8A24498724B92188318.jpg,,,,,,,2025-08-20T23:59:59.999999999+01:00,PROSPECTUS,11,3
978,5601024134136,750.0,Oliveira da Serra,Azeite,Embalagem de 750 ml,4.39,5.85,750,L,€/L,,,https://driveimg1.intermarche.com/pt/Content/images/boitmal/produit/zoom/9CC9A85673AA0BF0B09481F106398AA6.jpg,,,,,,,2025-08-20T23:59:59.999999999+01:00,PROSPECTUS,11,3
10002,8001480020573,1000.0,Neoblanc,"Lixívia para roupa, azul, tradicional",Embalagem de 1 l,1.68,1.68,1000,L,€/L,,,https://driveimg1.intermarche.com/pt/Content/images/boitmal/produit/zoom/F65198E56E8F6796FECE5F4D1AD86180.jpg,,,,,,,2025-08-20T23:59:59.999999999+01:00,PROSPECTUS,11,3
10094,8435257040776,640.0,Nestlé,"Iogurte líquido yoggi banana, embalagem de 4 x 160 g",,1.99,3.11,0,kg,€/Kg,,,https://driveimg1.intermarche.com/pt/Content/images/boitmal/produit/zoom/6885FCEF2FEF4752D565E64A3BDEE242.jpg,,,,,,,2025-08-20T23:59:59.999999999+01:00,PROSPECTUS,11,3
10095,8435257040899,640.0,Nestlé,"Iogurte líquido yoggi morango, embalagem de 4 x 160g",,1.99,3.11,0,kg,€/Kg,,,https://driveimg1.intermarche.com/pt/Content/images/boitmal/produit/zoom/BCBB1C4518CDF8045B46EB41CD173E54.jpg,,,,,,,2025-08-20T23:59:59.999999999+01:00,PROSPECTUS,11,3
1014,5601043111149,1000.0,Espiga,"Farinha sem fermento tipo 65, embalagem de 1 kg",,1.29,1.29,0,kg,€/Kg,,,https://driveimg1.intermarche.com/pt/Content/images/boitmal/produit/zoom/0956112EF7C4C6A7364E7D84CAC59686.jpg,,,,,,,2025-08-20T23:59:59.999999999+01:00,PROSPECTUS,11,3
10280,8410469002781,,Colhogar,"Papel higiénico compacto ultra suave xxl, 12 rolos",,6.27,6.27,12,,€/Unidade,,,https://driveimg1.intermarche.com/pt/Content/images/boitmal/produit/zoom/25C6AA40EDFE818F3044E21D30E55D7F.jpg,,,,,,,2025-08-20T23:59:59.999999999+01:00,PROSPECTUS,11,3
10639,8712566395514,61.0,Knorr,"Sopa gourmet, cogumelos, embalagem de 60g",,1.99,32.62,0,kg,€/Kg,,,https://driveimg1.intermarche.com/pt/Content/images/boitmal/produit/zoom/37AB5E4154A122936DBF40F8E46CCD3D.jpg,,,,,,,2025-08-20T23:59:59.999999999+01:00,PROSPECTUS,11,3
10899,3228021000084,250.0,President,"Manteiga la motte sal do mar, embalagem de 250g",,3.95,15.8,0,kg,€/Kg,,,https://driveimg1.intermarche.com/pt/Content/images/boitmal/produit/zoom/F02DC28B5940DB25AE13C684F975BF0B.jpg,,,,,,,2025-08-20T23:59:59.999999999+01:00,PROSPECTUS,11,3
11671,5601217126382,1650.0,Woolite,Detergente líquido p/ máquina lavar roupa cores,"Garrafa de 1,65 l",6.99,4.24,1650,L,€/L,,,https://driveimg1.intermarche.com/pt/Content/images/boitmal/produit/zoom/8C38ED746381E210259B37EA8CABFD0A.jpg,,,,,,,2025-08-20T23:59:59.999999999+01:00,PROSPECTUS,11,3
12379,8410285015354,250.0,Président,"Chantilly , embalagem de 250 g",,2.69,10.76,0,kg,€/Kg,,,https://driveimg1.intermarche.com/pt/Content/images/boitmal/produit/zoom/E0C73A85F9CF705E2D07E158861B3F39.jpg,,,,,,,2025-08-20T23:59:59.999999999+01:00,PROSPECTUS,11,3
12732,3428274120014,1000.0,President,"Leite de cabra uht meio gordo, embalagem 1l",,2.33,2.33,1000,L,€/L,,,https://driveimg1.intermarche.com/pt/Content/images/boitmal/produit/zoom/064B1B9C8DA5F13A4C86F3DBB78B09E5.jpg,,,,,,,2025-08-20T23:59:59.999999999+01:00,PROSPECTUS,11,3
12892,2892508000000,400.0,Legumes,Beringela,1 un=400 gr (aprox.),0.76,1.89,0,,€/Kg,,,https://driveimg1.intermarche.com/pt/Content/images/boitmal/produit/zoom/5B7B3A896213DE67893050A67A6D9D9B.jpg,,,,,,,2025-08-20T23:59:59.999999999+01:00,PROSPECTUS,11,3
12898,2893293000000,400.0,Programa Origens,Dourada,1 un= 400 grs (aprox.),3.6,8.99,0,,€/Kg,,,https://driveimg1.intermarche.com/pt/Content/images/boitmal/produit/zoom/1228D1EB55215F23AB492009B28E8268.jpg,,,,,,,2025-08-20T23:59:59.999999999+01:00,PROSPECTUS,11,3
13566,2893560000000,250.0,Congelado de Aquicultura,Camarão Congelado 20/30,1 un = 250 gr  (aprox.),2.5,9.99,0,,€/Kg,,Avantages !,https://driveimg1.intermarche.com/pt/Content/images/boitmal/produit/zoom/863DB9F10BE616A55736AB7A17BC6BB5.jpg,,,,,,,2025-08-20T23:59:59.999999999+01:00,PROSPECTUS,11,3
13582,2893577000000,400.0,Peixaria,Solha Congelada,,2.28,5.69,0,,€/Kg,,Avantages !,https://driveimg1.intermarche.com/pt/Content/images/boitmal/produit/zoom/09CD29C77ECA15BC59D0A288B72C20B4.jpg,,,,,,,2025-08-20T23:59:59.999999999+01:00,PROSPECTUS,11,3
13861,2691127000000,,Aves,Codornizes,1 un. = 150 g (aprox.),1.09,1.09,0,,€/Unidade,,,https://driveimg1.intermarche.com/pt/Content/images/boitmal/produit/zoom/49A0BEA3AB28A38ED8B2B84EBCB7B813.jpg,,,,,,,2025-08-20T23:59:59.999999999+01:00,PROSPECTUS,11,3
13897,2891053000000,1000.0,Porco,Lombo sem Osso,Vendido ao peso a partir de 1 kg,4.49,4.49,0,,€/Kg,,,https://driveimg1.intermarche.com/pt/Content/images/boitmal/produit/zoom/415564DA70574ED3C1D7475F1F28BDB6.jpg,,,,,,,2025-08-20T23:59:59.999999999+01:00,PROSPECTUS,11,3
14458,7613034678607,90.0,Nestlé,"Fruta para bebé banana maçã +4 meses, embalagem de 90g",,0.65,7.22,0,kg,€/Kg,,,https://driveimg1.intermarche.com/pt/Content/images/boitmal/produit/zoom/0F3547F16577E97D821E3E9FDD9F17B9.jpg,,,,,,,2025-08-20T23:59:59.999999999+01:00,PROSPECTUS,11,3
14698,7613034570512,90.0,Nestlé,"Fruta para bebé 4 frutas +4 meses, embalagem de 90g",,0.65,7.22,0,kg,€/Kg,,,https://driveimg1.intermarche.com/pt/Content/images/boitmal/produit/zoom/3717C2AF583A80AD83A765BB8032F767.jpg,,,,,,,2025-08-20T23:59:59.999999999+01:00,PROSPECTUS,11,3
15125,2895006000000,150.0,Terra Nostra,Queijo Flamengo em Barra,1 un = 150 gr (aprox.),1.39,9.29,0,,€/Kg,,,https://driveimg1.intermarche.com/pt/Content/images/boitmal/produit/zoom/BF84618CA37316EE2612494B15F423CC.jpg,,,,,,,2025-08-20T23:59:59.999999999+01:00,PROSPECTUS,11,3
15317,3250391945313,195.0,Itinéraire des Saveurs,Massa chinesa frango 3x65g,Embalagem de 3X65G,1.49,7.64,0,kg,€/Kg,,,https://driveimg1.intermarche.com/pt/Content/images/boitmal/produit/zoom/01ABE4FD819840762CC9414B0A903882.jpg,https://driveimg1.intermarche.com/pt/Content/images/boitmal/produit/zoom/22E7043B9651E3BD8F72B63C693400F3.jpg,,,,,,2025-08-20T23:59:59.999999999+01:00,PROSPECTUS,11,3
15473,5601517360363,450.0,Paladin,"Ketchup à Portuguesa Top Down sem Glúten, 450g",Garrafa de 450 ml,2.09,4.64,450,L,€/L,,,https://driveimg1.intermarche.com/pt/Content/images/boitmal/produit/zoom/C22D205E9E2345D19F4509DFE2C3ED6E.jpg,,,,,,,2025-08-20T23:59:59.999999999+01:00,PROSPECTUS,11,3
18024,2696283000000,250.0,Pastelaria,"Baguete Constance Cereais, 250 g",,1.09,4.36,0,kg,€/Kg,,,https://driveimg1.intermarche.com/pt/Content/images/boitmal/produit/zoom/CA22C31024FFE026D063A83A78526055.jpg,,,,,,,2025-08-20T23:59:59.999999999+01:00,PROSPECTUS,11,3
1847,5604260301683,540.0,PorSi,Feijão branco,Embalagem de 540g,0.89,1.65,0,kg,€/Kg,,,https://driveimg1.intermarche.com/pt/Content/images/boitmal/produit/zoom/65F3549F5DD8B5CB836B8FAB01DCCC43.jpg,,,,,,,2025-08-20T23:59:59.999999999+01:00,PROSPECTUS,11,3
19046,5000116110414,480.0,Capitão Iglo,"8 hamburguers sem glúten frango, embalagem de 480g",,7.99,16.65,0,kg,€/Kg,,Tipo de stockagem,https://driveimg1.intermarche.com/pt/Content/images/boitmal/produit/zoom/B74DC0C9C4A898B602612BD394B808F5.jpg,,,,,,,2025-08-20T23:59:59.999999999+01:00,PROSPECTUS,11,3
20263,5000116110889,180.0,Iglo,"Crocantes de frango original, embalagem de 180g",,3.99,22.17,0,kg,€/Kg,,Tipo de stockagem,https://driveimg1.intermarche.com/pt/Content/images/boitmal/produit/zoom/9B2BC0EEC5724C42D02D0AAA44CCBB50.jpg,,,,,,,2025-08-20T23:59:59.999999999+01:00,PROSPECTUS,11,3
20366,7622210981141,150.0,Philadelphia,"Queijo creme de ervas finas, embalagem de 150g",,1.85,12.33,0,kg,€/Kg,,,https://driveimg1.intermarche.com/pt/Content/images/boitmal/produit/zoom/23968A9CE69CBDE38F833889E5601762.jpg,,,,,,,2025-08-20T23:59:59.999999999+01:00,PROSPECTUS,11,3
20433,5601244500070,1000.0,Terra Nostra,"Leite de pastagem magro, embalagem de 1 l",,0.89,0.89,1000,L,€/L,,,https://driveimg1.intermarche.com/pt/Content/images/boitmal/produit/zoom/9F4485855ABBC3534A5CD1111ACFCBA8.jpg,https://driveimg1.intermarche.com/pt/Content/images/boitmal/produit/zoom/E6424B45F8177C670F59F3BF8C085519.jpg,,,,,,2025-08-20T23:59:59.999999999+01:00,PROSPECTUS,11,3
21052,8435257034270,640.0,Nestlé,"Iogurte líquido yoggi, sem lactose, morango/banana, embalagem de 4 x 160g",,2.19,3.42,0,kg,€/Kg,,,https://driveimg1.intermarche.com/pt/Content/images/boitmal/produit/zoom/2F9637E1E7F59896708553BA46B62C91.jpg,,,,,,,2025-08-20T23:59:59.999999999+01:00,PROSPECTUS,11,3
21254,5601096213333,750.0,Aveleda,"Vinho verde branco, garrafa de 750 ml",,3.49,4.65,750,L,€/L,,,https://driveimg1.intermarche.com/pt/Content/images/boitmal/produit/zoom/103E9A0EAFCBAA11ECE989ED1EB0C0E6.jpg,,,,,,,2025-08-20T23:59:59.999999999+01:00,PROSPECTUS,11,3
2173,5604260261376,950.0,PorSi,Tempero Para Frangos 950G,,3.49,3.67,0,kg,€/Kg,,,https://driveimg1.intermarche.com/pt/Content/images/boitmal/produit/zoom/21C1894441DC45DB0CF9B70827F50689.jpg,,,,,,,2025-08-20T23:59:59.999999999+01:00,PROSPECTUS,11,3
21766,7613035487840,90.0,Nestlé,Fruta para bebé banana laranja bolacha +6 meses,Embalagem de 90g,0.65,7.22,0,kg,€/Kg,,,https://driveimg1.intermarche.com/pt/Content/images/boitmal/produit/zoom/A8104E7B3738DD14CEF192706B16EFC4.jpg,,,,,,,2025-08-20T23:59:59.999999999+01:00,PROSPECTUS,11,3
22164,5601260254056,500.0,Saludães,"Arroz doce especial, embalagem de 500g",,0.83,1.66,0,kg,€/Kg,,,https://driveimg1.intermarche.com/pt/Content/images/boitmal/produit/zoom/C73C7DA612DE17339FC2172D24F6B83B.jpg,,,,,,,2025-08-20T23:59:59.999999999+01:00,PROSPECTUS,11,3
2250,5604260267699,330.0,Kingsbräu,"Cerveja Lata 0,33L",,0.38,1.15,330,L,€/L,,,https://driveimg1.intermarche.com/pt/Content/images/boitmal/produit/zoom/127155D3A5FEC751B6FBF1A24B762F45.jpg,,,,,,,2025-08-20T23:59:59.999999999+01:00,PROSPECTUS,11,3
2279,5604260270095,55.0,PorSi,Cápsulas Café Descafeinado Cnpx10,,1.89,34.36,0,kg,€/Kg,,,https://driveimg1.intermarche.com/pt/Content/images/boitmal/produit/zoom/D26303CA655FAD23B73DEC3CCA6C621F.jpg,,,,,,,2025-08-20T23:59:59.999999999+01:00,PROSPECTUS,11,3
24594,3600550835809,50.0,Narta,"Desodorizante roll-on impecável, 50 ml",,2.39,47.8,50,L,€/L,,,https://driveimg1.intermarche.com/pt/Content/images/boitmal/produit/zoom/EED4B2BAC954892F98C714A7E44BD790.jpg,,,,,,,2025-08-20T23:59:59.999999999+01:00,PROSPECTUS,11,3
24748,8410104124649,1000.0,Finish,"Detergente líquido para máquina lavar loiça gel tudo em 1 limão, de 1 l",,9.49,9.49,1000,L,€/L,,,https://driveimg1.intermarche.com/pt/Content/images/boitmal/produit/zoom/350E35F90B7D257D3A471C43A79AD891.jpg,,,,,,,2025-08-20T23:59:59.999999999+01:00,PROSPECTUS,11,3
25108,5601226041720,750.0,Ucal,"Leite uht com chocolate, embalagem de 3 x 250 ml",,2.49,3.32,750,L,€/L,,,https://driveimg1.intermarche.com/pt/Content/images/boitmal/produit/zoom/7D29449DA2FD72495E3738757304836A.jpg,,,,,,,2025-08-20T23:59:59.999999999+01:00,PROSPECTUS,11,3
25109,5601226041669,1000.0,Ucal,"Leite uht com chocolate, de 1 l",,2.39,2.39,1000,L,€/L,,,https://driveimg1.intermarche.com/pt/Content/images/boitmal/produit/zoom/738D47C205671FC9009C184DEADB5970.jpg,,,,,,,2025-08-20T23:59:59.999999999+01:00,PROSPECTUS,11,3
2549,7613034717931,200.0,Nestlé,"Chocolate culinário, embalagem de 200g",,2.75,13.75,0,kg,€/Kg,,,https://driveimg1.intermarche.com/pt/Content/images/boitmal/produit/zoom/3B153FC5DBA6E54FFCBD8019E97BAF3D.jpg,,,,,,,2025-08-20T23:59:59.999999999+01:00,PROSPECTUS,11,3
2587,7622300165628,160.0,Oreo,"Bolachas mini, embalagem de 160g",,1.84,11.5,0,kg,€/Kg,,,https://driveimg1.intermarche.com/pt/Content/images/boitmal/produit/zoom/F9C526AA63F496736DBEE08B88A78CA2.jpg,,,,,,,2025-08-20T23:59:59.999999999+01:00,PROSPECTUS,11,3
26596,8711000357484,,LOr,"Café forza intensidade 9, 10 cápsulas",,4.39,4.39,10,,€/Unidade,,,https://driveimg1.intermarche.com/pt/Content/images/boitmal/produit/zoom/5ACC49F694F43D6040AB862115E73E50.jpg,,,,,,,2025-08-20T23:59:59.999999999+01:00,PROSPECTUS,11,3
2776,8410168195586,85.0,Purina Gourmet,"Comida húmida para gato mousse com frango, embalagem de 90g",,0.87,10.24,0,kg,€/Kg,,,https://driveimg1.intermarche.com/pt/Content/images/boitmal/produit/zoom/AD2543EBC7042F310644AC95CA7E3983.jpg,,,,,,,2025-08-20T23:59:59.999999999+01:00,PROSPECTUS,11,3
28063,5603722516726,130.0,Primor,Manteiga s/ lactose,Embalagem de 130g,1.88,14.46,0,kg,€/Kg,,Produtos Bio,https://driveimg1.intermarche.com/pt/Content/images/boitmal/produit/zoom/34F1B20CE191519273B27FBF452F5B33.jpg,,,,,,,2025-08-20T23:59:59.999999999+01:00,PROSPECTUS,11,3
284,0000080393320,85.0,Purina Gourmet,"Comida húmida para gato mousse com vaca, embalagem de 90g",,0.87,10.24,0,kg,€/Kg,,,https://driveimg1.intermarche.com/pt/Content/images/boitmal/produit/zoom/999600DE38174FC22F21A586B409CFE0.jpg,,,,,,,2025-08-20T23:59:59.999999999+01:00,PROSPECTUS,11,3
29355,8718951202795,500.0,Palmolive,"Gel de banho natural leite oliva, 500 ml",,2.69,5.38,500,L,€/L,,,https://driveimg1.intermarche.com/pt/Content/images/boitmal/produit/zoom/2257B865CA98C1B1D0FBBF003E4636F9.jpg,,,,,,,2025-08-20T23:59:59.999999999+01:00,PROSPECTUS,11,3
29630,5605564000081,360.0,Carne Sorraia,"Salsicha para churrasco picante, embalagem 360g",,2.69,7.47,0,kg,€/Kg,,,https://driveimg1.intermarche.com/pt/Content/images/boitmal/produit/zoom/69253AD98C58BD3765EC1594C189455D.jpg,,,,,,,2025-08-20T23:59:59.999999999+01:00,PROSPECTUS,11,3
30713,8714100637562,330.0,Magnum,"Magnum mini intense dark 70%, embalagem de 6 x 55 ml",,4.49,13.61,330,L,€/L,,Tipo de stockagem,https://driveimg1.intermarche.com/pt/Content/images/boitmal/produit/zoom/B6FEDC1DE92C93F96A9F10C84FBE1B5A.jpg,https://driveimg1.intermarche.com/pt/Content/images/boitmal/produit/zoom/D57F829433EB7CA6987F1C9E83A03E1B.jpg,https://driveimg1.intermarche.com/pt/Content/images/boitmal/produit/zoom/D57F829433EB7CA6987F1C9E83A03E1B.jpg,https://driveimg1.intermarche.com/pt/Content/images/boitmal/produit/zoom/D57F829433EB7CA6987F1C9E83A03E1B.jpg,,,,2025-08-20T23:59:59.999999999+01:00,PROSPECTUS,11,3
31576,8008698024188,250.0,Schar,Schär pão rústico fatiado sem glúten,Embalagem de 250g,2.99,11.96,0,kg,€/Kg,,,https://driveimg1.intermarche.com/pt/Content/images/boitmal/produit/zoom/B45C3E3B1D2C6ED89028C1D52D629213.jpg,,,,,,,2025-08-20T23:59:59.999999999+01:00,PROSPECTUS,11,3
33351,7322541032580,,Colhogar,"Rolo cozinha meia folha adapt, 2 rolos",,1.79,1.79,2,,€/Unidade,,,https://driveimg1.intermarche.com/pt/Content/images/boitmal/produit/zoom/5E388029B5FF37CBD8CE5390E1D216B8.jpg,,,,,,,2025-08-20T23:59:59.999999999+01:00,PROSPECTUS,11,3
35097,8711327315600,440.0,Magnum,"Gelado de chocolate branco e cookies, embalagem de 440 ml",,3.99,9.07,440,L,€/L,,Tipo de stockagem,https://driveimg1.intermarche.com/pt/Content/images/boitmal/produit/zoom/744EDC15FD38572D44883AF2941B2FB8.jpg,https://driveimg1.intermarche.com/pt/Content/images/boitmal/produit/zoom/053F7BCDF3B5574D77DAE8E6E99DA348.jpg,https://driveimg1.intermarche.com/pt/Content/images/boitmal/produit/zoom/053F7BCDF3B5574D77DAE8E6E99DA348.jpg,https://driveimg1.intermarche.com/pt/Content/images/boitmal/produit/zoom/053F7BCDF3B5574D77DAE8E6E99DA348.jpg,,,,2025-08-20T23:59:59.999999999+01:00,PROSPECTUS,11,3
35849,5601050035353,440.0,Danone,"Iogurte oikos cheesecake de mirtilo, embalagem de 4 x 110g",,2.09,4.75,0,kg,€/Kg,,,https://driveimg1.intermarche.com/pt/Content/images/boitmal/produit/zoom/4A1EC89AAD14F77718D5CC67F571432A.jpg,,,,,,,2025-08-20T23:59:59.999999999+01:00,PROSPECTUS,11,3
36627,5604260294398,1000.0,PorSi,Arroz Vaporizado 1000G,,1.35,1.35,0,kg,€/Kg,,,https://driveimg1.intermarche.com/pt/Content/images/boitmal/produit/zoom/C0D560042F7DB18E737B2402604E7AC3.jpg,,,,,,,2025-08-20T23:59:59.999999999+01:00,PROSPECTUS,11,3
36720,5604260297085,200.0,PorSi,Queijo Emmental Fatiado 200G,,1.99,9.95,0,kg,€/Kg,,,https://driveimg1.intermarche.com/pt/Content/images/boitmal/produit/zoom/BA0A87F04A4C599600AD574D86B69CA5.jpg,,,,,,,2025-08-20T23:59:59.999999999+01:00,PROSPECTUS,11,3
36952,7613036862295,,Nescafé,"Café em cápsulas dolce gusto intenso, 16 cápsulas",,5.79,5.79,16,,€/Unidade,,,https://driveimg1.intermarche.com/pt/Content/images/boitmal/produit/zoom/E961429E3414F1C39643E5CB1F2C82A7.jpg,,,,,,,2025-08-20T23:59:59.999999999+01:00,PROSPECTUS,11,3
3736,3250390033714,750.0,Delagne & Fils,Champanhe bruto,"Garrafa de 0,75 l",21.99,29.32,750,L,€/L,,,https://driveimg1.intermarche.com/pt/Content/images/boitmal/produit/zoom/86B2E1A4E06CF323C8A71D94CD854840.jpg,,,,,,,2025-08-20T23:59:59.999999999+01:00,PROSPECTUS,11,3
37443,7613037040869,250.0,Nestum,"Nestum zero espelta/aveia, embalagem de 250g",,2.24,8.96,0,kg,€/Kg,,,https://driveimg1.intermarche.com/pt/Content/images/boitmal/produit/zoom/BF80E2BF1A95765256612BEC5A65D8DD.jpg,,,,,,,2025-08-20T23:59:59.999999999+01:00,PROSPECTUS,11,3
38117,5604260301980,1000.0,PorSi,Iogurte Pedaços Frutos Vermelhos 8X125G,,2.38,2.38,0,kg,€/Kg,,,https://driveimg1.intermarche.com/pt/Content/images/boitmal/produit/zoom/04EE4D5C75CA68765545171D66897583.jpg,,,,,,,2025-08-20T23:59:59.999999999+01:00,PROSPECTUS,11,3
38274,7610113007518,700.0,Bacardi,"Rum spiced, garrafa de 700 ml",,15.49,22.13,700,L,€/L,,,https://driveimg1.intermarche.com/pt/Content/images/boitmal/produit/zoom/270EEE3D99330E90A15814A60473EAA9.jpg,,,,,,,2025-08-20T23:59:59.999999999+01:00,PROSPECTUS,11,3
38312,8410104702663,,Finish,"Limpa máquinas de loiça limão, embalagem com 250 ml",,3.99,3.99,1,,€/Unidade,,,https://driveimg1.intermarche.com/pt/Content/images/boitmal/produit/zoom/543AF0EA0E513D87A0B6AA970DE2490B.jpg,,,,,,,2025-08-20T23:59:59.999999999+01:00,PROSPECTUS,11,3
38418,5411188125808,400.0,Alpro,"Yofu soja e manga sem açúcar adicionado, de 400g",,2.69,6.73,0,kg,€/Kg,,,https://driveimg1.intermarche.com/pt/Content/images/boitmal/produit/zoom/3BB622CE7FCFFFFBE1BDE445F2F172B5.jpg,,,,,,,2025-08-20T23:59:59.999999999+01:00,PROSPECTUS,11,3
38419,5411188129318,400.0,Alpro,"Yofu natural estilo skyr, embalagem de 400g",,2.54,6.35,0,kg,€/Kg,,,https://driveimg1.intermarche.com/pt/Content/images/boitmal/produit/zoom/BDF6850350FBA70EC1AD1C91E2CF4E66.jpg,https://driveimg1.intermarche.com/pt/Content/images/boitmal/produit/zoom/FBD711D42DC64D7360DF74EFEBF0E255.jpg,,,,,,2025-08-20T23:59:59.999999999+01:00,PROSPECTUS,11,3
38569,5601043111385,500.0,Espiga,"Farinha de arroz, embalagem de 500g",,0.94,1.88,0,kg,€/Kg,,,https://driveimg1.intermarche.com/pt/Content/images/boitmal/produit/zoom/28DC7EE63C94ABC2441EEA0D7A9449BD.jpg,,,,,,,2025-08-20T23:59:59.999999999+01:00,PROSPECTUS,11,3
38648,5449000195906,1000.0,Coca-Cola,"Refrigerante zero, garrafa de 1 l",,1.19,1.19,1000,L,€/L,,,https://driveimg1.intermarche.com/pt/Content/images/boitmal/produit/zoom/4A88AB6803A9F950A0FE19DD551ED58E.jpg,,,,,,,2025-08-20T23:59:59.999999999+01:00,PROSPECTUS,11,3
40604,5604260302314,2000.0,PorSi,Ice Tea Manga 2L,,1.19,0.6,2000,L,€/L,,,https://driveimg1.intermarche.com/pt/Content/images/boitmal/produit/zoom/4AC84EA3800E422D34653301FC881DDD.jpg,,,,,,,2025-08-20T23:59:59.999999999+01:00,PROSPECTUS,11,3
40767,5000116125432,1080.0,Capitão Iglo,"18 hamburguers de frango sem glúten, embalagem de 1 kg",,16.99,15.73,0,kg,€/Kg,,Tipo de stockagem,https://driveimg1.intermarche.com/pt/Content/images/boitmal/produit/zoom/0B8F847393DDA3DEECAF6499077AA6F1.jpg,,,,,,,2025-08-20T23:59:59.999999999+01:00,PROSPECTUS,11,3
41189,5604260304677,250.0,PorSi,Salada Atum 250G,,2.69,10.76,0,kg,€/Kg,,,https://driveimg1.intermarche.com/pt/Content/images/boitmal/produit/zoom/F35F8787808C331D9B1F9E3E566206FD.jpg,,,,,,,2025-08-20T23:59:59.999999999+01:00,PROSPECTUS,11,3
41298,5601050036541,440.0,Danone,"Iogurte oikos natural,  4 x 110g",,2.49,5.66,0,kg,€/Kg,,,https://driveimg1.intermarche.com/pt/Content/images/boitmal/produit/zoom/100CC1C1966D7A85865BF44E424F358B.jpg,,,,,,,2025-08-20T23:59:59.999999999+01:00,PROSPECTUS,11,3
41302,5601050036558,440.0,Danone,"Iogurte oikos natural açucarado, embalagem de 4 x 110g",,2.49,5.66,0,kg,€/Kg,,,https://driveimg1.intermarche.com/pt/Content/images/boitmal/produit/zoom/EF9CBAC3BDE3B09B251B8011D3C6F904.jpg,,,,,,,2025-08-20T23:59:59.999999999+01:00,PROSPECTUS,11,3
41581,5601050036619,440.0,Danone,"Iogurte grego maçã e canela, 4 x 110g",,2.09,4.75,0,kg,€/Kg,,,https://driveimg1.intermarche.com/pt/Content/images/boitmal/produit/zoom/069FA6355B7D02BF816E598F365E6B99.jpg,,,,,,,2025-08-20T23:59:59.999999999+01:00,PROSPECTUS,11,3
41640,5604260301737,540.0,PorSi,Feijão encarnado em frasco,frasco de 540 g,0.89,1.65,0,kg,€/Kg,,,https://driveimg1.intermarche.com/pt/Content/images/boitmal/produit/zoom/C91F959C8FD02C2055DD0A1A4950A458.jpg,,,,,,,2025-08-20T23:59:59.999999999+01:00,PROSPECTUS,11,3
42026,5604260309146,165.0,PorSi,Ambientador Vela Maça/Canela 165Gr,,2.29,13.88,0,kg,€/Kg,,,https://driveimg1.intermarche.com/pt/Content/images/boitmal/produit/zoom/9CF0BFFA1EDFD68C41921BE3AEF0FFDD.jpg,,,,,,,2025-08-20T23:59:59.999999999+01:00,PROSPECTUS,11,3
42763,5604260296248,400.0,PorSi,Colosse Nougat/Caramel 4X100Ml,,3.99,9.98,400,L,€/L,,Tipo de stockagem,https://driveimg1.intermarche.com/pt/Content/images/boitmal/produit/zoom/3CD848B221A5CAA5671AE4436743EEBA.jpg,,,,,,,2025-08-20T23:59:59.999999999+01:00,PROSPECTUS,11,3
42777,5604260307159,250.0,PorSi,Farinheira Do Fundao 250G,,2.19,8.76,0,kg,€/Kg,,,https://driveimg1.intermarche.com/pt/Content/images/boitmal/produit/zoom/AE100699EBB2063DCA1EEE97793A4DD8.jpg,,,,,,,2025-08-20T23:59:59.999999999+01:00,PROSPECTUS,11,3
43131,5601050036763,120.0,Danone,"Mars m&ms x1 van-milk choc,  120g",,0.99,8.25,0,kg,€/Kg,,,https://driveimg1.intermarche.com/pt/Content/images/boitmal/produit/zoom/2D97E1974627567FC4FBE4D8D8085C93.jpg,,,,,,,2025-08-20T23:59:59.999999999+01:00,PROSPECTUS,11,3
43316,8711000470961,,LOr,"Café barista, 10 cápsulas",,4.39,4.39,10,,€/Unidade,,,https://driveimg1.intermarche.com/pt/Content/images/boitmal/produit/zoom/E072038BF4C10BF71BF3C7D074D004A0.jpg,,,,,,,2025-08-20T23:59:59.999999999+01:00,PROSPECTUS,11,3
43374,5604260307166,250.0,PorSi,Morcela Assar Fundao 250G,,2.29,9.16,0,kg,€/Kg,,,https://driveimg1.intermarche.com/pt/Content/images/boitmal/produit/zoom/A6811FFD06B5A9C3E2DC28983E04EF86.jpg,https://driveimg1.intermarche.com/pt/Content/images/boitmal/produit/zoom/18CE59FFC257102F97438AA54E07B2CC.jpg,https://driveimg1.intermarche.com/pt/Content/images/boitmal/produit/zoom/18CE59FFC257102F97438AA54E07B2CC.jpg,https://driveimg1.intermarche.com/pt/Content/images/boitmal/produit/zoom/18CE59FFC257102F97438AA54E07B2CC.jpg,https://driveimg1.intermarche.com/pt/Content/images/boitmal/produit/zoom/18CE59FFC257102F97438AA54E07B2CC.jpg,,,2025-08-20T23:59:59.999999999+01:00,PROSPECTUS,11,3
43497,5604260308279,330.0,PorSi Bio,Doce De Mirtilo Bio 330G,,2.59,7.85,0,kg,€/Kg,,,https://driveimg1.intermarche.com/pt/Content/images/boitmal/produit/zoom/5EA5873264153537B87846B715FE4331.jpg,https://driveimg1.intermarche.com/pt/Content/images/boitmal/produit/zoom/2BD37020BBEC2C78C706D9AC2A8260BE.jpg,https://driveimg1.intermarche.com/pt/Content/images/boitmal/produit/zoom/2BD37020BBEC2C78C706D9AC2A8260BE.jpg,https://driveimg1.intermarche.com/pt/Content/images/boitmal/produit/zoom/2BD37020BBEC2C78C706D9AC2A8260BE.jpg,https://driveimg1.intermarche.com/pt/Content/images/boitmal/produit/zoom/2BD37020BBEC2C78C706D9AC2A8260BE.jpg,https://driveimg1.intermarche.com/pt/Content/images/boitmal/produit/zoom/2BD37020BBEC2C78C706D9AC2A8260BE.jpg,,2025-08-20T23:59:59.999999999+01:00,PROSPECTUS,11,3
44241,5601050036886,120.0,Danone,"Iogrute twix, embalagem de 120g",,0.99,8.25,0,kg,€/Kg,,,https://driveimg1.intermarche.com/pt/Content/images/boitmal/produit/zoom/E4E89664DF24BCB428B25457942D3E4C.jpg,,,,,,,2025-08-20T23:59:59.999999999+01:00,PROSPECTUS,11,3
44642,8410199021168,140.0,Doritos,"Snack de milho com sabor chilli, 140g",,1.39,9.93,0,kg,€/Kg,,,https://driveimg1.intermarche.com/pt/Content/images/boitmal/produit/zoom/4BF0B752BBDEC2A3E78C82178EA88929.jpg,,,,,,,2025-08-20T23:59:59.999999999+01:00,PROSPECTUS,11,3
44916,8711327480438,440.0,Magnum,"Gelado double gold caramel billionaire, embalagem de 440 ml",,3.99,9.07,440,L,€/L,,Tipo de stockagem,https://driveimg1.intermarche.com/pt/Content/images/boitmal/produit/zoom/7C07DC9914F4DA381F8A8A6ECD5557A3.jpg,,,,,,,2025-08-20T23:59:59.999999999+01:00,PROSPECTUS,11,3
44933,7613287343758,,Nescafé,"Ndg café espresso intenso 16 capsulas, embalagem de 112g",,5.39,5.39,16,,€/Unidade,,,https://driveimg1.intermarche.com/pt/Content/images/boitmal/produit/zoom/1B8D48DC222AD13301B58C2D365D1671.jpg,,,,,,,2025-08-20T23:59:59.999999999+01:00,PROSPECTUS,11,3
44950,5604260312276,500.0,PorSi,Bolacha De Cacau Com Recheio Sabor Chocolate 500G,,1.99,3.98,0,kg,€/Kg,,,https://driveimg1.intermarche.com/pt/Content/images/boitmal/produit/zoom/747A4C6929B24B849D3F32DE079D4281.jpg,,,,,,,2025-08-20T23:59:59.999999999+01:00,PROSPECTUS,11,3
44990,7322541026848,,Colhogar,"Rolo cozinha triplo paratodo xxl, 2 rolos",,3.17,3.17,2,,€/Unidade,,,https://driveimg1.intermarche.com/pt/Content/images/boitmal/produit/zoom/C820BF656F7D42796539B89B863B122A.jpg,https://driveimg1.intermarche.com/pt/Content/images/boitmal/produit/zoom/2B7AD8D6CD5BB54DA1DC03B5F6953530.jpg,https://driveimg1.intermarche.com/pt/Content/images/boitmal/produit/zoom/BA9A9842B33D880069747176D03EE4CC.jpg,https://driveimg1.intermarche.com/pt/Content/images/boitmal/produit/zoom/77C8E3D2B0E2D086C638FAA7D2B55F8B.jpg,,,,2025-08-20T23:59:59.999999999+01:00,PROSPECTUS,11,3
45047,5604260313129,250.0,PorSi,Recarga Ambientador Automatico Lavanda 250Ml,,1.89,7.56,250,L,€/L,,,https://driveimg1.intermarche.com/pt/Content/images/boitmal/produit/zoom/78EC89BB1B16F3E05CFBCB9BF025935E.jpg,,,,,,,2025-08-20T23:59:59.999999999+01:00,PROSPECTUS,11,3
45218,5600801216485,5000.0,BBQ Lovers,"Saco Carvão Vegetal Cuba Marabu, 5 kg",,6.99,1.4,0,kg,€/Kg,,,https://driveimg1.intermarche.com/pt/Content/images/boitmal/produit/zoom/ED1DC4B7FDAE0BC6FB4FCD0DE714B3EE.jpg,,,,,,,2025-08-20T23:59:59.999999999+01:00,PROSPECTUS,11,3
45233,5029053550039,,Huggies,"Toalhitas de bebé pure, 56 un.",,1.48,1.48,0,,€/Unidade,,,https://driveimg1.intermarche.com/pt/Content/images/boitmal/produit/zoom/09F832DD7F20F6F7A524F7A20085B262.jpg,,,,,,,2025-08-20T23:59:59.999999999+01:00,PROSPECTUS,11,3
45637,5604260315109,320.0,PorSi,Salada De Massa E Rúcula 320 G,,2.69,8.41,0,kg,€/Kg,,,https://driveimg1.intermarche.com/pt/Content/images/boitmal/produit/zoom/5B238B83C4396880DFFDD6BC42BFA69C.jpg,,,,,,,2025-08-20T23:59:59.999999999+01:00,PROSPECTUS,11,3
45676,5604260311842,270.0,PorSi,Mini Pizzas Fiamb.Quei 9X30G,,2.59,9.59,0,kg,€/Kg,,Tipo de stockagem,https://driveimg1.intermarche.com/pt/Content/images/boitmal/produit/zoom/949352424C00CEF029FA6FF8D6E752FE.jpg,,,,,,,2025-08-20T23:59:59.999999999+01:00,PROSPECTUS,11,3
45688,5604260312993,300.0,PorSi,Ambientador Aerossol 5Em1 Frescura De Agua 300Ml,,0.99,3.3,300,L,€/L,,,https://driveimg1.intermarche.com/pt/Content/images/boitmal/produit/zoom/6888F0466473022F29EDE2904358A192.jpg,,,,,,,2025-08-20T23:59:59.999999999+01:00,PROSPECTUS,11,3
45689,5604260313006,300.0,PorSi,Ambientador Aerossol 5Em1 Flor De Laranjeira 300Ml,,0.99,3.3,300,L,€/L,,,https://driveimg1.intermarche.com/pt/Content/images/boitmal/produit/zoom/E1F03167637228D4720F79808CEBA654.jpg,,,,,,,2025-08-20T23:59:59.999999999+01:00,PROSPECTUS,11,3
46185,5601050037203,440.0,Danone,"Iogurte oikos coco, embalagem de 4 x 110g",,2.09,4.75,0,kg,€/Kg,,,https://driveimg1.intermarche.com/pt/Content/images/boitmal/produit/zoom/61327B54ADC5403B46177C1EF4A095FB.jpg,,,,,,,2025-08-20T23:59:59.999999999+01:00,PROSPECTUS,11,3
46517,5000204208917,750.0,Pato,"Líquido sanitário ação total pinho, 750 ml",,1.94,2.59,750,L,€/L,,,https://driveimg1.intermarche.com/pt/Content/images/boitmal/produit/zoom/08C17A1F547C898E2E6E9CBB3441BB2A.jpg,,,,,,,2025-08-20T23:59:59.999999999+01:00,PROSPECTUS,11,3
46605,5604260315444,300.0,PorSi,Bolinhas Alheira Forno 300G,,2.99,9.97,0,kg,€/Kg,,Tipo de stockagem,https://driveimg1.intermarche.com/pt/Content/images/boitmal/produit/zoom/11FF08180BA0A621FBAEA09571C036F6.jpg,,,,,,,2025-08-20T23:59:59.999999999+01:00,PROSPECTUS,11,3
46842,5604260315420,400.0,PorSi,Rissois Camarao Forno 400G,,2.99,7.48,0,kg,€/Kg,,Tipo de stockagem,https://driveimg1.intermarche.com/pt/Content/images/boitmal/produit/zoom/9D9F0E303C36E9AAACBD43837D3519A9.jpg,,,,,,,2025-08-20T23:59:59.999999999+01:00,PROSPECTUS,11,3
4734,5000204678840,50.0,Pato,"Bloco sanitário, automático, água azul",Embalagem de 2x50 g,2.49,49.8,0,kg,€/Kg,,,https://driveimg1.intermarche.com/pt/Content/images/boitmal/produit/zoom/FFF052ED8D335191AD778149C1D6A51C.jpg,,,,,,,2025-08-20T23:59:59.999999999+01:00,PROSPECTUS,11,3
47661,5603722496981,800.0,Mimosa,"Leite infantil 1 a 3 anos, 4 x 200 ml",,1.88,2.35,800,L,€/L,,,https://driveimg1.intermarche.com/pt/Content/images/boitmal/produit/zoom/1D994EB1FEC01E1F16838498F3D2095C.jpg,,,,,,,2025-08-20T23:59:59.999999999+01:00,PROSPECTUS,11,3
477,3010470159051,2000.0,Friskies,"Ração para gato adulto com coelho, frango e legumes",Embalagem de 2kg,6.65,3.33,0,kg,€/Kg,,,https://driveimg1.intermarche.com/pt/Content/images/boitmal/produit/zoom/7DEEDCA72B128992156D55C0C8DE0876.jpg,,,,,,,2025-08-20T23:59:59.999999999+01:00,PROSPECTUS,11,4
47754,8006540429631,,Evax,Pensos Higiénicos Cottonlike Super Plus com Abas,20 unidades,4.24,4.24,0,,€/Unidade,,,https://driveimg1.intermarche.com/pt/Content/images/boitmal/produit/zoom/20602C6C8491E620AFF9DD0AD1B3D317.jpg,,,,,,,2025-08-20T23:59:59.999999999+01:00,PROSPECTUS,11,4
4785,5000396036138,218.0,McVities,"Bolachas fruit & forma, maçã e canela, embalagem de 220g",,1.99,9.13,0,kg,€/Kg,,,https://driveimg1.intermarche.com/pt/Content/images/boitmal/produit/zoom/4769CC9B7DCE0DA17354265C7FF7343C.jpg,,,,,,,2025-08-20T23:59:59.999999999+01:00,PROSPECTUS,11,4
48067,5604260320981,,PorSi,Pensos Incontinência Men - 10 Unidades Dispositivo Médico,,1.95,1.95,0,,€/Unidade,,,https://driveimg1.intermarche.com/pt/Content/images/boitmal/produit/zoom/42AFCBF756E664D8CC793C3ABD41743D.jpg,,,,,,,2025-08-20T23:59:59.999999999+01:00,PROSPECTUS,11,4
48157,5604260321261,1000.0,Porsi Vivabem,Bebida De Soja 0% Açúcares Adicionados 1L,,0.79,0.79,1000,L,€/L,,,https://driveimg1.intermarche.com/pt/Content/images/boitmal/produit/zoom/7C840C9AA80A8A587DE7E0362CD9F3E4.jpg,,,,,,,2025-08-20T23:59:59.999999999+01:00,PROSPECTUS,11,4
48471,7613035442504,85.0,Purina Gourmet,"Comida húmida gato tartelette com carne de vaca e tomate, 85g",,0.87,10.24,0,kg,€/Kg,,,https://driveimg1.intermarche.com/pt/Content/images/boitmal/produit/zoom/EA678A538E8720908A34BC34C44875CF.jpg,,,,,,,2025-08-20T23:59:59.999999999+01:00,PROSPECTUS,11,4
48472,7613035442535,85.0,Purina Gourmet,"Comida húmida gato tartelette com carne de frango/cenoura, 85g",,0.87,10.24,0,kg,€/Kg,,,https://driveimg1.intermarche.com/pt/Content/images/boitmal/produit/zoom/FE2BFA3A67FA184C824076A0562D4232.jpg,,,,,,,2025-08-20T23:59:59.999999999+01:00,PROSPECTUS,11,4
48473,7613036226868,85.0,Purina Gourmet,"Comida húmida gato fondant frango, 85g",,0.87,10.24,0,kg,€/Kg,,,https://driveimg1.intermarche.com/pt/Content/images/boitmal/produit/zoom/074F76544249F751DC1D7D13566965F8.jpg,,,,,,,2025-08-20T23:59:59.999999999+01:00,PROSPECTUS,11,4
48474,7613036227124,85.0,Purina Gourmet,"Comida húmida gato fondant atum, 85g",,0.87,10.24,0,kg,€/Kg,,,https://driveimg1.intermarche.com/pt/Content/images/boitmal/produit/zoom/74EB0F4476A21CF0446AFE5C5B1EBE75.jpg,,,,,,,2025-08-20T23:59:59.999999999+01:00,PROSPECTUS,11,4
4867,5410041472509,100.0,Tuc,Bolachas cream & onion,Embalagem de 100g,1.04,10.4,0,kg,€/Kg,,,https://driveimg1.intermarche.com/pt/Content/images/boitmal/produit/zoom/C2295774E4587CC2EFD25EAE1F8DEF19.jpg,,,,,,,2025-08-20T23:59:59.999999999+01:00,PROSPECTUS,11,4
48781,8410199023063,150.0,LayS,"Batatas fritas queijo e cebola, 150g",,1.44,9.6,0,kg,€/Kg,,,https://driveimg1.intermarche.com/pt/Content/images/boitmal/produit/zoom/94BA49693C985F27B360418799F67C63.jpg,,,,,,,2025-08-20T23:59:59.999999999+01:00,PROSPECTUS,11,4
49401,5411188133759,400.0,Alpro,"Soja ananás maracujá sem açúcar, de 400g",,2.69,6.73,0,kg,€/Kg,,,https://driveimg1.intermarche.com/pt/Content/images/boitmal/produit/zoom/6CB78C52A4573023DA315831A2A03ACB.jpg,,,,,,,2025-08-20T23:59:59.999999999+01:00,PROSPECTUS,11,4
49458,5603722505829,800.0,Mimosa,"Leite com chocolate bem especial 0% lactose, pack 4 x 200 ml",,1.99,2.49,800,L,€/L,,,https://driveimg1.intermarche.com/pt/Content/images/boitmal/produit/zoom/E21E53C8EBF058C15C2446BB9FC00A4B.jpg,,,,,,,2025-08-20T23:59:59.999999999+01:00,PROSPECTUS,11,4
49460,7613287300362,99.0,Nescafé,Café Buondi Intensidade 8,16 cápsulas,5.39,54.44,0,kg,€/Kg,,,https://driveimg1.intermarche.com/pt/Content/images/boitmal/produit/zoom/E4BCDB4A1998B45DA9767B093A961A1E.jpg,,,,,,,2025-08-20T23:59:59.999999999+01:00,PROSPECTUS,11,4
4947,5449000054227,1000.0,Coca-Cola,"Refrigerante com Gás Cola, 1L",,1.35,1.35,1000,L,€/L,,,https://driveimg1.intermarche.com/pt/Content/images/boitmal/produit/zoom/3281D4D34500D6DBD7784B7DAA420E55.jpg,,,,,,,2025-08-20T23:59:59.999999999+01:00,PROSPECTUS,11,4
49730,5601151968574,1500.0,B!,Sumo maracujá de 1.5 l,,1.29,0.86,1500,L,€/L,,,https://driveimg1.intermarche.com/pt/Content/images/boitmal/produit/zoom/D471B15D4B18DF054FCF4E0F25DA8D23.jpg,https://driveimg1.intermarche.com/pt/Content/images/boitmal/produit/zoom/48964AEE0FDBEDF349365603C964A160.jpg,,,,,,2025-08-20T23:59:59.999999999+01:00,PROSPECTUS,11,4
49774,8445290218018,90.0,Gerber,"Nutrição infantil bio pera, maçã e banana, 90g",,0.89,9.89,0,kg,€/Kg,,,https://driveimg1.intermarche.com/pt/Content/images/boitmal/produit/zoom/B421D75A282E6244E7D672186B792D85.jpg,,,,,,,2025-08-20T23:59:59.999999999+01:00,PROSPECTUS,11,4
49775,8445290217240,90.0,Gerber,"Nutrição infantil manga bio, 90g",,0.89,9.89,0,kg,€/Kg,,,https://driveimg1.intermarche.com/pt/Content/images/boitmal/produit/zoom/34F2B4E83940FFE495C18EAECEE39019.jpg,,,,,,,2025-08-20T23:59:59.999999999+01:00,PROSPECTUS,11,4
50290,5029053568706,,Huggies,Toalhitas Pure Extra Care,56 unidades,1.74,1.74,0,,€/Unidade,,,https://driveimg1.intermarche.com/pt/Content/images/boitmal/produit/zoom/4932E420D85E15A463297F1C8DE18138.jpg,,,,,,,2025-08-20T23:59:59.999999999+01:00,PROSPECTUS,11,4
50378,7613031300655,375.0,Nestlé,"Cereais Nestlé Multicheerios, 375g",,4.79,12.77,0,kg,€/Kg,,,https://driveimg1.intermarche.com/pt/Content/images/boitmal/produit/zoom/8274ECF7D20252BA262D6F0987D5E737.jpg,,,,,,,2025-08-20T23:59:59.999999999+01:00,PROSPECTUS,11,4
50386,8445290290014,30.0,Maggi,"Molho suculento frango no forno com alho e cebola em saqueta, 30g",,0.89,29.67,0,kg,€/Kg,,,https://driveimg1.intermarche.com/pt/Content/images/boitmal/produit/zoom/0DEECC66FD9482A59A0436C06913C5D2.jpg,,,,,,,2025-08-20T23:59:59.999999999+01:00,PROSPECTUS,11,4
50472,5601517392395,250.0,Paladin,Molho poke bowl paladin 250ml,,1.69,6.76,250,L,€/L,,,https://driveimg1.intermarche.com/pt/Content/images/boitmal/produit/zoom/C0F98D672B9BFDAC3F3EF42FB21DA323.jpg,,,,,,,2025-08-20T23:59:59.999999999+01:00,PROSPECTUS,11,4
50520,8001841811888,75.0,Oral B,Pasta de Dentes Pro-Expert Frescura Saudável,Embalagem de 75 ml,3.19,42.53,75,L,€/L,,,https://driveimg1.intermarche.com/pt/Content/images/boitmal/produit/zoom/5DF51772C9913148D6D3869855E3AB2F.jpg,,,,,,,2025-08-20T23:59:59.999999999+01:00,PROSPECTUS,11,4
50650,7613037931136,,Nescafé,"Dolce gusto café espresso, 16 cápsulas",,5.79,5.79,0,,€/Unidade,,,https://driveimg1.intermarche.com/pt/Content/images/boitmal/produit/zoom/19F9709402D4C6E77478C8E2C8BD6986.jpg,,,,,,,2025-08-20T23:59:59.999999999+01:00,PROSPECTUS,11,4
5095,5601050026405,300.0,Danone,"Queijinho dadoninho petitdino de morango, embalagem de 6 x 50g",,1.99,6.63,0,kg,€/Kg,,,https://driveimg1.intermarche.com/pt/Content/images/boitmal/produit/zoom/285FD05A8135D405134AF6FB325A781F.jpg,,,,,,,2025-08-20T23:59:59.999999999+01:00,PROSPECTUS,11,4
5096,5601050026429,300.0,Danonino Danone,"Queijinho danonino petitdino de morango/banana, embalagem de 6 x 50g",,1.79,5.97,0,kg,€/Kg,,,https://driveimg1.intermarche.com/pt/Content/images/boitmal/produit/zoom/FA8D1A9125B498992C62B9745CC5DD3D.jpg,,,,,,,2025-08-20T23:59:59.999999999+01:00,PROSPECTUS,11,4
51045,8410436430333,,Persil,Detergente máquina roupa 4 em 1 cores,40 cápsulas,9.99,9.99,0,,€/Unidade,,,https://driveimg1.intermarche.com/pt/Content/images/boitmal/produit/zoom/A4CD99179E6F027B25DC7D76AB24FFD6.jpg,,,,,,,2025-08-20T23:59:59.999999999+01:00,PROSPECTUS,11,4
51193,5604260326600,250.0,PorSi,Salsichas Aves Frasco 5 Unidades,,1.99,7.96,0,kg,€/Kg,,,https://driveimg1.intermarche.com/pt/Content/images/boitmal/produit/zoom/582F87EA10C6A75DF73AA4042F86632B.jpg,,,,,,,2025-08-20T23:59:59.999999999+01:00,PROSPECTUS,11,4
51382,8434165608030,150.0,Cuétara,Cuetara marinheiros classicas  *9,Embalagem de 150g,1.59,10.6,0,kg,€/Kg,,,https://driveimg1.intermarche.com/pt/Content/images/boitmal/produit/zoom/3333EEF869CDC53A2CB138941A0845C5.jpg,,,,,,,2025-08-20T23:59:59.999999999+01:00,PROSPECTUS,11,4
51534,8410436440417,3250.0,Persil,Detergente máquina roupa sabão azul e branco,60 doses,7.99,2.46,3250,L,€/L,,,https://driveimg1.intermarche.com/pt/Content/images/boitmal/produit/zoom/36A69498B8B31273B175385CED7E9CCC.jpg,,,,,,,2025-08-20T23:59:59.999999999+01:00,PROSPECTUS,11,4
5160,5601110130134,750.0,Lagosta,"Vinho verde bordaleza, garrafa de 750 ml",,3.19,4.25,750,L,€/L,,,https://driveimg1.intermarche.com/pt/Content/images/boitmal/produit/zoom/DDC5DDD846FB70AC901BC650034CE550.jpg,,,,,,,2025-08-20T23:59:59.999999999+01:00,PROSPECTUS,11,4
51608,8006540830918,820.0,Fairy,Detergente Líquido p/ Lavar Loiça Limão,Embalagem de 820 ml,3.99,4.87,820,L,€/L,,,https://driveimg1.intermarche.com/pt/Content/images/boitmal/produit/zoom/F542477DBDEED3AD6C2F55650254DA51.jpg,,,,,,,2025-08-20T23:59:59.999999999+01:00,PROSPECTUS,11,4
51751,8720181338502,435.0,Cif,"Spray remove bolores, 435 ml",,2.49,5.72,435,L,€/L,,,https://driveimg1.intermarche.com/pt/Content/images/boitmal/produit/zoom/380C503403FDBF9BBCD37132FDE8F56E.jpg,,,,,,,2025-08-20T23:59:59.999999999+01:00,PROSPECTUS,11,4
51817,4005900388490,50.0,Nivea Men,"Dry impact roll-on, garrafa de 50 ml",,2.14,42.8,50,L,€/L,,,https://driveimg1.intermarche.com/pt/Content/images/boitmal/produit/zoom/9D45D8ABB34593B7E4AAB921902B9CEE.jpg,,,,,,,2025-08-20T23:59:59.999999999+01:00,PROSPECTUS,11,4
51895,8719200253407,225.0,Planta,"Creme vegetal para barrar original, 225g",,1.79,7.96,0,kg,€/Kg,,,https://driveimg1.intermarche.com/pt/Content/images/boitmal/produit/zoom/7E61C083BAEE72DB01F9769D3518098F.jpg,,,,,,,2025-08-20T23:59:59.999999999+01:00,PROSPECTUS,11,4
51896,8719200253377,400.0,Planta,"Creme vegetal para barrar original, 400g",,2.54,6.35,0,kg,€/Kg,,,https://driveimg1.intermarche.com/pt/Content/images/boitmal/produit/zoom/0265DFAAA6CC23B5D28B5523E860ECEF.jpg,,,,,,,2025-08-20T23:59:59.999999999+01:00,PROSPECTUS,11,4
51927,4005900911537,270.0,Nivea Sun,Protetor Solar Kids Protect & Care FP50+,Garrafa de 270 ml,13.09,48.48,270,L,€/L,,,https://driveimg1.intermarche.com/pt/Content/images/boitmal/produit/zoom/2E4EE1C705CB99B62BE77F8737D9B28F.jpg,,,,,,,2025-08-20T23:59:59.999999999+01:00,PROSPECTUS,11,4
51944,5900020042514,300.0,Nestlé,"Cereais chocapic crunchy brownie, 300 g",,2.99,9.97,0,kg,€/Kg,,,https://driveimg1.intermarche.com/pt/Content/images/boitmal/produit/zoom/25B9E4C171EF4A838F85BA0E9113CFD5.jpg,,,,,,,2025-08-20T23:59:59.999999999+01:00,PROSPECTUS,11,4
52577,8445290830609,,Nescafé,"Café descafeinado sical intensidade 5, 16 cápsulas",,5.39,5.39,16,,€/Unidade,,,https://driveimg1.intermarche.com/pt/Content/images/boitmal/produit/zoom/9751EE6592A3E7106D0A646390D853FA.jpg,,,,,,,2025-08-20T23:59:59.999999999+01:00,PROSPECTUS,11,4
52848,8410063094564,1000.0,Pescanova,"Nuggets pescada sem glúten, 1 kg",,7.49,7.49,0,kg,€/Kg,,Tipo de stockagem,https://driveimg1.intermarche.com/pt/Content/images/boitmal/produit/zoom/5276D77CD9BBF475970EE1C857741542.jpg,https://driveimg1.intermarche.com/pt/Content/images/boitmal/produit/zoom/16DCF1CA65B81C53FF13A02B354ADA88.jpg,https://driveimg1.intermarche.com/pt/Content/images/boitmal/produit/zoom/16DCF1CA65B81C53FF13A02B354ADA88.jpg,https://driveimg1.intermarche.com/pt/Content/images/boitmal/produit/zoom/16DCF1CA65B81C53FF13A02B354ADA88.jpg,,,,2025-08-20T23:59:59.999999999+01:00,PROSPECTUS,11,4
53021,8445290502476,85.0,Purina Gourmet,"Comida Húmida para Gato Delícias Suculentas Frango, 85g",,0.87,10.24,0,kg,€/Kg,,,https://driveimg1.intermarche.com/pt/Content/images/boitmal/produit/zoom/3A51A0F14BC4724833E1E109F79F3E4E.jpg,https://driveimg1.intermarche.com/pt/Content/images/boitmal/produit/zoom/DF2FEBDB05BF47D3015BFCA5E9C4EC1B.jpg,https://driveimg1.intermarche.com/pt/Content/images/boitmal/produit/zoom/DF2FEBDB05BF47D3015BFCA5E9C4EC1B.jpg,,,,,2025-08-20T23:59:59.999999999+01:00,PROSPECTUS,11,4
53022,8445290502490,85.0,Purina Gourmet,"Comida Húmida para Gato Delícias Suculentas Peixe, 85g",,0.87,10.24,0,kg,€/Kg,,,https://driveimg1.intermarche.com/pt/Content/images/boitmal/produit/zoom/74BCC173AD7328B601FA910CCCEC8560.jpg,https://driveimg1.intermarche.com/pt/Content/images/boitmal/produit/zoom/FA365B85872BF39268AE03B4C04E8717.jpg,https://driveimg1.intermarche.com/pt/Content/images/boitmal/produit/zoom/FA365B85872BF39268AE03B4C04E8717.jpg,,,,,2025-08-20T23:59:59.999999999+01:00,PROSPECTUS,11,4
