identifier,produitEan13,capacite,marque,libelle,conditionnement,prix,unitPrice,volume,typeProduit_uniteByCode,unit_value,pictogrammes_0,pictogrammes_libelleCategorie,images_0,images_1,images_2,images_3,avantages_dateFin,avantages_categorie,nro_paginas,page,images_4,images_5,images_6
15125,2895006000000,150.0,Terra Nostra,Queijo Flamengo em Barra,1 un = 150 gr (aprox.),1.39,9.29,0,,€/Kg,,,https://driveimg1.intermarche.com/pt/Content/images/boitmal/produit/zoom/BF84618CA37316EE2612494B15F423CC.jpg,,,,2025-03-05T23:59:59.999999999Z,PROSPECTUS,12,1,,,
8383,5601049132995,1000.0,Mimosa,"Leite uht meio gordo, embalagem de 1litro",,0.89,0.89,1000,L,€/L,,,https://driveimg1.intermarche.com/pt/Content/images/boitmal/produit/zoom/6FB52C843F677BD37D399D45BB10B38B.jpg,https://driveimg1.intermarche.com/pt/Content/images/boitmal/produit/zoom/AE810093A08CEBD60415DCC626CF5804.jpg,https://driveimg1.intermarche.com/pt/Content/images/boitmal/produit/zoom/A0562293538F541B1B99592AA046327B.jpg,,2025-03-05T23:59:59.999999999Z,PROSPECTUS,12,1,,,
12972,2892040000000,1000.0,Fruta,Banana,1 un = 200 gr (aprox.),1.09,1.09,0,,€/Kg,,,https://driveimg1.intermarche.com/pt/Content/images/boitmal/produit/zoom/1515327A77B72426B2932390DFBE18E5.jpg,,,,2025-03-05T23:59:59.999999999Z,PROSPECTUS,12,1,,,
11961,5603722505607,1000.0,Mimosa,"Leite sem lactose meio gordo, de 1l",,1.14,1.14,1000,L,€/L,,,https://driveimg1.intermarche.com/pt/Content/images/boitmal/produit/zoom/A98ED8A0E5E675A3AC1A551BCE75B0AB.jpg,https://driveimg1.intermarche.com/pt/Content/images/boitmal/produit/zoom/4E57BFE09E8D859BDBE1705476BB9F1B.jpg,https://driveimg1.intermarche.com/pt/Content/images/boitmal/produit/zoom/E1F70144AAFCC0EAEBFF05614177D009.jpg,,2025-03-05T23:59:59.999999999Z,PROSPECTUS,12,1,,,
25187,8001090371980,,Evax,Pensos higiénicos liberty noite abas,Embalagem com 9 un.,2.79,2.79,0,,€/Unidade,,,https://driveimg1.intermarche.com/pt/Content/images/boitmal/produit/zoom/A7B851A6C9585B69A4599E34A676A85B.jpg,,,,2025-03-05T23:59:59.999999999Z,PROSPECTUS,12,1,,,
17207,8006540943687,1800.0,Fairy,Detergente manual de loiça limão,Embalagem de 2 x 900 ml,6.99,3.88,1800,L,€/L,,,https://driveimg1.intermarche.com/pt/Content/images/boitmal/produit/zoom/B2EE328B1B3FB1BA0162E77ED87C40E9.jpg,,,,2025-03-05T23:59:59.999999999Z,PROSPECTUS,12,1,,,
9111,5601989001412,750.0,Monte Velho,"Vinho regional alentejano tinto, garrafa de 0.75 l",,3.49,4.65,750,L,€/L,,,https://driveimg1.intermarche.com/pt/Content/images/boitmal/produit/zoom/5313E203A06105D1BF7A5AD8308AD864.jpg,,,,2025-03-05T23:59:59.999999999Z,PROSPECTUS,12,1,,,
28497,3222270502450,680.0,Purina Gourmet,Comida Húmida para Gato Seleção de Mousses,Embalagem de 680g,4.29,6.31,0,kg,€/Kg,,,https://driveimg1.intermarche.com/pt/Content/images/boitmal/produit/zoom/48B98515C30D063D1F85A14F56AAE58A.jpg,,,,2025-03-05T23:59:59.999999999Z,PROSPECTUS,12,1,,,
1414,5601252106639,750.0,Gallo,"Azeite virgem delicado, garrafa de 750 ml",,5.99,7.99,750,L,€/L,,,https://driveimg1.intermarche.com/pt/Content/images/boitmal/produit/zoom/EA9D73D4CD22667C67FAED0003FD80DC.jpg,,,,2025-03-05T23:59:59.999999999Z,PROSPECTUS,12,1,,,
13599,2893594000000,500.0,Peixaria,Red Fish Grande Congelado,1 un = 500 gr (aprox.),2.5,4.99,0,,€/Kg,,Avantages !,https://driveimg1.intermarche.com/pt/Content/images/boitmal/produit/zoom/A3E98972B338DCF46BAA412A17BB9B0C.jpg,,,,2025-03-05T23:59:59.999999999Z,PROSPECTUS,12,1,,,
2466,7613032142599,500.0,Cerelac,Farinha láctea 12 meses,Embalagem de 500g,4.79,9.58,0,kg,€/Kg,,,https://driveimg1.intermarche.com/pt/Content/images/boitmal/produit/zoom/4E708CAF1A60A052407E76B7A92102F7.jpg,,,,2025-03-05T23:59:59.999999999Z,PROSPECTUS,12,1,,,
16105,5601146703463,7500.0,Sagres,"Cerveja com álcool, pack 30 x 0.25 l",,13.85,1.85,7500,L,€/L,,,https://driveimg1.intermarche.com/pt/Content/images/boitmal/produit/zoom/03A5259A936839E6AA1FD95014E0E2CF.jpg,,,,2025-03-05T23:59:59.999999999Z,PROSPECTUS,12,1,,,
13977,2696106000000,,Pastelaria,Folhado de Maçã,1 unidade= 100 g,0.89,0.89,0,,€/Unidade,,,https://driveimg1.intermarche.com/pt/Content/images/boitmal/produit/zoom/C92497D9C6A75CD832651E848AF344C3.jpg,,,,2025-03-05T23:59:59.999999999Z,PROSPECTUS,12,1,,,
13523,2893515000000,250.0,Peixaria,Lula Congelada,1 un= 250 gr (aprox.),1.25,4.99,0,,€/Kg,,Avantages !,https://driveimg1.intermarche.com/pt/Content/images/boitmal/produit/zoom/B2B7BBDC4CDC3C912C9CD2FEC6D3B682.jpg,,,,2025-03-05T23:59:59.999999999Z,PROSPECTUS,12,1,,,
50406,8445290490155,600.0,Cerelac,"Papa Infantil para Preparar com Leite +6M, 600g",,4.29,7.15,0,kg,€/Kg,,,https://driveimg1.intermarche.com/pt/Content/images/boitmal/produit/zoom/C95864141AF0280BDB80A795593394EA.jpg,,,,2025-03-05T23:59:59.999999999Z,PROSPECTUS,12,1,,,
35301,8001090766885,,Evax,Pensos diários salvaslip flexi & fresh normal,28 unidades,1.49,1.49,0,,€/Unidade,,,https://driveimg1.intermarche.com/pt/Content/images/boitmal/produit/zoom/4746D822A5BCD6895EE9D55D697B5D57.jpg,,,,2025-03-05T23:59:59.999999999Z,PROSPECTUS,12,1,,,
30414,4015400917304,480.0,Fairy,Detergente Liquido Loiça Original,480 ml,2.54,5.29,480,L,€/L,,,https://driveimg1.intermarche.com/pt/Content/images/boitmal/produit/zoom/BDA62A6B9333A70897E09AEAD0B62BBF.jpg,,,,2025-03-05T23:59:59.999999999Z,PROSPECTUS,12,1,,,
9113,5601989001566,750.0,Monte Velho,"Vinho branco alentejo, garrafa de 750 ml",,3.49,4.65,750,L,€/L,,,https://driveimg1.intermarche.com/pt/Content/images/boitmal/produit/zoom/7B25882D8E40FB5175386823B109A8BD.jpg,,,,2025-03-05T23:59:59.999999999Z,PROSPECTUS,12,1,,,
477,3010470159051,2000.0,Friskies,"Ração para gato adulto com coelho, frango e legumes",Embalagem de 2kg,6.74,3.37,0,kg,€/Kg,,,https://driveimg1.intermarche.com/pt/Content/images/boitmal/produit/zoom/7DEEDCA72B128992156D55C0C8DE0876.jpg,,,,2025-03-05T23:59:59.999999999Z,PROSPECTUS,12,1,,,
15161,5604260274246,1000.0,PorSi,Cenouras Programa Origens,Embalagem de 1 kg,0.89,0.89,0,kg,€/Kg,,,https://driveimg1.intermarche.com/pt/Content/images/boitmal/produit/zoom/558C3AC1450C10C8B2395D06441C5423.jpg,,,,2025-03-05T23:59:59.999999999Z,PROSPECTUS,12,1,,,
36727,5604260294404,1000.0,PorSi,Arroz basmati,Embalagem de 1 kg,1.99,1.99,0,kg,€/Kg,,,https://driveimg1.intermarche.com/pt/Content/images/boitmal/produit/zoom/4276C26236BCA3B8F3F002AEBC9361B0.jpg,,,,2025-03-05T23:59:59.999999999Z,PROSPECTUS,12,1,,,
13866,2891048000000,1000.0,Porco,Bifanas,Vendido ao peso a partir de 1 kg,3.99,3.99,0,,€/Kg,,,https://driveimg1.intermarche.com/pt/Content/images/boitmal/produit/zoom/72DE0DA6B485199AC995C629E3E4D279.jpg,,,,2025-03-05T23:59:59.999999999Z,PROSPECTUS,12,1,,,
7039,2894063000000,150.0,PorSi,Fiambre da Pá,1 un = 150 gr (aprox.),1.2,7.99,0,,€/Kg,,,https://driveimg1.intermarche.com/pt/Content/images/boitmal/produit/zoom/B263AAD24D8655825D397EE88CE54C25.jpg,,,,2025-03-05T23:59:59.999999999Z,PROSPECTUS,12,1,,,
13781,2892323000000,250.0,Fruta,Uva Red Globe,1 un = 250 gr  (aprox.),0.87,3.49,0,,€/Kg,,,https://driveimg1.intermarche.com/pt/Content/images/boitmal/produit/zoom/0CB9D5C0FE47F5D642EA2D42574AAC35.jpg,,,,2025-03-05T23:59:59.999999999Z,PROSPECTUS,12,1,,,
12909,2892005000000,250.0,Fruta,Laranja Económica,1 un = 250 gr  (aprox.),0.24,0.95,0,,€/Kg,,,https://driveimg1.intermarche.com/pt/Content/images/boitmal/produit/zoom/67E13FD34B36BCD37E12339EB836171D.jpg,,,,2025-03-05T23:59:59.999999999Z,PROSPECTUS,12,1,,,
13947,2891125000000,150.0,Peru,Espetadas de Peru,1 un = 150 gr (aprox.),0.97,6.49,0,,€/Kg,,,https://driveimg1.intermarche.com/pt/Content/images/boitmal/produit/zoom/7051DD49B64096A6B46E7815DD618A85.jpg,,,,2025-03-05T23:59:59.999999999Z,PROSPECTUS,12,1,,,
35489,5604260285266,1000.0,PorSi Viva Bem,Leite uht sem lactose meio gordo,1 litro,1.05,1.05,1000,L,€/L,,,https://driveimg1.intermarche.com/pt/Content/images/boitmal/produit/zoom/C75C157CAE99A5A835DA383E6173404B.jpg,,,,2025-03-05T23:59:59.999999999Z,PROSPECTUS,12,1,,,
46714,5604260318742,,PorSi,Papel higiénico branco folha tripla,12 rolos,3.79,3.79,0,,€/Unidade,,,https://driveimg1.intermarche.com/pt/Content/images/boitmal/produit/zoom/302F6B4FE48393BA7E5D666ED55E249B.jpg,,,,2025-03-05T23:59:59.999999999Z,PROSPECTUS,12,1,,,
46715,5604260318759,,PorSi,Papel higiénico branco folha quadrupla,12 rolos,5.03,5.03,0,,€/Unidade,,,https://driveimg1.intermarche.com/pt/Content/images/boitmal/produit/zoom/71B84E02290AD35D82ACC6CF2D01690A.jpg,,,,2025-03-05T23:59:59.999999999Z,PROSPECTUS,12,1,,,
9727,5604260273058,200.0,PorSi,Queijo mozzarella ralado,Embalagem de 200 g,1.64,8.2,0,kg,€/Kg,,,https://driveimg1.intermarche.com/pt/Content/images/boitmal/produit/zoom/D767CFC30304ACED37F1FA78A6E123BE.jpg,,,,2025-03-05T23:59:59.999999999Z,PROSPECTUS,12,1,,,
13893,2891043000000,1000.0,Porco,Entrecosto,Vendido ao peso a partir de 1 kg,4.89,4.89,0,,€/Kg,,,https://driveimg1.intermarche.com/pt/Content/images/boitmal/produit/zoom/AA05EE99D302D59771FCC108473E0700.jpg,,,,2025-03-05T23:59:59.999999999Z,PROSPECTUS,12,1,,,
12887,2892089000000,500.0,Fruta,Manga Barco,1 un = 500 gr (aprox.),1.1,2.19,0,,€/Kg,,,https://driveimg1.intermarche.com/pt/Content/images/boitmal/produit/zoom/7DE73DFAB226CDE947BB89C61333D3FE.jpg,,,,2025-03-05T23:59:59.999999999Z,PROSPECTUS,12,1,,,
12889,2892175000000,150.0,Fruta,Kiwi categoria II,1 un = 150 gr (aprox.),0.43,2.89,0,,€/Kg,,,https://driveimg1.intermarche.com/pt/Content/images/boitmal/produit/zoom/39D74C337E358C98856B0EB2FC79D7A8.jpg,,,,2025-03-05T23:59:59.999999999Z,PROSPECTUS,12,1,,,
13813,2892489000000,250.0,Legumes,Batata Doce,1 un = 250 gr  (aprox.),0.35,1.39,0,,€/Kg,,,https://driveimg1.intermarche.com/pt/Content/images/boitmal/produit/zoom/B0785A3D8A1A6773EB1FB43B119AC4D9.jpg,,,,2025-03-05T23:59:59.999999999Z,PROSPECTUS,12,1,,,
13892,2891041000000,1000.0,Porco,Costeletas do Lombo,Vendido ao peso a partir de 1 kg,3.99,3.99,0,,€/Kg,,,https://driveimg1.intermarche.com/pt/Content/images/boitmal/produit/zoom/589E4AFE71E19AF7FEB32FB0C0E176FF.jpg,,,,2025-03-05T23:59:59.999999999Z,PROSPECTUS,12,1,,,
13950,2891145000000,100.0,Porco,Salsicha Fresca,1 un = 100 gr (aprox.),0.5,4.99,0,,€/Kg,,,https://driveimg1.intermarche.com/pt/Content/images/boitmal/produit/zoom/2E1CED7EDF010F56C2BF0E6CDF74D52B.jpg,,,,2025-03-05T23:59:59.999999999Z,PROSPECTUS,12,1,,,
34877,5604260285464,1500.0,PorSi,Maçã royal gala categoria II Programa Origens,Embalagem de 1.5 kg,1.89,1.26,0,kg,€/Kg,,,https://driveimg1.intermarche.com/pt/Content/images/boitmal/produit/zoom/F091E3663EBAE6E7A8981702DFBCC609.jpg,,,,2025-03-05T23:59:59.999999999Z,PROSPECTUS,12,1,,,
8384,5601049133992,1000.0,Mimosa,"Leite uht magro, embalagem de 1litro",,0.89,0.89,1000,L,€/L,,,https://driveimg1.intermarche.com/pt/Content/images/boitmal/produit/zoom/128AB814EBA9C0783B386EB2E0A38CC9.jpg,https://driveimg1.intermarche.com/pt/Content/images/boitmal/produit/zoom/8C350978140C257D0AAD7365CD133F0C.jpg,https://driveimg1.intermarche.com/pt/Content/images/boitmal/produit/zoom/B9BED9F397071733FB4D36CBE39ECDBA.jpg,,2025-03-05T23:59:59.999999999Z,PROSPECTUS,12,1,,,
9315,5603722509544,1000.0,Mimosa,"Leite 0% lactose magro, de 1l",,1.14,1.14,1000,L,€/L,,,https://driveimg1.intermarche.com/pt/Content/images/boitmal/produit/zoom/0350D0DE44A653A9AB01722B06443E94.jpg,https://driveimg1.intermarche.com/pt/Content/images/boitmal/produit/zoom/DC5219EC1E15E09529E323B7D196FADA.jpg,https://driveimg1.intermarche.com/pt/Content/images/boitmal/produit/zoom/DC48BFFA4281D8016E9FB40168ED4485.jpg,,2025-03-05T23:59:59.999999999Z,PROSPECTUS,12,1,,,
11463,5601018001642,250.0,Gresso,"Manteiga com sal, embalagem de 250g",,2.09,8.36,0,kg,€/Kg,,,https://driveimg1.intermarche.com/pt/Content/images/boitmal/produit/zoom/3A5F1036925C0C6B8D6C067104A96CDE.jpg,https://driveimg1.intermarche.com/pt/Content/images/boitmal/produit/zoom/7AC5179CFF33BEA38B382077FB05A477.jpg,,,2025-03-05T23:59:59.999999999Z,PROSPECTUS,12,1,,,
1188,5601119007970,200.0,Nobre,"Salsichas de porco, lata de 200g",,1.39,6.95,0,kg,€/Kg,,,https://driveimg1.intermarche.com/pt/Content/images/boitmal/produit/zoom/F480FC52D56464F3C1B867155F4A37B9.jpg,,,,2025-03-05T23:59:59.999999999Z,PROSPECTUS,12,1,,,
13242,2893227000000,200.0,Peixaria,Robalo de Viveiro,de 200 a 600 g (aprox.),1.4,6.99,0,,€/Kg,,,https://driveimg1.intermarche.com/pt/Content/images/boitmal/produit/zoom/A78EB4330416D93C926049780B1174CB.jpg,,,,2025-03-05T23:59:59.999999999Z,PROSPECTUS,12,1,,,
13814,2892558000000,250.0,Legumes,Feijão Verde,1 un = 250 gr  (aprox.),0.9,3.59,0,,€/Kg,,,https://driveimg1.intermarche.com/pt/Content/images/boitmal/produit/zoom/5688B97D5E073F1C8E51E2F8542D9EC1.jpg,,,,2025-03-05T23:59:59.999999999Z,PROSPECTUS,12,1,,,
14038,2696013000000,80.0,Padaria,Bola mistura,1 unidade= 80 g,0.19,2.38,0,kg,€/Kg,,,https://driveimg1.intermarche.com/pt/Content/images/boitmal/produit/zoom/509539D5119FE663643D444B9A3F9D6A.jpg,,,,2025-03-05T23:59:59.999999999Z,PROSPECTUS,12,1,,,
18325,5601008100119,200.0,Vieira,"Bolacha cream cracker, embalagem de 200g",,0.99,4.95,0,kg,€/Kg,,,https://driveimg1.intermarche.com/pt/Content/images/boitmal/produit/zoom/8B50B80FABB9C6F7EC6C88214E09B189.jpg,,,,2025-03-05T23:59:59.999999999Z,PROSPECTUS,12,1,,,
21292,5604260263837,250.0,PorSi,Alho Seco,Embalagem: 250 g  ,1.39,5.56,0,kg,€/Kg,,,https://driveimg1.intermarche.com/pt/Content/images/boitmal/produit/zoom/9CACD04AEB53BB065A4A6DA5A64A1473.jpg,,,,2025-03-05T23:59:59.999999999Z,PROSPECTUS,12,1,,,
2314,5604260271856,355.0,PorSi,Cogumelos inteiros,Embalagem de 355 g,1.29,3.63,0,kg,€/Kg,,,https://driveimg1.intermarche.com/pt/Content/images/boitmal/produit/zoom/01F5BA204144BDCBC76F253B25332909.jpg,,,,2025-03-05T23:59:59.999999999Z,PROSPECTUS,12,1,,,
251,2696001000000,400.0,Padaria,Baguete,400 g,0.79,1.98,0,kg,€/Kg,,,https://driveimg1.intermarche.com/pt/Content/images/boitmal/produit/zoom/42C2E126B9E5B84C243F0668DEC3869F.jpg,,,,2025-03-05T23:59:59.999999999Z,PROSPECTUS,12,1,,,
3526,2894034000000,150.0,Nobre,Fiambre da Perna Extra,1 un = 150 gr (aprox.),2.25,14.99,0,,€/Kg,,,https://driveimg1.intermarche.com/pt/Content/images/boitmal/produit/zoom/C76D05EF052819EDC79567520AD2D260.jpg,,,,2025-03-05T23:59:59.999999999Z,PROSPECTUS,12,1,,,
35499,5601151973769,3500.0,Sumol,"Refrigerante com gás de laranja, 2 x 1.75 l",,2.98,0.85,3500,L,€/L,,,https://driveimg1.intermarche.com/pt/Content/images/boitmal/produit/zoom/15C97042A71F49C362C4C213EA28900F.jpg,,,,2025-03-05T23:59:59.999999999Z,PROSPECTUS,12,1,,,
42785,5604260310074,250.0,PorSi Select,Queijo manchego D.O.P,Embalagem de 250g,4.99,19.96,0,kg,€/Kg,,,https://driveimg1.intermarche.com/pt/Content/images/boitmal/produit/zoom/B883B24D8849BAD51A50E353865A0840.jpg,,,,2025-03-05T23:59:59.999999999Z,PROSPECTUS,12,1,,,
43335,5604260309023,150.0,PorSi Select,Presunto 12 meses fatiado,Embalagem de 150g,3.69,24.6,0,kg,€/Kg,,,https://driveimg1.intermarche.com/pt/Content/images/boitmal/produit/zoom/13A8C5BB3E295978FBA7F7AF1315C7F7.jpg,,,,2025-03-05T23:59:59.999999999Z,PROSPECTUS,12,1,,,
49463,8445290250322,600.0,Nestum,Flocos Cereais Mel,Embalagem de 600g,3.79,6.32,0,kg,€/Kg,,,https://driveimg1.intermarche.com/pt/Content/images/boitmal/produit/zoom/4A0A62606AC144021ED115E1FAB3D0CE.jpg,,,,2025-03-05T23:59:59.999999999Z,PROSPECTUS,12,1,,,
51782,5604260327669,1000.0,PorSi,"Iogurte Liquido Pinacolada,  1 kg",,1.59,1.59,0,kg,€/Kg,,,https://driveimg1.intermarche.com/pt/Content/images/boitmal/produit/zoom/72DCBF92FB9FC3FE1A0ADB9C5783A0CE.jpg,,,,2025-03-05T23:59:59.999999999Z,PROSPECTUS,12,1,,,
848,5000189974579,200.0,Kit Kat,"Chocolate mini, embalagem de 200g",,3.35,16.75,0,kg,€/Kg,,,https://driveimg1.intermarche.com/pt/Content/images/boitmal/produit/zoom/90873705F18CB17964EF30C7A0BF7D60.jpg,,,,2025-03-05T23:59:59.999999999Z,PROSPECTUS,12,1,,,
9292,5603722493812,250.0,Matinal,"Manteiga magra, embalagem de 250g",,2.49,9.96,0,kg,€/Kg,,,https://driveimg1.intermarche.com/pt/Content/images/boitmal/produit/zoom/AA91DFCE88DA98DA1BB05E606B3C1FF9.jpg,,,,2025-03-05T23:59:59.999999999Z,PROSPECTUS,12,1,,,
1010,5601038300091,240.0,Knorr,"Caldo de galinha 24 cubos, embalagem de 240g",,2.49,10.38,0,kg,€/Kg,,,https://driveimg1.intermarche.com/pt/Content/images/boitmal/produit/zoom/4E25834255892D5C9C1047A286FE9847.jpg,,,,2025-03-05T23:59:59.999999999Z,PROSPECTUS,12,1,,,
10842,2895207000000,250.0,Santiago,Queijo 3 Igrejas Cura 2m Pimentão,Vendido ao peso a partir de 250 gr,3.0,11.99,0,,€/Kg,,,https://driveimg1.intermarche.com/pt/Content/images/boitmal/produit/zoom/2F11F4EC63EB49EF2522FB61028743A0.jpg,,,,2025-03-05T23:59:59.999999999Z,PROSPECTUS,12,1,,,
10901,3228022000298,250.0,President,"Manteiga magra baixo teor sal, embalagem de 250g",,2.59,10.36,0,kg,€/Kg,,,https://driveimg1.intermarche.com/pt/Content/images/boitmal/produit/zoom/DCFDE09AD10D5DD4255ED225FA75C5F7.jpg,,,,2025-03-05T23:59:59.999999999Z,PROSPECTUS,12,1,,,
11466,5601018004605,200.0,Gresso,Nata uht para bater 200 ml,,0.84,4.2,200,L,€/L,,,https://driveimg1.intermarche.com/pt/Content/images/boitmal/produit/zoom/6D55411BE639B830632A68D20D002036.jpg,,,,2025-03-05T23:59:59.999999999Z,PROSPECTUS,12,1,,,
11974,5603722508752,200.0,Castelões,"Queijo em fatias original, embalagem de 200g",,2.15,10.75,0,kg,€/Kg,,,https://driveimg1.intermarche.com/pt/Content/images/boitmal/produit/zoom/9709716796DE3B121923F09B97DF17ED.jpg,,,,2025-03-05T23:59:59.999999999Z,PROSPECTUS,12,1,,,
11982,5603802400020,750.0,Fiuza,"Vinho branco tejo sauvignon, garrafa de 750 ml",,4.99,6.65,750,L,€/L,,,https://driveimg1.intermarche.com/pt/Content/images/boitmal/produit/zoom/996291488226B375A67E39537E454FD9.jpg,,,,2025-03-05T23:59:59.999999999Z,PROSPECTUS,12,1,,,
1230,5601146232512,1500.0,Joi,"Refrigerante sem gás, maracujá e la, garrafa de 1,5 l",,1.29,0.86,1500,L,€/L,,,https://driveimg1.intermarche.com/pt/Content/images/boitmal/produit/zoom/430468AF369DBE1139E298A0EA69B620.jpg,,,,2025-03-05T23:59:59.999999999Z,PROSPECTUS,12,1,,,
12892,2892508000000,400.0,Legumes,Beringela,1 un=400 gr (aprox.),1.2,2.99,0,,€/Kg,,,https://driveimg1.intermarche.com/pt/Content/images/boitmal/produit/zoom/5B7B3A896213DE67893050A67A6D9D9B.jpg,,,,2025-03-05T23:59:59.999999999Z,PROSPECTUS,12,1,,,
13216,2893201000000,250.0,PorSi,Perca à Posta,1 un = 250g (aprox.),2.5,9.99,0,,€/Kg,,,https://driveimg1.intermarche.com/pt/Content/images/boitmal/produit/zoom/934FDB901CE812CCE046B5BFBFCA0ECC.jpg,,,,2025-03-05T23:59:59.999999999Z,PROSPECTUS,12,1,,,
14372,8712100599392,550.0,Calvé,"Ketchup top down, embalagem de 550g",,2.59,4.71,0,kg,€/Kg,,,https://driveimg1.intermarche.com/pt/Content/images/boitmal/produit/zoom/6D3218F33B22BC3205033BC41E176600.jpg,https://driveimg1.intermarche.com/pt/Content/images/boitmal/produit/zoom/FE7F103C359D2D1FD7BF3FDC8DD381BA.jpg,https://driveimg1.intermarche.com/pt/Content/images/boitmal/produit/zoom/FE7F103C359D2D1FD7BF3FDC8DD381BA.jpg,https://driveimg1.intermarche.com/pt/Content/images/boitmal/produit/zoom/FE7F103C359D2D1FD7BF3FDC8DD381BA.jpg,2025-03-05T23:59:59.999999999Z,PROSPECTUS,12,1,,,
14408,5601012004427,750.0,Trinca Bolotas,"Vinho doc alentejo tinto, garrafa de 0.75 l",,4.99,6.65,750,L,€/L,,,https://driveimg1.intermarche.com/pt/Content/images/boitmal/produit/zoom/CE8D5D13DE743123565142F1E6733CF4.jpg,,,,2025-03-05T23:59:59.999999999Z,PROSPECTUS,12,1,,,
15045,2892280000000,130.0,Fruta,Pera Rocha,1 un = 130 gr (aprox.),0.23,1.79,0,,€/Kg,,,https://driveimg1.intermarche.com/pt/Content/images/boitmal/produit/zoom/13A95EAD49FBD7525A80301784BFDD22.jpg,,,,2025-03-05T23:59:59.999999999Z,PROSPECTUS,12,1,,,
15359,5604260273317,600.0,PorSi,Néctar de manga,Pack 3 x 200 ml,1.0,1.67,600,L,€/L,,,https://driveimg1.intermarche.com/pt/Content/images/boitmal/produit/zoom/CB03714D6CC31A127821020EE8F1C331.jpg,,,,2025-03-05T23:59:59.999999999Z,PROSPECTUS,12,1,,,
15725,5604260273300,600.0,PorSi,Néctar de pera,Pack 3 x 200 ml,0.8,1.33,600,L,€/L,,,https://driveimg1.intermarche.com/pt/Content/images/boitmal/produit/zoom/42A4AC67DF25A44A932E75287105383F.jpg,,,,2025-03-05T23:59:59.999999999Z,PROSPECTUS,12,1,,,
21052,8435257034270,640.0,Nestlé,"Iogurte líquido yoggi, sem lactose, morango/banana, embalagem de 4 x 160g",,2.19,3.42,0,kg,€/Kg,,,https://driveimg1.intermarche.com/pt/Content/images/boitmal/produit/zoom/2F9637E1E7F59896708553BA46B62C91.jpg,,,,2025-03-05T23:59:59.999999999Z,PROSPECTUS,12,1,,,
2644,8000500071083,200.0,Kinder,"Chocolate, 16 tabletes, embalagem de 200g",,2.79,13.95,0,kg,€/Kg,,,https://driveimg1.intermarche.com/pt/Content/images/boitmal/produit/zoom/9AF44354478DAF42C79BBF89F292CDAD.jpg,,,,2025-03-05T23:59:59.999999999Z,PROSPECTUS,12,1,,,
2788,8410199790958,130.0,Cheetos,"Aperitivos futebolas, embalagem de 130g",,1.69,13.0,0,kg,€/Kg,,,https://driveimg1.intermarche.com/pt/Content/images/boitmal/produit/zoom/6E3E638A2C20F2794B685C451FDB40F7.jpg,,,,2025-03-05T23:59:59.999999999Z,PROSPECTUS,12,1,,,
30115,5449000016737,1000.0,Coca-Cola,"Refrigerante sem cafeína, garrafa de 1l",,1.35,1.35,1000,L,€/L,,,https://driveimg1.intermarche.com/pt/Content/images/boitmal/produit/zoom/23CF5CDA5B630E80CF6F88C3DB4BC0F8.jpg,,,,2025-03-05T23:59:59.999999999Z,PROSPECTUS,12,1,,,
30170,5604260274956,200.0,PorSi,Alheira Especial de Trás-Os-Montes,200 g,1.39,6.95,0,kg,€/Kg,,,https://driveimg1.intermarche.com/pt/Content/images/boitmal/produit/zoom/19929337FCFE5B600DFE0ACDB988D2AA.jpg,,,,2025-03-05T23:59:59.999999999Z,PROSPECTUS,12,1,,,
32408,5601050034967,600.0,Danone,"Danacol aveia, embalagem de 6 x 100g",,2.99,4.98,0,kg,€/Kg,,,https://driveimg1.intermarche.com/pt/Content/images/boitmal/produit/zoom/5CE656F263120C59B9C0953B21D516B7.jpg,,,,2025-03-05T23:59:59.999999999Z,PROSPECTUS,12,1,,,
35490,5604260285273,1000.0,PorSi Viva Bem,Leite uht sem lactose magro,1 litro,1.05,1.05,1000,L,€/L,,,https://driveimg1.intermarche.com/pt/Content/images/boitmal/produit/zoom/C0D8FEA6733802713556DC723A8C1BA7.jpg,,,,2025-03-05T23:59:59.999999999Z,PROSPECTUS,12,1,,,
35913,5603722498022,800.0,Mimosa,"Leite bem essencial morango , embalagem de 4 x 200 ml",,1.69,2.11,800,L,€/L,,,https://driveimg1.intermarche.com/pt/Content/images/boitmal/produit/zoom/4B6AB6C5E199D6DAC849805FE4702BB4.jpg,,,,2025-03-05T23:59:59.999999999Z,PROSPECTUS,12,1,,,
37603,5601244700005,250.0,Terra Nostra,"Manteiga sem sal terra nostra, embalagem de 250g",,2.19,8.76,0,kg,€/Kg,,,https://driveimg1.intermarche.com/pt/Content/images/boitmal/produit/zoom/825AD5ABA4663129CA24B0F2114DECAD.jpg,,,,2025-03-05T23:59:59.999999999Z,PROSPECTUS,12,1,,,
39305,5601195640122,1000.0,Pedras Salgadas,"Pedras maracujá, pack 4 x 25 cl",,1.99,1.99,1000,L,€/L,,,https://driveimg1.intermarche.com/pt/Content/images/boitmal/produit/zoom/4530A5F4C57E573DC822AE65FB3AE7F0.jpg,,,,2025-03-05T23:59:59.999999999Z,PROSPECTUS,12,1,,,
40593,5603722519406,480.0,Mimosa,"Iogurte fruta batida morango, 4 x 120 g",,1.69,3.52,0,kg,€/Kg,,,https://driveimg1.intermarche.com/pt/Content/images/boitmal/produit/zoom/41C5135F0F8227064BFED500C982147E.jpg,,,,2025-03-05T23:59:59.999999999Z,PROSPECTUS,12,1,,,
40743,5604260303236,2500.0,PorSi,Batata pré-frita palitos finos,Embalagem de 2.5 kg,4.86,1.94,0,kg,€/Kg,,Tipo de stockagem,https://driveimg1.intermarche.com/pt/Content/images/boitmal/produit/zoom/8C1F058D1E72F760AB403A89545663F3.jpg,,,,2025-03-05T23:59:59.999999999Z,PROSPECTUS,12,1,,,
47034,8714100827666,160.0,Knorr,"Caldo galinha receita económica, embalagem de 160g",,1.29,8.06,0,kg,€/Kg,,,https://driveimg1.intermarche.com/pt/Content/images/boitmal/produit/zoom/54D2297B42302C9BEB14DE9BF8F6F3CF.jpg,,,,2025-03-05T23:59:59.999999999Z,PROSPECTUS,12,1,,,
4867,5410041472509,100.0,Tuc,Bolachas cream & onion,Embalagem de 100g,1.04,10.4,0,kg,€/Kg,,,https://driveimg1.intermarche.com/pt/Content/images/boitmal/produit/zoom/C2295774E4587CC2EFD25EAE1F8DEF19.jpg,,,,2025-03-05T23:59:59.999999999Z,PROSPECTUS,12,1,,,
49359,5601146700066,6000.0,Sagres,"Cerveja com álcool, pack 24 x 0.25 l",,11.49,1.92,6000,L,€/L,,,https://driveimg1.intermarche.com/pt/Content/images/boitmal/produit/zoom/67C6D1253BB0D82F02E1633DF741EA25.jpg,https://driveimg1.intermarche.com/pt/Content/images/boitmal/produit/zoom/B2E3D57423A20C8E7B4C1173F1457C2E.jpg,,,2025-03-05T23:59:59.999999999Z,PROSPECTUS,12,1,,,
4947,5449000054227,1000.0,Coca-Cola,"Refrigerante com Gás Cola, 1L",,1.35,1.35,1000,L,€/L,,,https://driveimg1.intermarche.com/pt/Content/images/boitmal/produit/zoom/3281D4D34500D6DBD7784B7DAA420E55.jpg,,,,2025-03-05T23:59:59.999999999Z,PROSPECTUS,12,1,,,
51783,5604260327676,1000.0,PorSi,"Iogurte Liquido Morango e Banana, 1 kg",,1.59,1.59,0,kg,€/Kg,,,https://driveimg1.intermarche.com/pt/Content/images/boitmal/produit/zoom/568FFCB442AD5B312FACD9B2980ADD4A.jpg,,,,2025-03-05T23:59:59.999999999Z,PROSPECTUS,12,1,,,
52338,8720181392931,1368.0,Comfort,"Amaciador roupa concentrado creations jasmim e mirtilo, 76 doses",,3.99,2.92,1368,L,€/L,,,https://driveimg1.intermarche.com/pt/Content/images/boitmal/produit/zoom/6011DCF134621AA99ADEF13E90F43514.jpg,,,,2025-03-05T23:59:59.999999999Z,PROSPECTUS,12,1,,,
53232,8445290759207,600.0,Nesquik,"Achocolatado em Pó, 600g",,3.99,6.65,0,kg,€/Kg,,,https://driveimg1.intermarche.com/pt/Content/images/boitmal/produit/zoom/8142D9ABDD247C983EB9286F596F2E87.jpg,https://driveimg1.intermarche.com/pt/Content/images/boitmal/produit/zoom/1E8F61743B1B3F44416834AAF4EBE584.jpg,https://driveimg1.intermarche.com/pt/Content/images/boitmal/produit/zoom/1E8F61743B1B3F44416834AAF4EBE584.jpg,https://driveimg1.intermarche.com/pt/Content/images/boitmal/produit/zoom/1E8F61743B1B3F44416834AAF4EBE584.jpg,2025-03-05T23:59:59.999999999Z,PROSPECTUS,12,1,,,
8500,5601109211110,750.0,Porca de Murça,Vinho branco douro,Garrafa de 750 ml,3.69,4.92,750,L,€/L,,,https://driveimg1.intermarche.com/pt/Content/images/boitmal/produit/zoom/3A37403A453BA89596AD6718ADA0F46A.jpg,,,,2025-03-05T23:59:59.999999999Z,PROSPECTUS,12,1,,,
882,5410041001204,100.0,Tuc,"Bolachas aperitivas, simples, embalagem de 100g",,1.04,10.4,0,kg,€/Kg,,,https://driveimg1.intermarche.com/pt/Content/images/boitmal/produit/zoom/DB0E5412E4B7AABA821CD2AF0DA3E461.jpg,,,,2025-03-05T23:59:59.999999999Z,PROSPECTUS,12,1,,,
1035,5601045105313,6000.0,Serra da estrela,"Água mineral sem gás, pack 4 x 1.5 l",,1.79,0.3,6000,L,€/L,,,https://driveimg1.intermarche.com/pt/Content/images/boitmal/produit/zoom/0358268AAE386D7F610EBE003FAAE9E0.jpg,,,,2025-03-05T23:59:59.999999999Z,PROSPECTUS,12,1,,,
1039,5601045300008,1500.0,Antartica,"Refrigerante com gás guaraná, garrafa de 1,5 l",,1.79,1.19,1500,L,€/L,,,https://driveimg1.intermarche.com/pt/Content/images/boitmal/produit/zoom/649D7CD5951BC9EA2CEFF9A7816AFF2E.jpg,,,,2025-03-05T23:59:59.999999999Z,PROSPECTUS,12,1,,,
10509,8435250297955,256.0,Nestlé,"Iogurte mix in smarties baunilha, embalagem de 2 x 128 g",,2.09,8.16,0,kg,€/Kg,,,https://driveimg1.intermarche.com/pt/Content/images/boitmal/produit/zoom/5355941DC0922592DB9EDB46788FEE19.jpg,,,,2025-03-05T23:59:59.999999999Z,PROSPECTUS,12,1,,,
10823,2895063000000,250.0,Castelões,Queijo Curado kg,1 un = 250 gr  (aprox.),2.5,9.99,0,,€/Kg,,,https://driveimg1.intermarche.com/pt/Content/images/boitmal/produit/zoom/75B6363D9B6BD363EA11623977BF1CB2.jpg,,,,2025-03-05T23:59:59.999999999Z,PROSPECTUS,12,1,,,
10826,2895082000000,250.0,Ilha Azul,Queijo Curado,Vendido ao peso a partir de 250 gr,2.0,7.99,0,,€/Kg,,,https://driveimg1.intermarche.com/pt/Content/images/boitmal/produit/zoom/3B62E6B6007870C37C76A52222AF902D.jpg,,,,2025-03-05T23:59:59.999999999Z,PROSPECTUS,12,1,,,
1131,5601078005024,750.0,Grao Vasco,"Vinho doc dão branco, garrafa de 750 ml",,3.35,4.47,750,L,€/L,,,https://driveimg1.intermarche.com/pt/Content/images/boitmal/produit/zoom/08D876911D136C69F8C23B36643D6D00.jpg,,,,2025-03-05T23:59:59.999999999Z,PROSPECTUS,12,1,,,
11503,5601050019100,600.0,Danone,"Danacol frutos exóticos, embalagem de 6 x 100 g",,2.99,4.98,0,kg,€/Kg,,,https://driveimg1.intermarche.com/pt/Content/images/boitmal/produit/zoom/2A16EAD58E7A10ECD338C77C33D25273.jpg,,,,2025-03-05T23:59:59.999999999Z,PROSPECTUS,12,1,,,
1187,5601119007963,120.0,Nobre,"6 salsichas de porco, lata de 120g",,1.04,8.67,0,kg,€/Kg,,,https://driveimg1.intermarche.com/pt/Content/images/boitmal/produit/zoom/024D21F90F760BFDC12CBD7EB02BECC6.jpg,,,,2025-03-05T23:59:59.999999999Z,PROSPECTUS,12,1,,,
11883,5602445000543,750.0,Encosta das Perdizes,Vinho regional alentejano reserva tinto,Garrafa de 0.75 l,3.29,4.39,750,L,€/L,,,https://driveimg1.intermarche.com/pt/Content/images/boitmal/produit/zoom/084E896FEC007AF93E6AF4F783590659.jpg,,,,2025-03-05T23:59:59.999999999Z,PROSPECTUS,12,1,,,
11894,5602527028335,130.0,Palhais,"Queijo de cabra com azeite e oregãos, 130 g",,2.99,23.0,0,kg,€/Kg,,,https://driveimg1.intermarche.com/pt/Content/images/boitmal/produit/zoom/8CEA4708DABC083A4827327E27C8BFB3.jpg,,,,2025-03-05T23:59:59.999999999Z,PROSPECTUS,12,2,,,
12213,5608527000593,750.0,Dom Campos,Vinho Tinto Regional Península de Setúbal,Garrafa de 0.75 l,2.99,3.99,750,L,€/L,,,https://driveimg1.intermarche.com/pt/Content/images/boitmal/produit/zoom/F6AD742D6C0AA52D14F3A33DA354DAF8.jpg,,,,2025-03-05T23:59:59.999999999Z,PROSPECTUS,12,2,,,
1226,5601146001507,1500.0,Joi,"Refrigerante sem gás de manga/laranja, garrafa de 1,5 l",,1.29,0.86,1500,L,€/L,,,https://driveimg1.intermarche.com/pt/Content/images/boitmal/produit/zoom/DB9CD865FA14B43795929B354A61BA32.jpg,,,,2025-03-05T23:59:59.999999999Z,PROSPECTUS,12,2,,,
1228,5601146230518,1500.0,Joi,"Refrigerante sem gás, laranja, garrafa de 1,5 l",,1.29,0.86,1500,L,€/L,,,https://driveimg1.intermarche.com/pt/Content/images/boitmal/produit/zoom/9CFD5D319CF23E8EEE61B6DFE693387D.jpg,,,,2025-03-05T23:59:59.999999999Z,PROSPECTUS,12,2,,,
12370,8410199010339,250.0,LayS,"Batata frita, receita camponesa, embalagem de 250g",,2.09,8.36,0,kg,€/Kg,,,https://driveimg1.intermarche.com/pt/Content/images/boitmal/produit/zoom/DAAA3CF2D01EC3CFD37EA20B81A0666A.jpg,,,,2025-03-05T23:59:59.999999999Z,PROSPECTUS,12,2,,,
12521,8712100417474,459.0,HellmannS,"Maionese magra em frasco, embalagem de 460g",,3.14,6.84,0,kg,€/Kg,,,https://driveimg1.intermarche.com/pt/Content/images/boitmal/produit/zoom/42C1DD6B5B9088F59B88BFAE0821ECAF.jpg,https://driveimg1.intermarche.com/pt/Content/images/boitmal/produit/zoom/5EE500879C9469898FD1466D95386BB7.jpg,https://driveimg1.intermarche.com/pt/Content/images/boitmal/produit/zoom/5EE500879C9469898FD1466D95386BB7.jpg,https://driveimg1.intermarche.com/pt/Content/images/boitmal/produit/zoom/5EE500879C9469898FD1466D95386BB7.jpg,2025-03-05T23:59:59.999999999Z,PROSPECTUS,12,2,https://driveimg1.intermarche.com/pt/Content/images/boitmal/produit/zoom/5EE500879C9469898FD1466D95386BB7.jpg,,
1273,5601151060759,410.0,Compal,Feijão branco,Lata de 410 ml,1.09,2.66,410,L,€/L,,,https://driveimg1.intermarche.com/pt/Content/images/boitmal/produit/zoom/5A6C3794FCB1D8B69BF6A56555458115.jpg,,,,2025-03-05T23:59:59.999999999Z,PROSPECTUS,12,2,,,
1274,5601151070758,410.0,Compal,"Feijão manteiga, lata de 410 ml",,1.09,2.66,410,L,€/L,,,https://driveimg1.intermarche.com/pt/Content/images/boitmal/produit/zoom/F168BC675838A1B24B473123F714EAB2.jpg,,,,2025-03-05T23:59:59.999999999Z,PROSPECTUS,12,2,,,
1287,5601151260753,410.0,Compal,"Grão de bico, lata de 410 ml",,1.09,2.66,410,L,€/L,,,https://driveimg1.intermarche.com/pt/Content/images/boitmal/produit/zoom/731C3C517063722402F07A7D8ECB2B92.jpg,,,,2025-03-05T23:59:59.999999999Z,PROSPECTUS,12,2,,,
1293,5601151398104,630.0,Compal,"Pack de 3 embalagens de polpa de tomate, embalagem de 630g",,1.49,2.37,0,kg,€/Kg,,,https://driveimg1.intermarche.com/pt/Content/images/boitmal/produit/zoom/BC7D38B0892D2B72B99AEECF05E81523.jpg,,,,2025-03-05T23:59:59.999999999Z,PROSPECTUS,12,2,,,
12982,2892471000000,300.0,Legumes,Alho Francês,1 un=300 gr (aprox.),0.54,1.79,0,,€/Kg,,,https://driveimg1.intermarche.com/pt/Content/images/boitmal/produit/zoom/28E09A5FC1C58AE102628D15C785686E.jpg,,,,2025-03-05T23:59:59.999999999Z,PROSPECTUS,12,2,,,
13158,2893143000000,100.0,Peixaria,Lula Descongelada,1 un= 100 gr (aprox.),1.0,9.99,0,,€/Kg,,,https://driveimg1.intermarche.com/pt/Content/images/boitmal/produit/zoom/ED50EDDD473B6F16081950AF9B5B4382.jpg,,,,2025-03-05T23:59:59.999999999Z,PROSPECTUS,12,2,,,
1326,5601164113701,500.0,Super Bock,"Cerveja com álcool, lata, garrafa de 500 ml",,0.85,1.7,500,L,€/L,,,https://driveimg1.intermarche.com/pt/Content/images/boitmal/produit/zoom/0AB2770B97F8A4B3E443129A7F4E33FA.jpg,,,,2025-03-05T23:59:59.999999999Z,PROSPECTUS,12,2,,,
13602,2893597000000,500.0,Peixaria,Pescada Média Argentina Congelada,+ de 500 g,2.25,4.49,0,,€/Kg,,Avantages !,https://driveimg1.intermarche.com/pt/Content/images/boitmal/produit/zoom/0D3A6A42D4C22CDA932A00A286926BF6.jpg,,,,2025-03-05T23:59:59.999999999Z,PROSPECTUS,12,2,,,
13630,2893625000000,800.0,Nossa Seleção,Maruca,Congelada,7.19,8.99,0,,€/Kg,,Avantages !,https://driveimg1.intermarche.com/pt/Content/images/boitmal/produit/zoom/D10F1B147D38A26647832B3B877B06EF.jpg,,,,2025-03-05T23:59:59.999999999Z,PROSPECTUS,12,2,,,
13966,2696019000000,450.0,Padaria,Pão Regional Rio Maior Inteiro,1 unidade= 450 g,1.09,2.42,0,kg,€/Kg,,,https://driveimg1.intermarche.com/pt/Content/images/boitmal/produit/zoom/868CC38F01B8F1FD056036A7F49504A8.jpg,,,,2025-03-05T23:59:59.999999999Z,PROSPECTUS,12,2,,,
13979,2696114000000,,Pastelaria,Super Napolitana de Chocolate,1 un = 120 g (aprox.),0.89,0.89,0,,€/Unidade,,,https://driveimg1.intermarche.com/pt/Content/images/boitmal/produit/zoom/EEB53330F1F2D3DE2CACB8493C1C2546.jpg,,,,2025-03-05T23:59:59.999999999Z,PROSPECTUS,12,2,,,
1406,5601228228013,1000.0,Oriente,"Arroz extra longo branco, embalagem de 1kg",,1.34,1.34,0,kg,€/Kg,,,https://driveimg1.intermarche.com/pt/Content/images/boitmal/produit/zoom/548B633A1D8C3F93E154AB2B4B15E53A.jpg,,,,2025-03-05T23:59:59.999999999Z,PROSPECTUS,12,2,,,
1415,5601252106653,750.0,Gallo,"Azeite virgem extra clássico, garrafa de 750 ml",,6.99,9.32,750,L,€/L,,,https://driveimg1.intermarche.com/pt/Content/images/boitmal/produit/zoom/DC87DA4316A72232830F32E3BEBD6BCD.jpg,,,,2025-03-05T23:59:59.999999999Z,PROSPECTUS,12,2,,,
14169,5601151734452,1000.0,Compal,"Sumo 100% maçã, 1 litro",,1.52,1.52,1000,L,€/L,,,https://driveimg1.intermarche.com/pt/Content/images/boitmal/produit/zoom/3B7D32B63074578EB7477E7E971C8957.jpg,,,,2025-03-05T23:59:59.999999999Z,PROSPECTUS,12,2,,,
14337,3387390320008,141.0,Nestlé,"Barras fitness com chocolate, embalagem de 140g",,2.09,14.82,0,kg,€/Kg,,,https://driveimg1.intermarche.com/pt/Content/images/boitmal/produit/zoom/60AE623A4FF700F6FDA38FA5729DE5A4.jpg,,,,2025-03-05T23:59:59.999999999Z,PROSPECTUS,12,2,,,
14567,8414516001222,100.0,Florette,"Rúcula, embalagem de 100 g",,1.49,14.9,0,kg,€/Kg,,,https://driveimg1.intermarche.com/pt/Content/images/boitmal/produit/zoom/69352806DB3A2E3EE0C58852E2326E11.jpg,,,,2025-03-05T23:59:59.999999999Z,PROSPECTUS,12,2,,,
14585,8414516074554,100.0,Florette,"Salada antioxidante, 100g",,1.49,14.9,0,kg,€/Kg,,,https://driveimg1.intermarche.com/pt/Content/images/boitmal/produit/zoom/87AD22D6D21C8388359D48D3BFA701BC.jpg,,,,2025-03-05T23:59:59.999999999Z,PROSPECTUS,12,2,,,
1462,5601286231772,250.0,Milaneza,"Massa, estrelinhas, embalagem de 250g",,0.57,2.28,0,kg,€/Kg,,,https://driveimg1.intermarche.com/pt/Content/images/boitmal/produit/zoom/3936C365D7B95744ED545201CA491D61.jpg,,,,2025-03-05T23:59:59.999999999Z,PROSPECTUS,12,2,,,
14708,5601244202332,250.0,Terra Nostra,"Manteiga com sal, embalagem de 250g",,2.19,8.76,0,kg,€/Kg,,,https://driveimg1.intermarche.com/pt/Content/images/boitmal/produit/zoom/65FCB78A5FF812302D26BA88AD727400.jpg,https://driveimg1.intermarche.com/pt/Content/images/boitmal/produit/zoom/9D76B5CC4F670644A71C1CF49788751C.jpg,,,2025-03-05T23:59:59.999999999Z,PROSPECTUS,12,2,,,
14876,2696308000000,,Pastelaria,Dawnut Glacé,50g,0.45,0.45,0,,€/Unidade,,,https://driveimg1.intermarche.com/pt/Content/images/boitmal/produit/zoom/FBBACA2910FED0EF98C5B8656D640AC4.jpg,,,,2025-03-05T23:59:59.999999999Z,PROSPECTUS,12,2,,,
15074,2893812000000,2500.0,Bacalhau,Bacalhau Graúdo da Noruega,1 un = 2.5 kg (aprox.),34.98,13.99,0,,€/Kg,,,https://driveimg1.intermarche.com/pt/Content/images/boitmal/produit/zoom/5B57E89267AA2374EF4EE7D25F5702E7.jpg,,,,2025-03-05T23:59:59.999999999Z,PROSPECTUS,12,2,,,
15724,5604260273294,600.0,PorSi,Néctar de tutti fruti,Pack 3 x 200 ml,0.94,1.57,600,L,€/L,,,https://driveimg1.intermarche.com/pt/Content/images/boitmal/produit/zoom/558191EC9D4A361F225FC094BDDF88A3.jpg,,,,2025-03-05T23:59:59.999999999Z,PROSPECTUS,12,2,,,
15800,7613035078369,125.0,Nescafé,"Cappuccino intenso, embalagem de 130g",,2.99,23.92,0,kg,€/Kg,,,https://driveimg1.intermarche.com/pt/Content/images/boitmal/produit/zoom/61DADA7427797DA3A992DAC69018853B.jpg,,,,2025-03-05T23:59:59.999999999Z,PROSPECTUS,12,2,,,
15962,5601252107056,250.0,Gallo,"Azeite virgem extra clássico, garrafa de 250 ml",,2.79,11.16,250,L,€/L,,,https://driveimg1.intermarche.com/pt/Content/images/boitmal/produit/zoom/09BE807A8C54B481888F449279BB53A1.jpg,,,,2025-03-05T23:59:59.999999999Z,PROSPECTUS,12,2,,,
16229,8712561587495,4000.0,Comfort,"Amaciador de roupa, pure, de 4 l",,4.99,1.25,4000,L,€/L,,,https://driveimg1.intermarche.com/pt/Content/images/boitmal/produit/zoom/AAE7E7461FE5C9CAA68CFDC37842673D.jpg,,,,2025-03-05T23:59:59.999999999Z,PROSPECTUS,12,2,,,
16610,8712561521703,700.0,Cif,"Creme abrasivo ativo com lixívia, de 700 ml",,2.69,3.84,700,L,€/L,,,https://driveimg1.intermarche.com/pt/Content/images/boitmal/produit/zoom/8A1C269FF05C78AE2B38E76648F4E8B5.jpg,,,,2025-03-05T23:59:59.999999999Z,PROSPECTUS,12,2,,,
17114,5000116110148,320.0,Capitão Iglo,"4 hamburguers vaca sem glúten, embalagem de 320g",,4.49,14.03,0,kg,€/Kg,,Tipo de stockagem,https://driveimg1.intermarche.com/pt/Content/images/boitmal/produit/zoom/F31F98EC751272F860D1F790EE53DF35.jpg,,,,2025-03-05T23:59:59.999999999Z,PROSPECTUS,12,2,,,
17402,8412600027233,700.0,Bimbo,Pão forma familiar normal,embalagem de 700 g,1.99,2.84,0,kg,€/Kg,,,https://driveimg1.intermarche.com/pt/Content/images/boitmal/produit/zoom/BD26753EF23D0DF0FDC14FCDC181B902.jpg,,,,2025-03-05T23:59:59.999999999Z,PROSPECTUS,12,2,,,
17419,5601119243781,110.0,Nobre,"Peito de frango fatias finas, embalagem de 110g",,2.2,20.0,0,kg,€/Kg,,,https://driveimg1.intermarche.com/pt/Content/images/boitmal/produit/zoom/568E87E8AE328D133D5414163DCC53D1.jpg,,,,2025-03-05T23:59:59.999999999Z,PROSPECTUS,12,2,,,
17665,8712100745591,754.0,Calvé,"Maionese top down, embalagem de 753 g",,3.49,4.63,0,kg,€/Kg,,,https://driveimg1.intermarche.com/pt/Content/images/boitmal/produit/zoom/C6F00A8AA4D7D21E56D34CFA61170423.jpg,,,,2025-03-05T23:59:59.999999999Z,PROSPECTUS,12,2,,,
18082,5601008100126,180.0,Vieira,"Bolacha integral doce, embalagem de 180g",,1.59,8.83,0,kg,€/Kg,,,https://driveimg1.intermarche.com/pt/Content/images/boitmal/produit/zoom/D76E49C832F58F7DA73E13F016A9A4FD.jpg,,,,2025-03-05T23:59:59.999999999Z,PROSPECTUS,12,2,,,
18084,5601008100539,300.0,Vieira,"Bolacha maria doces, embalagem de 300g",,2.09,6.97,0,kg,€/Kg,,,https://driveimg1.intermarche.com/pt/Content/images/boitmal/produit/zoom/D2F14C3854C93614A1A86C670F377C2D.jpg,,,,2025-03-05T23:59:59.999999999Z,PROSPECTUS,12,2,,,
18769,5601008101901,180.0,Vieira,"Bolachas cream cracker doses individuais, embalagem de 180g",,1.19,6.61,0,kg,€/Kg,,,https://driveimg1.intermarche.com/pt/Content/images/boitmal/produit/zoom/9A486CB80F8D69C059B7AAF4D82C4244.jpg,,,,2025-03-05T23:59:59.999999999Z,PROSPECTUS,12,2,,,
20434,5601244500063,1000.0,Terra Nostra,"Leite de pastagem meio gordo, embalagem de 1litro",,0.91,0.91,1000,L,€/L,,,https://driveimg1.intermarche.com/pt/Content/images/boitmal/produit/zoom/2F15C65373BE6E3E66B7AB63273FD2E6.jpg,https://driveimg1.intermarche.com/pt/Content/images/boitmal/produit/zoom/E82125FE177156A16B33D08208F11D7F.jpg,,,2025-03-05T23:59:59.999999999Z,PROSPECTUS,12,2,,,
20546,3387390326468,375.0,Nestlé,Cereais fitness chocolate,Embalagem de 380g,2.99,7.97,0,kg,€/Kg,,,https://driveimg1.intermarche.com/pt/Content/images/boitmal/produit/zoom/3B69CCD1D22119150AD46AAF10E61DE1.jpg,,,,2025-03-05T23:59:59.999999999Z,PROSPECTUS,12,2,,,
21051,8435257034300,640.0,Nestlé,"Iogurte líquido yoggi, sem lactose, morango, embalagem de 4 x 160g",,2.19,3.42,0,kg,€/Kg,,,https://driveimg1.intermarche.com/pt/Content/images/boitmal/produit/zoom/D5CB31CBF064EE8A66067DB03B82499E.jpg,,,,2025-03-05T23:59:59.999999999Z,PROSPECTUS,12,2,,,
22953,8411660670236,750.0,Sanytol,Desinfetante Multiusos,Embalagem de 750 ml,2.49,3.32,750,L,€/L,,,https://driveimg1.intermarche.com/pt/Content/images/boitmal/produit/zoom/1EEAA97664C33C6BEBEA4FA4B7290F03.jpg,,,,2025-03-05T23:59:59.999999999Z,PROSPECTUS,12,2,,,
23353,5000116112197,375.0,Capitão Iglo,"18 nuggets de frango, embalagem de 380g",,4.99,13.31,0,kg,€/Kg,,Tipo de stockagem,https://driveimg1.intermarche.com/pt/Content/images/boitmal/produit/zoom/F26C89B365D9DC17E138C74AB049DE6B.jpg,,,,2025-03-05T23:59:59.999999999Z,PROSPECTUS,12,2,,,
23590,5603722514142,1600.0,Agros,"Leite com chocolate, embalagem de 8x200 ml",,2.88,1.8,1600,L,€/L,,,https://driveimg1.intermarche.com/pt/Content/images/boitmal/produit/zoom/4B07C2A65AC5D9D66E12210391EDB136.jpg,,,,2025-03-05T23:59:59.999999999Z,PROSPECTUS,12,2,,,
23652,8712000900175,6000.0,Heineken,"Cerveja com álcool, pack 24 x 0.25 l",,14.99,2.5,6000,L,€/L,,,https://driveimg1.intermarche.com/pt/Content/images/boitmal/produit/zoom/AB5BBEB462A56533212E5950F8D46993.jpg,,,,2025-03-05T23:59:59.999999999Z,PROSPECTUS,12,2,,,
24671,8434165446434,200.0,Cuétara,"Bolacha cream cracker, embalagem de 200g",,0.79,3.95,0,kg,€/Kg,,,https://driveimg1.intermarche.com/pt/Content/images/boitmal/produit/zoom/A4FBE3DF781C8EA67D53DA541A9BAD87.jpg,,,,2025-03-05T23:59:59.999999999Z,PROSPECTUS,12,2,,,
24923,5601066632799,43.0,Margão,"Tempero segredos alho e salsa, 43g",,2.24,52.09,0,kg,€/Kg,,,https://driveimg1.intermarche.com/pt/Content/images/boitmal/produit/zoom/052D9EEB90245B91F1330C2D46B48ACF.jpg,,,,2025-03-05T23:59:59.999999999Z,PROSPECTUS,12,2,,,
25814,8426617003432,75.0,Haribo,"Gomas spaghetti pica morango, 80g",,1.04,13.87,0,kg,€/Kg,,,https://driveimg1.intermarche.com/pt/Content/images/boitmal/produit/zoom/ECC50F272383CBD21A151AB497C2D431.jpg,,,,2025-03-05T23:59:59.999999999Z,PROSPECTUS,12,2,,,
25815,8426617002534,100.0,Haribo,"Gomas tropifrutti, embalagem de 100g",,1.04,10.4,0,kg,€/Kg,,,https://driveimg1.intermarche.com/pt/Content/images/boitmal/produit/zoom/16F645822334AA6A4FC24246B91468C9.jpg,,,,2025-03-05T23:59:59.999999999Z,PROSPECTUS,12,2,,,
25883,5449000008763,1500.0,Fanta,"Refrigerante com gás laranja, garrafa de 1,5 l",,0.99,0.66,1500,L,€/L,,,https://driveimg1.intermarche.com/pt/Content/images/boitmal/produit/zoom/FC51AAD13F2C3DD9969EDD9F1221FFFF.jpg,,,,2025-03-05T23:59:59.999999999Z,PROSPECTUS,12,2,,,
26341,5601012011920,750.0,Papa Figos,"Vinho doc douro branco, garrafa de 750 ml",,5.99,7.99,750,L,€/L,,,https://driveimg1.intermarche.com/pt/Content/images/boitmal/produit/zoom/47C911133755ED927EA5820F32D168BD.jpg,,,,2025-03-05T23:59:59.999999999Z,PROSPECTUS,12,2,,,
2740,8410063016627,400.0,Pescanova,"4 filetes de pescada panados com limão, embalagem de 400g",,4.99,12.48,0,kg,€/Kg,,Tipo de stockagem,https://driveimg1.intermarche.com/pt/Content/images/boitmal/produit/zoom/793D04BEFB15F5DF82BA7896A4F9F018.jpg,,,,2025-03-05T23:59:59.999999999Z,PROSPECTUS,12,2,,,
27775,8410500017699,480.0,Danone,"Activia 0% Frutos Silvestres Cremoso,  4x120 g",,1.99,4.15,0,kg,€/Kg,,,https://driveimg1.intermarche.com/pt/Content/images/boitmal/produit/zoom/4E62DCF5F4DD4F8D2F37C752D5F96412.jpg,,,,2025-03-05T23:59:59.999999999Z,PROSPECTUS,12,2,,,
29263,8414516090615,100.0,Florette,Salada Gourmet 8 Brotes,Embalagem de 100 g,1.49,14.9,0,kg,€/Kg,,,https://driveimg1.intermarche.com/pt/Content/images/boitmal/produit/zoom/F31CD8F501723124D6B2E5650152B276.jpg,,,,2025-03-05T23:59:59.999999999Z,PROSPECTUS,12,2,,,
29366,8710447376133,435.0,Cif,"Spray fornos e grelhadores, 435 ml",,2.49,5.72,435,L,€/L,,,https://driveimg1.intermarche.com/pt/Content/images/boitmal/produit/zoom/0983FC0F3C1B5D9C271D56B3C7E3A30E.jpg,,,,2025-03-05T23:59:59.999999999Z,PROSPECTUS,12,2,,,
29613,5604260283538,1000.0,PorSi Viva Bem,Bebida de Aveia,1 l,0.99,0.99,1000,L,€/L,,,https://driveimg1.intermarche.com/pt/Content/images/boitmal/produit/zoom/1EE40BC1DA49C5CE3D084214B1D3D3B9.jpg,,,,2025-03-05T23:59:59.999999999Z,PROSPECTUS,12,2,,,
29834,8712100516467,480.0,Olá,"Gelado cornetto mini clássico, embalagem de 8 x 60 ml",,3.89,8.1,480,L,€/L,,Tipo de stockagem,https://driveimg1.intermarche.com/pt/Content/images/boitmal/produit/zoom/966639A10CEAB2E0B5CACE51C203C362.jpg,,,,2025-03-05T23:59:59.999999999Z,PROSPECTUS,12,2,,,
30638,5607233511584,435.0,Panrico,Pão de Forma Cerealia 14 Cereais e Sementes 0% Açúcares,Embalagem de 440g,1.89,4.34,0,kg,€/Kg,,,https://driveimg1.intermarche.com/pt/Content/images/boitmal/produit/zoom/80E82D3789FD680BAAA3FD45989D08CD.jpg,,,,2025-03-05T23:59:59.999999999Z,PROSPECTUS,12,2,,,
32551,5608527002764,750.0,Casa Ermelinda Freitas,Vinho Vinha da Fonte Setúbal tinto,Garrafa de 0.75 l,2.99,3.99,750,L,€/L,,,https://driveimg1.intermarche.com/pt/Content/images/boitmal/produit/zoom/06E0D835BF6FF987E9BF7993FA3DFA28.jpg,,,,2025-03-05T23:59:59.999999999Z,PROSPECTUS,12,2,,,
32552,5608527002771,750.0,Casa Ermelinda Freitas,Vinho Vinha da Fonte Setúbal branco,Garrafa de 0.75 l,2.99,3.99,750,L,€/L,,,https://driveimg1.intermarche.com/pt/Content/images/boitmal/produit/zoom/3B4E94DF0789B17689D4268EA2DA7F36.jpg,,,,2025-03-05T23:59:59.999999999Z,PROSPECTUS,12,2,,,
34199,3083680905008,700.0,Bonduelle,"Salteado mediterrâneo, embalagem de 750 g",,4.09,5.84,0,kg,€/Kg,,Tipo de stockagem,https://driveimg1.intermarche.com/pt/Content/images/boitmal/produit/zoom/B23675E7CD8B0377798B2F686A375FC0.jpg,,,,2025-03-05T23:59:59.999999999Z,PROSPECTUS,12,2,,,
34404,7613034675842,198.0,Lion,Chocolate lion mini,Embalagem de 198 g,3.35,16.92,0,kg,€/Kg,,,https://driveimg1.intermarche.com/pt/Content/images/boitmal/produit/zoom/E28536C14F7B040FA228E53807A4A467.jpg,,,,2025-03-05T23:59:59.999999999Z,PROSPECTUS,12,2,,,
34456,5604260325726,330.0,PorSi,Salsicha fresca merguez,Embalagem de 330 g,5.29,16.03,0,kg,€/Kg,,,https://driveimg1.intermarche.com/pt/Content/images/boitmal/produit/zoom/5AF24CB9ECB0552B9DC2158D80B5D568.jpg,,,,2025-03-05T23:59:59.999999999Z,PROSPECTUS,12,2,,,
36263,5601027973060,480.0,Bimbo,Pão de forma integral,Embalagem de 480 g,1.89,3.94,0,kg,€/Kg,,,https://driveimg1.intermarche.com/pt/Content/images/boitmal/produit/zoom/34F016B3F162809D8E0423F1C3245DFD.jpg,,,,2025-03-05T23:59:59.999999999Z,PROSPECTUS,12,2,,,
36282,5602016061096,750.0,Cacho Fresco,"Vinho branco frisante, garrafa de 0.75 l",,1.64,2.19,750,L,€/L,,,https://driveimg1.intermarche.com/pt/Content/images/boitmal/produit/zoom/6D86515914160CB8CA3A3E44260175D9.jpg,,,,2025-03-05T23:59:59.999999999Z,PROSPECTUS,12,2,,,
36711,5604260294862,200.0,PorSi,Queijo edam fatias,Embalagem de 200 g,1.69,8.45,0,kg,€/Kg,,,https://driveimg1.intermarche.com/pt/Content/images/boitmal/produit/zoom/46DECF3B546FE1C267F5C56013613756.jpg,,,,2025-03-05T23:59:59.999999999Z,PROSPECTUS,12,2,,,
37485,5602016141033,750.0,Cacho Fresco,"Vinho rosé frisante, garrafa de 0.75 l",,1.64,2.19,750,L,€/L,,,https://driveimg1.intermarche.com/pt/Content/images/boitmal/produit/zoom/ABEDB6CA7590C3F844195DC134FB3B76.jpg,,,,2025-03-05T23:59:59.999999999Z,PROSPECTUS,12,2,,,
37604,5601244500148,1000.0,Terra Nostra,"Leite pastagem uht terra nostra inteiro, de 1l",,1.0,1.0,1000,L,€/L,,,https://driveimg1.intermarche.com/pt/Content/images/boitmal/produit/zoom/FD5D7959D64996AF38252024C576D1F9.jpg,https://driveimg1.intermarche.com/pt/Content/images/boitmal/produit/zoom/CA7222E1CEE2BE2C3D48716FA51D8421.jpg,,,2025-03-05T23:59:59.999999999Z,PROSPECTUS,12,2,,,
40666,5604260303717,550.0,PorSi,"Queijo de vaca curado amanteigado, +/- 550 g",,4.79,8.71,0,kg,€/Kg,,,https://driveimg1.intermarche.com/pt/Content/images/boitmal/produit/zoom/FA9B99B490F3B05F95DF1946378C72AD.jpg,,,,2025-03-05T23:59:59.999999999Z,PROSPECTUS,12,2,,,
40975,8710604795333,1000.0,Lipton,"Chá verde pessêgo branco pet, garrafa de 1l",,1.45,1.45,1000,L,€/L,,,https://driveimg1.intermarche.com/pt/Content/images/boitmal/produit/zoom/562DBE3988A82DEB82C8C13B4163B14B.jpg,,,,2025-03-05T23:59:59.999999999Z,PROSPECTUS,12,2,,,
41149,8710522571477,225.0,Linic,"Champô para homem oleosidade, embalagem de 225 ml",,3.34,14.84,225,L,€/L,,,https://driveimg1.intermarche.com/pt/Content/images/boitmal/produit/zoom/B14FEECAAF1AB05F6A47FD9FA1FDD524.jpg,,,,2025-03-05T23:59:59.999999999Z,PROSPECTUS,12,2,,,
41439,5604260305803,70.0,PorSi Select,"Paio do lombo de porco preto, 70 g",,4.49,64.14,0,kg,€/Kg,,,https://driveimg1.intermarche.com/pt/Content/images/boitmal/produit/zoom/FC4D8B8993BE3FCCF3CEE9D4E3E7FC70.jpg,,,,2025-03-05T23:59:59.999999999Z,PROSPECTUS,12,2,,,
41895,5000116125784,220.0,Capitão Iglo,"12 nuggets frango polme americano, embalagem de 220g",,2.99,13.59,0,kg,€/Kg,,Tipo de stockagem,https://driveimg1.intermarche.com/pt/Content/images/boitmal/produit/zoom/E342C1C812C93A809F88301C9A1AFE84.jpg,,,,2025-03-05T23:59:59.999999999Z,PROSPECTUS,12,2,,,
41979,5601050036244,160.0,Danone,"Yopro manteiga amendoim banana, embalagem de 160g",,1.09,6.81,0,kg,€/Kg,,,https://driveimg1.intermarche.com/pt/Content/images/boitmal/produit/zoom/FA86300496543407BC1BC50B2C72D742.jpg,,,,2025-03-05T23:59:59.999999999Z,PROSPECTUS,12,2,,,
42777,5604260307159,250.0,PorSi,Farinheira do fundão,Embalagem de 250g,2.49,9.96,0,kg,€/Kg,,,https://driveimg1.intermarche.com/pt/Content/images/boitmal/produit/zoom/AE100699EBB2063DCA1EEE97793A4DD8.jpg,,,,2025-03-05T23:59:59.999999999Z,PROSPECTUS,12,2,,,
43081,5604260308989,750.0,PorSi,"Creme de limpeza com lixívia, 750 ml",,1.19,1.59,750,L,€/L,,,https://driveimg1.intermarche.com/pt/Content/images/boitmal/produit/zoom/1139EAA168CCBEE4FD046BC327A8D809.jpg,https://driveimg1.intermarche.com/pt/Content/images/boitmal/produit/zoom/46E14346C7A61E4D63FF4CE13D6AE781.jpg,https://driveimg1.intermarche.com/pt/Content/images/boitmal/produit/zoom/46E14346C7A61E4D63FF4CE13D6AE781.jpg,https://driveimg1.intermarche.com/pt/Content/images/boitmal/produit/zoom/46E14346C7A61E4D63FF4CE13D6AE781.jpg,2025-03-05T23:59:59.999999999Z,PROSPECTUS,12,2,https://driveimg1.intermarche.com/pt/Content/images/boitmal/produit/zoom/46E14346C7A61E4D63FF4CE13D6AE781.jpg,https://driveimg1.intermarche.com/pt/Content/images/boitmal/produit/zoom/46E14346C7A61E4D63FF4CE13D6AE781.jpg,https://driveimg1.intermarche.com/pt/Content/images/boitmal/produit/zoom/46E14346C7A61E4D63FF4CE13D6AE781.jpg
43215,5603722519802,300.0,Castelões,"Queijo curado fatias sem lactose, 2x150g",,3.49,11.63,0,kg,€/Kg,,,https://driveimg1.intermarche.com/pt/Content/images/boitmal/produit/zoom/00AFD4E031A3F72FB642915439BD8EFE.jpg,,,,2025-03-05T23:59:59.999999999Z,PROSPECTUS,12,2,,,
43374,5604260307166,250.0,PorSi,Morcela assar fundao,Embalagem de 250g,2.59,10.36,0,kg,€/Kg,,,https://driveimg1.intermarche.com/pt/Content/images/boitmal/produit/zoom/A6811FFD06B5A9C3E2DC28983E04EF86.jpg,https://driveimg1.intermarche.com/pt/Content/images/boitmal/produit/zoom/18CE59FFC257102F97438AA54E07B2CC.jpg,https://driveimg1.intermarche.com/pt/Content/images/boitmal/produit/zoom/18CE59FFC257102F97438AA54E07B2CC.jpg,https://driveimg1.intermarche.com/pt/Content/images/boitmal/produit/zoom/18CE59FFC257102F97438AA54E07B2CC.jpg,2025-03-05T23:59:59.999999999Z,PROSPECTUS,12,2,https://driveimg1.intermarche.com/pt/Content/images/boitmal/produit/zoom/18CE59FFC257102F97438AA54E07B2CC.jpg,,
43768,7613287121783,187.0,Smarties,"Smarties mini chocolate, 187g",,3.35,17.91,0,kg,€/Kg,,,https://driveimg1.intermarche.com/pt/Content/images/boitmal/produit/zoom/044C78E073B5B5B26D68268157615A9F.jpg,https://driveimg1.intermarche.com/pt/Content/images/boitmal/produit/zoom/E8FEE980732B87942B93ED2D1ABFFA78.jpg,https://driveimg1.intermarche.com/pt/Content/images/boitmal/produit/zoom/E8FEE980732B87942B93ED2D1ABFFA78.jpg,https://driveimg1.intermarche.com/pt/Content/images/boitmal/produit/zoom/E8FEE980732B87942B93ED2D1ABFFA78.jpg,2025-03-05T23:59:59.999999999Z,PROSPECTUS,12,2,https://driveimg1.intermarche.com/pt/Content/images/boitmal/produit/zoom/E8FEE980732B87942B93ED2D1ABFFA78.jpg,,
438,8722700140139,20.0,Lipton,"20 saquetas infusão de cidreira, embalagem de 20g",,1.49,74.5,0,kg,€/Kg,,,https://driveimg1.intermarche.com/pt/Content/images/boitmal/produit/zoom/75772B648D442A3C0BB5D4E8A4601B76.jpg,,,,2025-03-05T23:59:59.999999999Z,PROSPECTUS,12,2,,,
43878,2773120000000,400.0,PorSi,"Strogonoff de Frango, embalagem de 400g (aprox.)",,3.6,8.99,0,,€/Kg,,,https://driveimg1.intermarche.com/pt/Content/images/boitmal/produit/zoom/B0564C72162089A88CD1254AA02E059D.jpg,,,,2025-03-05T23:59:59.999999999Z,PROSPECTUS,12,2,,,
44730,3083681122312,750.0,Bonduelle,"Salteado do campo, embalagem de 750g",,4.25,5.67,0,kg,€/Kg,,Tipo de stockagem,https://driveimg1.intermarche.com/pt/Content/images/boitmal/produit/zoom/5C79A9ADE266240E779C75965887A3A9.jpg,,,,2025-03-05T23:59:59.999999999Z,PROSPECTUS,12,2,,,
44936,8711327318373,540.0,Olá,"Cornetto clássico, embalagem de 6 x 90 ml",,3.29,6.09,540,L,€/L,,Tipo de stockagem,https://driveimg1.intermarche.com/pt/Content/images/boitmal/produit/zoom/375352E817B7CDAB1DA63F9C8C8FF261.jpg,,,,2025-03-05T23:59:59.999999999Z,PROSPECTUS,12,2,,,
45431,5601050036893,300.0,Danone,"Yopro líquido manga, embalagem de 300g",,1.99,6.63,0,kg,€/Kg,,,https://driveimg1.intermarche.com/pt/Content/images/boitmal/produit/zoom/1E004FD89D8A20EC3FC964ADAE11A7AF.jpg,,,,2025-03-05T23:59:59.999999999Z,PROSPECTUS,12,2,,,
46214,8710438112887,500.0,MCCAIN,"Batata palito forno express, embalagem de 500g",,2.45,4.9,0,kg,€/Kg,,Tipo de stockagem,https://driveimg1.intermarche.com/pt/Content/images/boitmal/produit/zoom/0228B7DA2D869BE6CC08EB6C3BA8A725.jpg,https://driveimg1.intermarche.com/pt/Content/images/boitmal/produit/zoom/BE4E51C3521B5F08FDF70D7B93729985.jpg,,,2025-03-05T23:59:59.999999999Z,PROSPECTUS,12,2,,,
46286,5604260320318,240.0,PorSi,Churritos,Embalagem de 240g,1.69,7.04,0,kg,€/Kg,,,https://driveimg1.intermarche.com/pt/Content/images/boitmal/produit/zoom/83C140822070B4C91BCC6BCAA238BFF7.jpg,,,,2025-03-05T23:59:59.999999999Z,PROSPECTUS,12,2,,,
46340,8720181029370,150.0,Axe,"Desodorizante spray dark temptation, embalagem de 150 ml",,3.59,23.93,150,L,€/L,,,https://driveimg1.intermarche.com/pt/Content/images/boitmal/produit/zoom/6089641281D0C2E4D5F46619C43CCB3F.jpg,,,,2025-03-05T23:59:59.999999999Z,PROSPECTUS,12,2,,,
46341,8720181031595,150.0,Axe,"Desodorizante Spray Anarchy, 150 ml",,3.59,23.93,150,L,€/L,,,https://driveimg1.intermarche.com/pt/Content/images/boitmal/produit/zoom/FAB84EE4955A329821EBC2032E3753D4.jpg,,,,2025-03-05T23:59:59.999999999Z,PROSPECTUS,12,2,,,
46606,5604260318384,100.0,PorSi,Queijo azul,100 g,1.75,17.5,0,kg,€/Kg,,,https://driveimg1.intermarche.com/pt/Content/images/boitmal/produit/zoom/193B6BA07710373997636A43021AF4C5.jpg,,,,2025-03-05T23:59:59.999999999Z,PROSPECTUS,12,2,,,
46788,5604260319596,,PorSi,Papel higiénico acolchoado folha tripla,Embalagem de 9 rolos,4.59,4.59,0,,€/Unidade,,,https://driveimg1.intermarche.com/pt/Content/images/boitmal/produit/zoom/57B1963333803CB13989FA0FC627B14F.jpg,,,,2025-03-05T23:59:59.999999999Z,PROSPECTUS,12,2,,,
46825,5603722518287,720.0,Mimosa,"Iogurte magro aroma multi sabores de morango e kiwi/manga, 6 x 120g",,1.99,2.76,0,kg,€/Kg,,,https://driveimg1.intermarche.com/pt/Content/images/boitmal/produit/zoom/EBBE1EB3FBC3C9322F0040C9AA4B6B04.jpg,,,,2025-03-05T23:59:59.999999999Z,PROSPECTUS,12,2,,,
46942,8720181032240,150.0,Axe,"Desodorizante Spray Africa, 150 ml",,3.59,23.93,150,L,€/L,,,https://driveimg1.intermarche.com/pt/Content/images/boitmal/produit/zoom/32F20BBF1B15684F8F235B9CCA909BFF.jpg,,,,2025-03-05T23:59:59.999999999Z,PROSPECTUS,12,2,,,
47108,7616100952021,170.0,Nestlé,"Creme de Leite, 170g",,2.14,12.59,0,kg,€/Kg,,,https://driveimg1.intermarche.com/pt/Content/images/boitmal/produit/zoom/F25DF165524A2CFEB905BC02C7E086BA.jpg,,,,2025-03-05T23:59:59.999999999Z,PROSPECTUS,12,2,,,
4783,5000396036091,218.0,McVities,"Bolachas fruit & form, frutos de bosques, embalagem de 220g",,1.99,9.13,0,kg,€/Kg,,,https://driveimg1.intermarche.com/pt/Content/images/boitmal/produit/zoom/5A07660780F6FA75A3C811D949B39846.jpg,,,,2025-03-05T23:59:59.999999999Z,PROSPECTUS,12,2,,,
4785,5000396036138,218.0,McVities,"Bolachas fruit & forma, maçã e canela, embalagem de 220g",,1.99,9.13,0,kg,€/Kg,,,https://driveimg1.intermarche.com/pt/Content/images/boitmal/produit/zoom/4769CC9B7DCE0DA17354265C7FF7343C.jpg,,,,2025-03-05T23:59:59.999999999Z,PROSPECTUS,12,2,,,
47895,0000042182627,50.0,Vaseline,"Vaselina Original, 50ml",50 ml,1.49,29.8,50,L,€/L,,,https://driveimg1.intermarche.com/pt/Content/images/boitmal/produit/zoom/E0EB13990B782E556D3F0DA6E2E82981.jpg,,,,2025-03-05T23:59:59.999999999Z,PROSPECTUS,12,2,,,
48176,5604260319800,190.0,PorSi,"Queijo curado mistura, 190 g",,2.49,13.11,0,kg,€/Kg,,,https://driveimg1.intermarche.com/pt/Content/images/boitmal/produit/zoom/628AFDA16D5E6F83BEF936E1A7F80AB8.jpg,,,,2025-03-05T23:59:59.999999999Z,PROSPECTUS,12,2,,,
48583,8001665717311,250.0,Rana,"Tortellini de fiambre e queijo, 250g",,2.61,10.44,0,kg,€/Kg,,,https://driveimg1.intermarche.com/pt/Content/images/boitmal/produit/zoom/30A5D58EA6D7343DAB7C551FE2B785D7.jpg,https://driveimg1.intermarche.com/pt/Content/images/boitmal/produit/zoom/1F39E145849E8A47AAEC92A4B028C94D.jpg,,,2025-03-05T23:59:59.999999999Z,PROSPECTUS,12,2,,,
48860,5604260319794,150.0,PorSi Viva Bem,Queijo mozzarella light ralado,Embalagem de 150 g,1.59,10.6,0,kg,€/Kg,,,https://driveimg1.intermarche.com/pt/Content/images/boitmal/produit/zoom/35271112CCD07C945317D670793A0A37.jpg,,,,2025-03-05T23:59:59.999999999Z,PROSPECTUS,12,2,,,
49307,5601151969656,1000.0,Compal,"Sumo 100% fruta multifrutos, 1litro",,1.52,1.52,1000,L,€/L,,,https://driveimg1.intermarche.com/pt/Content/images/boitmal/produit/zoom/81AB3775D436693BA0618754D9327208.jpg,,,,2025-03-05T23:59:59.999999999Z,PROSPECTUS,12,3,,,
49725,5010867204928,750.0,Altano,Vinho Branco do Douro,Garrafa de 750 ml,3.79,5.05,750,L,€/L,,,https://driveimg1.intermarche.com/pt/Content/images/boitmal/produit/zoom/C91C03F9F077EA41B3D75A3393D28939.jpg,,,,2025-03-05T23:59:59.999999999Z,PROSPECTUS,12,3,,,
4987,5601012115505,750.0,Planalto,"Vinho doc douro branco, garrafa de 0.75 l",,3.99,5.32,750,L,€/L,,,https://driveimg1.intermarche.com/pt/Content/images/boitmal/produit/zoom/D4AD0E54C5A44C41C52E5EE1F77D08EB.jpg,,,,2025-03-05T23:59:59.999999999Z,PROSPECTUS,12,3,,,
50033,5601050037593,300.0,Yopro,"Iogurte liquido pêssego maragujá, 300g",,1.99,6.63,0,kg,€/Kg,,,https://driveimg1.intermarche.com/pt/Content/images/boitmal/produit/zoom/FBD4E9C7CBF6F8731249673D25B3B2EC.jpg,,,,2025-03-05T23:59:59.999999999Z,PROSPECTUS,12,3,,,
50386,8445290290014,30.0,Maggi,"Molho suculento frango no forno com alho e cebola em saqueta, 30g",,0.89,29.67,0,kg,€/Kg,,,https://driveimg1.intermarche.com/pt/Content/images/boitmal/produit/zoom/0DEECC66FD9482A59A0436C06913C5D2.jpg,,,,2025-03-05T23:59:59.999999999Z,PROSPECTUS,12,3,,,
50405,8445290489173,900.0,Cerelac,"Papa Infantil 12 meses, 900g",,6.29,6.99,0,kg,€/Kg,,,https://driveimg1.intermarche.com/pt/Content/images/boitmal/produit/zoom/79C2E535CBAB06EFF8E7EE2B8A2191BC.jpg,,,,2025-03-05T23:59:59.999999999Z,PROSPECTUS,12,3,,,
50477,8410063087016,400.0,Pescanova,"Filetes de pescada com alho e salsa, 400g",,4.99,12.48,0,kg,€/Kg,,Tipo de stockagem,https://driveimg1.intermarche.com/pt/Content/images/boitmal/produit/zoom/1D8DBC2ECA1AA6FEC5E899EA860B48E6.jpg,,,,2025-03-05T23:59:59.999999999Z,PROSPECTUS,12,3,,,
50585,5011546475165,140.0,Nescafé,"Cappucino, 10x14g",,2.99,21.36,0,kg,€/Kg,,,https://driveimg1.intermarche.com/pt/Content/images/boitmal/produit/zoom/C1B273BE6C035C1849789CACAEFB1B0C.jpg,,,,2025-03-05T23:59:59.999999999Z,PROSPECTUS,12,3,,,
5126,5601068014494,750.0,Cif,"Desinfetante em gel com lixívia, de 750 ml",,1.49,1.99,750,L,€/L,,,https://driveimg1.intermarche.com/pt/Content/images/boitmal/produit/zoom/77935B9909F887F8D557F56915EB5FD9.jpg,,,,2025-03-05T23:59:59.999999999Z,PROSPECTUS,12,3,,,
51837,8711327587205,2000.0,Lipton,Ice tea lipton pessego 2l,,2.39,1.2,2000,L,€/L,,,https://driveimg1.intermarche.com/pt/Content/images/boitmal/produit/zoom/337078DD8DFA2309401BA5C925E0DABA.jpg,,,,2025-03-05T23:59:59.999999999Z,PROSPECTUS,12,3,,,
52049,3073781193091,250.0,A Vaca Que Ri,"Queijo fundido, 250g",,2.95,11.8,0,kg,€/Kg,,,https://driveimg1.intermarche.com/pt/Content/images/boitmal/produit/zoom/95197B9CF404BE8AF1D5A1B4E7B898B7.jpg,,,,2025-03-05T23:59:59.999999999Z,PROSPECTUS,12,3,,,
52221,8720181370427,,Surf,"Detergente máquina de roupa coco, 45 cápsulas",,8.99,8.99,45,,€/Unidade,,,https://driveimg1.intermarche.com/pt/Content/images/boitmal/produit/zoom/68E9EA6E3CFD21F29C2BD3393A86D585.jpg,,,,2025-03-05T23:59:59.999999999Z,PROSPECTUS,12,3,,,
52284,5604260330218,750.0,PorSi,"Sumo fresco de laranja, garrafa de 0.75 litros",,1.79,2.39,750,L,€/L,,,https://driveimg1.intermarche.com/pt/Content/images/boitmal/produit/zoom/CACD094C3EDA8EF40AB39B141504422E.jpg,,,,2025-03-05T23:59:59.999999999Z,PROSPECTUS,12,3,,,
52339,8720181392924,1368.0,Comfort,"Amaciador Roupa Concentrado Creations Lírios e Morango, 76 doses",,3.99,2.92,1368,L,€/L,,,https://driveimg1.intermarche.com/pt/Content/images/boitmal/produit/zoom/CE8FB9A40EB58A232C2FDE5C1B9A52E7.jpg,,,,2025-03-05T23:59:59.999999999Z,PROSPECTUS,12,3,,,
52378,8720181407130,1300.0,Cif,"Lava tudo vinagre, embalagem de 1,3l",,1.99,1.53,1300,L,€/L,,,https://driveimg1.intermarche.com/pt/Content/images/boitmal/produit/zoom/171393A645468062F81960E4867EA09F.jpg,https://driveimg1.intermarche.com/pt/Content/images/boitmal/produit/zoom/ACC8FB9EC20CE1255E2C2456FAF7B5E2.jpg,,,2025-03-05T23:59:59.999999999Z,PROSPECTUS,12,3,,,
52528,5604260330942,750.0,Selecção de Enófilos,Vinho Tinto do Douro Touriga-Nacional,Garrafa de 0.75 litros,3.99,5.32,750,L,€/L,,,https://driveimg1.intermarche.com/pt/Content/images/boitmal/produit/zoom/DDFACC85C00AF8454AB79CCB2C000008.jpg,,,,2025-03-05T23:59:59.999999999Z,PROSPECTUS,12,3,,,
52574,5604260329441,320.0,PorSi,"Chouriço Extra Longo Ribatejo, 320 g",,5.49,17.16,0,kg,€/Kg,,,https://driveimg1.intermarche.com/pt/Content/images/boitmal/produit/zoom/270306BE07AA2F2FDD6D65638436A56D.jpg,,,,2025-03-05T23:59:59.999999999Z,PROSPECTUS,12,3,,,
52636,8719200269026,400.0,Planta,"Creme vegetal para barrar, 400g",,2.54,6.35,0,kg,€/Kg,,,https://driveimg1.intermarche.com/pt/Content/images/boitmal/produit/zoom/F65911004A3F054AD79E8D4223582388.jpg,,,,2025-03-05T23:59:59.999999999Z,PROSPECTUS,12,3,,,
5272,5601164902312,4800.0,Super Bock,"Cerveja com álcool, pack 24 x 0.20 l",,9.99,2.08,4800,L,€/L,,,https://driveimg1.intermarche.com/pt/Content/images/boitmal/produit/zoom/A98E5FF8E5DDF166F2B333F0EE0114E7.jpg,https://driveimg1.intermarche.com/pt/Content/images/boitmal/produit/zoom/C2C2858ADC421F33AF17C6115D108100.jpg,,,2025-03-05T23:59:59.999999999Z,PROSPECTUS,12,3,,,
52857,5000299628713,700.0,BallantineS,"Whiskey 10 anos, garrafa de 700 ml",,21.19,30.27,700,L,€/L,,,https://driveimg1.intermarche.com/pt/Content/images/boitmal/produit/zoom/84FA40945AEADF7B85757ECC99D3C4BC.jpg,https://driveimg1.intermarche.com/pt/Content/images/boitmal/produit/zoom/A84BA43EC29C56E09F1E5A7D7C7796C0.jpg,https://driveimg1.intermarche.com/pt/Content/images/boitmal/produit/zoom/A84BA43EC29C56E09F1E5A7D7C7796C0.jpg,,2025-03-05T23:59:59.999999999Z,PROSPECTUS,12,3,,,
52880,8719200267794,450.0,Becel,"Creme vegetal de barrar com sabor a manteiga, 450g",,3.56,7.91,0,kg,€/Kg,,,https://driveimg1.intermarche.com/pt/Content/images/boitmal/produit/zoom/E2EFE8BE5E96AF9FCA9D840059BF696C.jpg,https://driveimg1.intermarche.com/pt/Content/images/boitmal/produit/zoom/287D301C66C180312FAA8A3BAE7EA710.jpg,https://driveimg1.intermarche.com/pt/Content/images/boitmal/produit/zoom/287D301C66C180312FAA8A3BAE7EA710.jpg,https://driveimg1.intermarche.com/pt/Content/images/boitmal/produit/zoom/287D301C66C180312FAA8A3BAE7EA710.jpg,2025-03-05T23:59:59.999999999Z,PROSPECTUS,12,3,,,
52892,8720182632296,3780.0,Surf,"Detergente roupa máquina líquido coco, 84 cápsulas",,9.99,2.64,3780,L,€/L,,,https://driveimg1.intermarche.com/pt/Content/images/boitmal/produit/zoom/2B1C4CC08FD9DDDB8337DBBBEC27ED21.jpg,https://driveimg1.intermarche.com/pt/Content/images/boitmal/produit/zoom/10B97661DB4C68339D42D3336A959B4F.jpg,https://driveimg1.intermarche.com/pt/Content/images/boitmal/produit/zoom/10B97661DB4C68339D42D3336A959B4F.jpg,https://driveimg1.intermarche.com/pt/Content/images/boitmal/produit/zoom/10B97661DB4C68339D42D3336A959B4F.jpg,2025-03-05T23:59:59.999999999Z,PROSPECTUS,12,3,,,
52897,8720181392917,1332.0,Comfort,"Amaciador concentrado essência pure, 74 doses",,3.49,2.62,1332,L,€/L,,,https://driveimg1.intermarche.com/pt/Content/images/boitmal/produit/zoom/F5C0D70B94DAAFB0949EA4EE48242D35.jpg,https://driveimg1.intermarche.com/pt/Content/images/boitmal/produit/zoom/6C81AB307354BD851AD24288672BBAB9.jpg,https://driveimg1.intermarche.com/pt/Content/images/boitmal/produit/zoom/6C81AB307354BD851AD24288672BBAB9.jpg,,2025-03-05T23:59:59.999999999Z,PROSPECTUS,12,3,,,
52941,8720181386510,2700.0,Skip,"Detergente líquido máquina de roupa sabão natural, 60 doses",,7.99,2.96,2700,L,€/L,,,https://driveimg1.intermarche.com/pt/Content/images/boitmal/produit/zoom/E86C320C5CE9CDD2DA45593DF7CE710E.jpg,https://driveimg1.intermarche.com/pt/Content/images/boitmal/produit/zoom/F78D7BA1CEEC1BA7836B80E309E4D243.jpg,https://driveimg1.intermarche.com/pt/Content/images/boitmal/produit/zoom/F78D7BA1CEEC1BA7836B80E309E4D243.jpg,,2025-03-05T23:59:59.999999999Z,PROSPECTUS,12,3,,,
5296,5601174204000,750.0,Periquita,"Vinho tinto península de setúbal, garrafa de 0.75 l",,3.59,4.79,750,L,€/L,,,https://driveimg1.intermarche.com/pt/Content/images/boitmal/produit/zoom/A59713B08AFE22BB2A0344F8EAFAD9A7.jpg,,,,2025-03-05T23:59:59.999999999Z,PROSPECTUS,12,3,,,
53208,8719200268647,1000.0,Vaqueiro,"Creme vegetal culinária clássico, 1 kg",,2.99,2.99,0,kg,€/Kg,,,https://driveimg1.intermarche.com/pt/Content/images/boitmal/produit/zoom/0735A691FAA77E120C1E24086E19EA16.jpg,https://driveimg1.intermarche.com/pt/Content/images/boitmal/produit/zoom/DD9C237337ADB2608A1427FA94442244.jpg,https://driveimg1.intermarche.com/pt/Content/images/boitmal/produit/zoom/DD9C237337ADB2608A1427FA94442244.jpg,https://driveimg1.intermarche.com/pt/Content/images/boitmal/produit/zoom/DD9C237337ADB2608A1427FA94442244.jpg,2025-03-05T23:59:59.999999999Z,PROSPECTUS,12,3,,,
53209,8719200268616,250.0,Vaqueiro,"Creme vegetal culinária clássico, 250g",,1.43,5.72,0,kg,€/Kg,,,https://driveimg1.intermarche.com/pt/Content/images/boitmal/produit/zoom/1DED1E9DAECA76ADDCCDF45A9F1F2B22.jpg,https://driveimg1.intermarche.com/pt/Content/images/boitmal/produit/zoom/FFB50D9A6B4B2420D7BA125832D59133.jpg,https://driveimg1.intermarche.com/pt/Content/images/boitmal/produit/zoom/FFB50D9A6B4B2420D7BA125832D59133.jpg,https://driveimg1.intermarche.com/pt/Content/images/boitmal/produit/zoom/FFB50D9A6B4B2420D7BA125832D59133.jpg,2025-03-05T23:59:59.999999999Z,PROSPECTUS,12,3,,,
53239,8720181384271,2340.0,Skip,"Detergente líquido máquina de roupa active clean, 52 doses",,10.99,4.7,2340,L,€/L,,,https://driveimg1.intermarche.com/pt/Content/images/boitmal/produit/zoom/2E63F55486FCE3AA1156DA1802792B83.jpg,https://driveimg1.intermarche.com/pt/Content/images/boitmal/produit/zoom/E0785C7CA2091A08EA4BD781B8287B51.jpg,https://driveimg1.intermarche.com/pt/Content/images/boitmal/produit/zoom/E0785C7CA2091A08EA4BD781B8287B51.jpg,,2025-03-05T23:59:59.999999999Z,PROSPECTUS,12,3,,,
53672,5054563155535,75.0,Parodontax,"Pasta de Dentes Gengivas, Sensibilidade, Hálito e Branqueadora",Embalagem de 75ml,5.19,69.2,75,L,€/L,,,https://driveimg1.intermarche.com/pt/Content/images/boitmal/produit/zoom/87A987E57450CCF1EBBCAD737517FAB5.jpg,https://driveimg1.intermarche.com/pt/Content/images/boitmal/produit/zoom/45919E21211034CFC9DCF75D551CD73E.jpg,https://driveimg1.intermarche.com/pt/Content/images/boitmal/produit/zoom/45919E21211034CFC9DCF75D551CD73E.jpg,https://driveimg1.intermarche.com/pt/Content/images/boitmal/produit/zoom/45919E21211034CFC9DCF75D551CD73E.jpg,2025-03-05T23:59:59.999999999Z,PROSPECTUS,12,3,https://driveimg1.intermarche.com/pt/Content/images/boitmal/produit/zoom/45919E21211034CFC9DCF75D551CD73E.jpg,https://driveimg1.intermarche.com/pt/Content/images/boitmal/produit/zoom/45919E21211034CFC9DCF75D551CD73E.jpg,
54537,8700216323154,,Fairy,"Detergente Máquina Loiça Pastilhas Original Tudo em 1 Limão, 41D",,9.98,9.98,0,,€/Unidade,,,https://driveimg1.intermarche.com/pt/Content/images/boitmal/produit/zoom/2B102A42507542D79E488629773354F9.jpg,,,,2025-03-05T23:59:59.999999999Z,PROSPECTUS,12,3,,,
54603,8720181292873,760.0,Comfort,"Intensificador perfume tropical, 760ml",,3.49,4.59,760,L,€/L,,,https://driveimg1.intermarche.com/pt/Content/images/boitmal/produit/zoom/72CE6505D84B04718FCBDF6333474C14.jpg,,,,2025-03-05T23:59:59.999999999Z,PROSPECTUS,12,3,,,
54828,5601164906273,7000.0,Super Bock,"Cerveja, 35 x 20 cl",,13.99,2.0,7000,L,€/L,,,https://driveimg1.intermarche.com/pt/Content/images/boitmal/produit/zoom/3EEAE55F901F69F71712A095227D1F3E.jpg,,,,2025-03-05T23:59:59.999999999Z,PROSPECTUS,12,3,,,
54842,8720181536984,,Skip,"Detergente Máquina Roupa Líquido Ciclos Curtos Cuidado Express, 54D",,9.99,9.99,0,,€/Unidade,,,https://driveimg1.intermarche.com/pt/Content/images/boitmal/produit/zoom/8D3D6F071A231FE643F904F474F5FD89.jpg,,,,2025-03-05T23:59:59.999999999Z,PROSPECTUS,12,3,,,
55111,8410500020064,460.0,Danone,"Iogurte Bifidus Pedaços Magro Cereais, 4 x 115g",,2.39,5.2,0,kg,€/Kg,,,https://driveimg1.intermarche.com/pt/Content/images/boitmal/produit/zoom/E8E92D4B854909CA3266722E91AB12DB.jpg,,,,2025-03-05T23:59:59.999999999Z,PROSPECTUS,12,3,,,
5844,5604260129010,500.0,PorSi,"Detergente manual de loiça, ultra limão",Embalagem de 500 ml,0.99,1.98,500,L,€/L,,,https://driveimg1.intermarche.com/pt/Content/images/boitmal/produit/zoom/11A18090A3116B615638013F259093D1.jpg,,,,2025-03-05T23:59:59.999999999Z,PROSPECTUS,12,3,,,
5952,5604260266975,750.0,PorSi,Creme abrasivo de limão,Embalagem de 750 ml,1.19,1.59,750,L,€/L,,,https://driveimg1.intermarche.com/pt/Content/images/boitmal/produit/zoom/7CC9BEECF39A3B46832B54494A33E2E3.jpg,,,,2025-03-05T23:59:59.999999999Z,PROSPECTUS,12,3,,,
5967,5604260273287,600.0,PorSi,Néctar de pêssego,Pack 3 x 200 ml,0.8,1.33,600,L,€/L,,,https://driveimg1.intermarche.com/pt/Content/images/boitmal/produit/zoom/948F08C7785472DC9A11866953858716.jpg,,,,2025-03-05T23:59:59.999999999Z,PROSPECTUS,12,3,,,
6059,5608527000524,750.0,Dom Campos,Vinho branco reg. p.set. 0.75l,Garrafa 0.75L,1.99,2.65,750,L,€/L,,,https://driveimg1.intermarche.com/pt/Content/images/boitmal/produit/zoom/6CFEBAE3F7C01E0EE0EAB2B82395D3EA.jpg,,,,2025-03-05T23:59:59.999999999Z,PROSPECTUS,12,3,,,
6060,5608527000555,5000.0,Dom Campos,"Vinho tinto regional, península de setúbal, bag-in-box",Garrafa de 5 l,7.99,1.6,5000,L,€/L,,,https://driveimg1.intermarche.com/pt/Content/images/boitmal/produit/zoom/78079834B0E3726D7B386E02341FE7CB.jpg,,,,2025-03-05T23:59:59.999999999Z,PROSPECTUS,12,3,,,
6460,8410436216777,53.0,Sonasol,Bloco Sanitário Poder Activo Floral,Embalagem de 50 g,1.98,37.36,0,kg,€/Kg,,,https://driveimg1.intermarche.com/pt/Content/images/boitmal/produit/zoom/428A90D17C72E1CEA455915A18AE3510.jpg,,,,2025-03-05T23:59:59.999999999Z,PROSPECTUS,12,3,,,
8287,5601012002706,750.0,Papa Figos,"Vinho doc douro tinto, garrafa de 0.75 l",,5.99,7.99,750,L,€/L,,,https://driveimg1.intermarche.com/pt/Content/images/boitmal/produit/zoom/3EEE98E8E32B16373BCCF60DD0ED2404.jpg,,,,2025-03-05T23:59:59.999999999Z,PROSPECTUS,12,3,,,
8907,5601356013062,750.0,Porta da Ravessa,"Vinho doc alentejo tinto, garrafa de 750 ml",,1.99,2.65,750,L,€/L,,,https://driveimg1.intermarche.com/pt/Content/images/boitmal/produit/zoom/30CD7B81F8725B208C8117FAC2D69297.jpg,,,,2025-03-05T23:59:59.999999999Z,PROSPECTUS,12,3,,,
8914,5601356013918,750.0,Porta da Ravessa,"Vinho regional alentejano reserva tinto, garrafa de 0.75 l",,2.99,3.99,750,L,€/L,,,https://driveimg1.intermarche.com/pt/Content/images/boitmal/produit/zoom/B4084C52F9169DB1ECB66546E6C2B59D.jpg,,,,2025-03-05T23:59:59.999999999Z,PROSPECTUS,12,3,,,
8915,5601356013925,750.0,Porta da Ravessa,"Vinho doc alentejo reseva branco, garrafa de 0.75 l",,2.99,3.99,750,L,€/L,,,https://driveimg1.intermarche.com/pt/Content/images/boitmal/produit/zoom/8478972294EEC86F064EE4AEEBCCC25F.jpg,,,,2025-03-05T23:59:59.999999999Z,PROSPECTUS,12,3,,,
9184,5602348062754,70.0,Damatta,Presunto sabor português fatiado,Embalagem de 70 g,2.29,32.71,0,kg,€/Kg,,,https://driveimg1.intermarche.com/pt/Content/images/boitmal/produit/zoom/9AE2DBDD0E054DD3DCAC93A9D0EE8ECE.jpg,,,,2025-03-05T23:59:59.999999999Z,PROSPECTUS,12,3,,,
944,5601001339301,200.0,Nestlé,"Mistura solúvel mokambo, embalagem de 200g",,4.19,20.95,0,kg,€/Kg,,,https://driveimg1.intermarche.com/pt/Content/images/boitmal/produit/zoom/7654D4A8AEB526591EE0FD0D1A7BE478.jpg,,,,2025-03-05T23:59:59.999999999Z,PROSPECTUS,12,3,,,
9811,5608527000548,750.0,Dom Campos,Vinho rosé regional península de setúbal,Garrafa de 750 ml,1.99,2.65,750,L,€/L,,,https://driveimg1.intermarche.com/pt/Content/images/boitmal/produit/zoom/A94F82FF9410C1DE16EF1A9C24C0E7D0.jpg,,,,2025-03-05T23:59:59.999999999Z,PROSPECTUS,12,3,,,
989,5601029004014,120.0,Bom Petisco,"Atum posta em óleo, embalagem de 120g",,1.18,9.83,0,kg,€/Kg,,,https://driveimg1.intermarche.com/pt/Content/images/boitmal/produit/zoom/0EDE399096BE62933DCF2A734D746C1A.jpg,,,,2025-03-05T23:59:59.999999999Z,PROSPECTUS,12,3,,,
994,5601038001400,240.0,Knorr,"Caldo de carne 24 cubos, embalagem de 240g",,2.49,10.38,0,kg,€/Kg,,,https://driveimg1.intermarche.com/pt/Content/images/boitmal/produit/zoom/111ACC6539DBD1BD4431EF700197763E.jpg,,,,2025-03-05T23:59:59.999999999Z,PROSPECTUS,12,3,,,
15156,2892099000000,500.0,Fruta,Papaia Avião,1 un = 500 g (aprox.),2.0,3.99,0,,€/Kg,,,https://driveimg1.intermarche.com/pt/Content/images/boitmal/produit/zoom/103067E524772C956478A94460D63E34.jpg,,,,2025-03-05T23:59:59.999999999Z,PROSPECTUS,12,3,,,
34876,5604260285488,1500.0,PorSi,Maçã starking categoria II Programa Origens,Embalagem de 1.5 kg,1.89,1.26,0,kg,€/Kg,,,https://driveimg1.intermarche.com/pt/Content/images/boitmal/produit/zoom/AA6B73374DD1E7B1436CB2F99D3B721B.jpg,,,,2025-03-05T23:59:59.999999999Z,PROSPECTUS,12,3,,,
14196,5604260272105,540.0,PorSi,Salsichas frasco hot dog,Embalagem 540G,3.49,6.46,0,kg,€/Kg,,,https://driveimg1.intermarche.com/pt/Content/images/boitmal/produit/zoom/7586CC34D5F9746AF703E2FDCAFEE2C7.jpg,,,,2025-03-05T23:59:59.999999999Z,PROSPECTUS,12,3,,,
35138,5603722517655,960.0,Mimosa,"Iogurte sólido aroma morango, ananás e banana, 8 x 120 g",,1.89,1.97,0,kg,€/Kg,,,https://driveimg1.intermarche.com/pt/Content/images/boitmal/produit/zoom/7070B93AC2DB23DCF61734D801E40E6D.jpg,,,,2025-03-05T23:59:59.999999999Z,PROSPECTUS,12,3,,,
10910,3250390010586,250.0,Páturages,Queijo camembert 45% mg,Embalagem de 250 g,1.89,7.56,0,kg,€/Kg,,,https://driveimg1.intermarche.com/pt/Content/images/boitmal/produit/zoom/7C9F5B55F7320E544E58C79F8FBB96B2.jpg,,,,2025-03-05T23:59:59.999999999Z,PROSPECTUS,12,3,,,
15010,2892545000000,1000.0,Programa Origens,Couve Flor,1 un = 1 kg (aprox.),1.99,1.99,0,,€/Kg,,,https://driveimg1.intermarche.com/pt/Content/images/boitmal/produit/zoom/93AF9BD404AC9C131A6A0C88150C31D1.jpg,,,,2025-03-05T23:59:59.999999999Z,PROSPECTUS,12,3,,,
35749,5603722509667,800.0,Mimosa,"Leite bem essencial chocolate , embalagem de 4 x 200 ml",,1.69,2.11,800,L,€/L,,,https://driveimg1.intermarche.com/pt/Content/images/boitmal/produit/zoom/66BA85F80F98E7331B63BC3D4684C6AC.jpg,,,,2025-03-05T23:59:59.999999999Z,PROSPECTUS,12,3,,,
7105,2894508000000,100.0,Primor,Bacon Extra,"Vendido ao peso, fatiado a partir de 100 gr",1.2,11.99,0,,€/Kg,,,https://driveimg1.intermarche.com/pt/Content/images/boitmal/produit/zoom/BE4896B3454C5EEBE0D9BE9663BD4C36.jpg,,,,2025-03-05T23:59:59.999999999Z,PROSPECTUS,12,3,,,
15039,2892256000000,4000.0,Fruta,Melão Verde,Vendido ao peso | 1 un = 4kg (aprox.),6.76,1.69,0,,€/Kg,,,https://driveimg1.intermarche.com/pt/Content/images/boitmal/produit/zoom/25FE547830213D1C98E9F3B3D9687685.jpg,,,,2025-03-05T23:59:59.999999999Z,PROSPECTUS,12,3,,,
16343,5601151978856,6000.0,Serra da estrela,"Água sem gás, garrafão de 6l",,1.79,0.3,6000,L,€/L,,,https://driveimg1.intermarche.com/pt/Content/images/boitmal/produit/zoom/8D402342781DACEBEA13B36CE32D8EBF.jpg,,,,2025-03-05T23:59:59.999999999Z,PROSPECTUS,12,3,,,
20221,8410500020071,460.0,Danone,"Iogurte activia aveia nozes, embalagem de 4 x 120g",,2.39,5.2,0,kg,€/Kg,,,https://driveimg1.intermarche.com/pt/Content/images/boitmal/produit/zoom/95DB5CF2D3415DECF98AD16FB13B5950.jpg,,,,2025-03-05T23:59:59.999999999Z,PROSPECTUS,12,3,,,
1189,5601119007987,250.0,Nobre,"Salsichas de porco, lata de 250g",,1.67,6.68,0,kg,€/Kg,,,https://driveimg1.intermarche.com/pt/Content/images/boitmal/produit/zoom/0B023C2ECBDBE7AB09A89A8810925D65.jpg,,,,2025-03-05T23:59:59.999999999Z,PROSPECTUS,12,3,,,
11613,5601164864467,1320.0,Somersby,"Sidra maçã, pack 4 x 0.33 l",,3.89,2.95,1320,L,€/L,,,https://driveimg1.intermarche.com/pt/Content/images/boitmal/produit/zoom/F0118862B10C3F3FD894ACFE7A34A6C9.jpg,,,,2025-03-05T23:59:59.999999999Z,PROSPECTUS,12,3,,,
16983,8712100735455,540.0,Olá,"Gelado cornetto morango, embalagem de 6 x 90 ml",,3.29,6.09,540,L,€/L,,Tipo de stockagem,https://driveimg1.intermarche.com/pt/Content/images/boitmal/produit/zoom/F864C0CC873250BC9D1DC90A794E1882.jpg,https://driveimg1.intermarche.com/pt/Content/images/boitmal/produit/zoom/FF03523E6B925BE3441B0A34A996CA2B.jpg,https://driveimg1.intermarche.com/pt/Content/images/boitmal/produit/zoom/FF03523E6B925BE3441B0A34A996CA2B.jpg,https://driveimg1.intermarche.com/pt/Content/images/boitmal/produit/zoom/FF03523E6B925BE3441B0A34A996CA2B.jpg,2025-03-05T23:59:59.999999999Z,PROSPECTUS,12,3,,,
32158,4015400917328,480.0,Fairy,"Detergente Liquido da Loiça Limão, 480 ml",,2.54,5.29,480,L,€/L,,,https://driveimg1.intermarche.com/pt/Content/images/boitmal/produit/zoom/4E2BD689329F214554584573973F36ED.jpg,,,,2025-03-05T23:59:59.999999999Z,PROSPECTUS,12,3,,,
37923,5604260300990,1000.0,PorSi Viva Bem,Bebida de Amêndoa,1 litro,1.25,1.25,1000,L,€/L,,,https://driveimg1.intermarche.com/pt/Content/images/boitmal/produit/zoom/74B05726BD16B03D5A528D4778757940.jpg,,,,2025-03-05T23:59:59.999999999Z,PROSPECTUS,12,3,,,
1305,5601151862155,500.0,Compal,Polpa de tomate 500g,,1.19,2.38,0,kg,€/Kg,,,https://driveimg1.intermarche.com/pt/Content/images/boitmal/produit/zoom/D9FD9B4F4905971874C5E4127C57C62E.jpg,,,,2025-03-05T23:59:59.999999999Z,PROSPECTUS,12,3,,,
29612,5604260283545,1000.0,PorSi Viva Bem,Bebida de Arroz,1 l,1.15,1.15,1000,L,€/L,,,https://driveimg1.intermarche.com/pt/Content/images/boitmal/produit/zoom/1CC67FBC1159B7AB53C4B66B360A0BCF.jpg,,,,2025-03-05T23:59:59.999999999Z,PROSPECTUS,12,3,,,
12519,8712100417054,416.0,HellmannS,"Maionese, frasco, embalagem de 420g",,3.14,7.55,0,kg,€/Kg,,,https://driveimg1.intermarche.com/pt/Content/images/boitmal/produit/zoom/6AB870EF622544FC82599432CC32DE9B.jpg,https://driveimg1.intermarche.com/pt/Content/images/boitmal/produit/zoom/6731B805B2B4B445CCCFD0D614219E37.jpg,https://driveimg1.intermarche.com/pt/Content/images/boitmal/produit/zoom/6731B805B2B4B445CCCFD0D614219E37.jpg,https://driveimg1.intermarche.com/pt/Content/images/boitmal/produit/zoom/6731B805B2B4B445CCCFD0D614219E37.jpg,2025-03-05T23:59:59.999999999Z,PROSPECTUS,12,3,,,
41437,5604260305773,170.0,PorSi Select,Chouriço de porco preto,Embalagem de 170 g,2.69,15.82,0,kg,€/Kg,,,https://driveimg1.intermarche.com/pt/Content/images/boitmal/produit/zoom/9AF028948550CC79F4506D20250D6D94.jpg,,,,2025-03-05T23:59:59.999999999Z,PROSPECTUS,12,3,,,
43016,5601164862401,1200.0,Somersby,"Sidra de maçã, pack 6 x 0.2 l",,4.49,3.74,1200,L,€/L,,,https://driveimg1.intermarche.com/pt/Content/images/boitmal/produit/zoom/FCDFBF5D64A9352BB7E6E300DF12194B.jpg,,,,2025-03-05T23:59:59.999999999Z,PROSPECTUS,12,3,,,
13095,2893071000000,100.0,Peixaria,Carapau Pequeno,1 un = 100 g (aprox.),0.35,3.49,0,,€/Kg,,,https://driveimg1.intermarche.com/pt/Content/images/boitmal/produit/zoom/07606BE143D22CF4796A63CA9C752E5B.jpg,,,,2025-03-05T23:59:59.999999999Z,PROSPECTUS,12,3,,,
1426,5601255312112,1000.0,Caçarola,"Arroz carolino, embalagem de 1kg",,1.46,1.46,0,kg,€/Kg,,,https://driveimg1.intermarche.com/pt/Content/images/boitmal/produit/zoom/388FB3F635721933A190C4300DB6A7D4.jpg,,,,2025-03-05T23:59:59.999999999Z,PROSPECTUS,12,3,,,
14726,8711100080060,400.0,Maizena,"Farinha, embalagem de 400g",,1.64,4.1,0,kg,€/Kg,,,https://driveimg1.intermarche.com/pt/Content/images/boitmal/produit/zoom/510CA0D1320DDBD17C988D55861FD3B8.jpg,,,,2025-03-05T23:59:59.999999999Z,PROSPECTUS,12,3,,,
1310,5601151979969,140.0,Compal,"Compal da horta concentrado tomate, embalagem de 140g",,0.99,7.07,0,kg,€/Kg,,,https://driveimg1.intermarche.com/pt/Content/images/boitmal/produit/zoom/AFB213C2AE47899B42B45E2988A779B7.jpg,,,,2025-03-05T23:59:59.999999999Z,PROSPECTUS,12,3,,,
1413,5601252106615,750.0,Gallo,"Azeite subtil, garrafa de 750 ml",,5.49,7.32,750,L,€/L,,,https://driveimg1.intermarche.com/pt/Content/images/boitmal/produit/zoom/15A5982897D183B94BC206320162E4EC.jpg,,,,2025-03-05T23:59:59.999999999Z,PROSPECTUS,12,3,,,
1465,5601286234773,250.0,Milaneza,"Massa de letras, embalagem de 250g",,0.57,2.28,0,kg,€/Kg,,,https://driveimg1.intermarche.com/pt/Content/images/boitmal/produit/zoom/93F4FB7CE3C81A4CA398AFB1F88C82DD.jpg,,,,2025-03-05T23:59:59.999999999Z,PROSPECTUS,12,3,,,
43620,2696665000000,350.0,Padaria,Pão Escuro de Rio Maior,1 unidade= 350 g,1.09,3.11,0,kg,€/Kg,,,https://driveimg1.intermarche.com/pt/Content/images/boitmal/produit/zoom/1DEE250EF533441ED634EA027418C71A.jpg,,,,2025-03-05T23:59:59.999999999Z,PROSPECTUS,12,3,,,
49762,5601050037562,460.0,Danone,"Iogurte com cereais activia, 4x115g",,2.39,5.2,0,kg,€/Kg,,,https://driveimg1.intermarche.com/pt/Content/images/boitmal/produit/zoom/51EAF4A53D8366A31634F35574981BCB.jpg,,,,2025-03-05T23:59:59.999999999Z,PROSPECTUS,12,3,,,
37574,8717163836835,2000.0,Lipton,"Ice tea de pêssego sem açúcar, garrafa de 2l",,2.39,1.2,2000,L,€/L,,,https://driveimg1.intermarche.com/pt/Content/images/boitmal/produit/zoom/B0D164F35BECC5A6CA9E515D71ED323C.jpg,,,,2025-03-05T23:59:59.999999999Z,PROSPECTUS,12,3,,,
25808,8426617002510,100.0,Haribo,"Gomas ositos de oro, embalagem de 100g",,1.04,10.4,0,kg,€/Kg,,,https://driveimg1.intermarche.com/pt/Content/images/boitmal/produit/zoom/D707EDE7A37DA83FE8A19E7DC6FBE016.jpg,,,,2025-03-05T23:59:59.999999999Z,PROSPECTUS,12,3,,,
5143,5601096201309,750.0,Casal Garcia,"Vinho verde branco, garrafa de 0.75 l",,3.49,4.65,750,L,€/L,,,https://driveimg1.intermarche.com/pt/Content/images/boitmal/produit/zoom/C499325EC5B55389E1608DCDF3310034.jpg,,,,2025-03-05T23:59:59.999999999Z,PROSPECTUS,12,3,,,
7401,3250390461777,150.0,Páturages,Queijo roquefort,Embalagem de 150 g,2.79,18.6,0,kg,€/Kg,,,https://driveimg1.intermarche.com/pt/Content/images/boitmal/produit/zoom/E03055290F31A27B798D471C25305D9D.jpg,,,,2025-03-05T23:59:59.999999999Z,PROSPECTUS,12,3,,,
13585,2893580000000,250.0,Marisco,Gambão Congelado 20/30,Vendido a partir de 250 (aprox.),2.5,9.99,0,,€/Kg,,Avantages !,https://driveimg1.intermarche.com/pt/Content/images/boitmal/produit/zoom/8045A02528560B0A77B8815B2FADD1B4.jpg,,,,2025-03-05T23:59:59.999999999Z,PROSPECTUS,12,3,,,
15351,5604260267187,600.0,PorSi,Néctar frutos vermelhos,Pack 3 x 200 ml,0.94,1.57,600,L,€/L,,,https://driveimg1.intermarche.com/pt/Content/images/boitmal/produit/zoom/FEC94912BE05023A8F7B78DE9195736B.jpg,,,,2025-03-05T23:59:59.999999999Z,PROSPECTUS,12,3,,,
16607,8712561521529,700.0,Cif,"Creme abrasivo original, de 700 ml",,2.69,3.84,700,L,€/L,,,https://driveimg1.intermarche.com/pt/Content/images/boitmal/produit/zoom/30CCCA0B503F489882A8FCB31275E9C6.jpg,,,,2025-03-05T23:59:59.999999999Z,PROSPECTUS,12,3,,,
45709,5604260315543,400.0,PorSi,Comida húmida gato almondegas com aves,Embalagem de 400g,0.89,2.23,0,kg,€/Kg,,,https://driveimg1.intermarche.com/pt/Content/images/boitmal/produit/zoom/013746A7C670F854414E2EA5DF08FD00.jpg,,,,2025-03-05T23:59:59.999999999Z,PROSPECTUS,12,3,,,
7324,3228020390131,250.0,President,"Manteiga magra meio sal, embalagem de 250g",,2.59,10.36,0,kg,€/Kg,,,https://driveimg1.intermarche.com/pt/Content/images/boitmal/produit/zoom/331DC0C2868698A1CF61BBA910E6E1D6.jpg,,,,2025-03-05T23:59:59.999999999Z,PROSPECTUS,12,3,,,
15507,5601050031621,480.0,Danone,"Iogurte activia cremoso coco,  4 x 120 g",,1.99,4.15,0,kg,€/Kg,,,https://driveimg1.intermarche.com/pt/Content/images/boitmal/produit/zoom/C7C13400244FC9F141DCEBAD00E0F9D5.jpg,,,,2025-03-05T23:59:59.999999999Z,PROSPECTUS,12,3,,,
36945,8719200009899,500.0,Vaqueiro,"Margarina líquida, embalagem de 500 ml",,2.49,4.98,500,L,€/L,,,https://driveimg1.intermarche.com/pt/Content/images/boitmal/produit/zoom/03FECF6E7878193CA48B473E5C2E3939.jpg,,,,2025-03-05T23:59:59.999999999Z,PROSPECTUS,12,3,,,
37768,5604260296514,400.0,PorSi,Lasanha à Bolonhesa,Embalagem de 400 g,2.49,6.23,0,kg,€/Kg,,,https://driveimg1.intermarche.com/pt/Content/images/boitmal/produit/zoom/EAED8EAC3E3C589BFC55B562CBB15A69.jpg,,,,2025-03-05T23:59:59.999999999Z,PROSPECTUS,12,3,,,
39625,5607233533951,385.0,Panrico,Pão cerealia 100% integral,Embalagem de 385g,1.89,4.91,0,kg,€/Kg,,,https://driveimg1.intermarche.com/pt/Content/images/boitmal/produit/zoom/41D40B955E0A17EB04A654C74F17935A.jpg,,,,2025-03-05T23:59:59.999999999Z,PROSPECTUS,12,3,,,
46882,5604260319824,,PorSi,Papel higiénico 3 folhas perfumado,Embalagem de 12 unidades,4.99,4.99,12,,€/Unidade,,,https://driveimg1.intermarche.com/pt/Content/images/boitmal/produit/zoom/3FFC2D730C4EDC9A29F53A5EEAAF4D75.jpg,,,,2025-03-05T23:59:59.999999999Z,PROSPECTUS,12,3,,,
51113,8720181262784,500.0,Cif,"Limpa casa banho spray higiene c/ lixívia, 500 ml",,1.99,3.98,500,L,€/L,,,https://driveimg1.intermarche.com/pt/Content/images/boitmal/produit/zoom/8CA4C0BAC8A169ADEC56BAD426803345.jpg,,,,2025-03-05T23:59:59.999999999Z,PROSPECTUS,12,3,,,
1225,5601146000319,500.0,Sagres,"Cerveja com álcool, lata de 500ml",,0.75,1.5,500,L,€/L,,,https://driveimg1.intermarche.com/pt/Content/images/boitmal/produit/zoom/55C192466A5F674CBE2BDA0D6226A730.jpg,,,,2025-03-05T23:59:59.999999999Z,PROSPECTUS,12,3,,,
49542,5604260323906,1000.0,PorSi Viva Bem,Bebida de amêndoa s/ açúcar,Embalagem de 1 litro,1.35,1.35,1000,L,€/L,,,https://driveimg1.intermarche.com/pt/Content/images/boitmal/produit/zoom/F89BE6092FFDF79437CA524ACE479BA7.jpg,,,,2025-03-05T23:59:59.999999999Z,PROSPECTUS,12,3,,,
14036,2696009000000,55.0,Padaria,Carcaça de trigo,1 unidade= 55 g,0.13,2.36,0,kg,€/Kg,,,https://driveimg1.intermarche.com/pt/Content/images/boitmal/produit/zoom/9BCC2A4A3A6FAADD68212B73951E6D8D.jpg,,,,2025-03-05T23:59:59.999999999Z,PROSPECTUS,12,3,,,
25735,5000116112173,208.0,Capitão Iglo,"10 nuggets peito de frango e queijo, embalagem de 210g",,2.99,14.38,0,kg,€/Kg,,Tipo de stockagem,https://driveimg1.intermarche.com/pt/Content/images/boitmal/produit/zoom/C51CDDEB144DBFB12E5D153B5560BAD5.jpg,,,,2025-03-05T23:59:59.999999999Z,PROSPECTUS,12,3,,,
16072,2696083000000,62.0,Panpor,Carcaça de Cereais,,0.32,5.16,0,kg,€/Kg,,,https://driveimg1.intermarche.com/pt/Content/images/boitmal/produit/zoom/64BBBB65E56708FCB9DD0C80C78538ED.jpg,,,,2025-03-05T23:59:59.999999999Z,PROSPECTUS,12,3,,,
19940,7613035619456,300.0,Nestlé,Granola aveia fitness mel,Embalagem de 300g,3.14,10.47,0,kg,€/Kg,,,https://driveimg1.intermarche.com/pt/Content/images/boitmal/produit/zoom/EAEAF515FE565B8F35270BCD3427077E.jpg,,,,2025-03-05T23:59:59.999999999Z,PROSPECTUS,12,3,,,
22395,8712100745614,412.0,HellmannS,"Mionese top down, embalagem de 410g",,3.14,7.62,0,kg,€/Kg,,,https://driveimg1.intermarche.com/pt/Content/images/boitmal/produit/zoom/69FC39D7436E837B71E260D76DC0DC69.jpg,https://driveimg1.intermarche.com/pt/Content/images/boitmal/produit/zoom/8441A970BF19CB238C08CCCD9712CAB2.jpg,https://driveimg1.intermarche.com/pt/Content/images/boitmal/produit/zoom/8441A970BF19CB238C08CCCD9712CAB2.jpg,https://driveimg1.intermarche.com/pt/Content/images/boitmal/produit/zoom/8441A970BF19CB238C08CCCD9712CAB2.jpg,2025-03-05T23:59:59.999999999Z,PROSPECTUS,12,3,,,
51781,5604260327652,1000.0,PorSi,"Iogurte liquido morango,  1 kg",,1.59,1.59,0,kg,€/Kg,,,https://driveimg1.intermarche.com/pt/Content/images/boitmal/produit/zoom/CC88AAD4451E8700447A902943123884.jpg,,,,2025-03-05T23:59:59.999999999Z,PROSPECTUS,12,4,,,
52377,8720181385131,,Skip,Detergente Máquina Roupa Líquido Sabão Natural,100 Doses,11.99,11.99,0,,€/Unidade,,,https://driveimg1.intermarche.com/pt/Content/images/boitmal/produit/zoom/B7482844827C04E8BE654EF9B7B49DD3.jpg,,,,2025-03-05T23:59:59.999999999Z,PROSPECTUS,12,4,,,
8808,5601252107094,250.0,Gallo,"Vinagre vinho branco, garrafa 250ml",,1.29,5.16,250,L,€/L,,,https://driveimg1.intermarche.com/pt/Content/images/boitmal/produit/zoom/0BA26199C027C9616D0DF2F5F2C3C85C.jpg,,,,2025-03-05T23:59:59.999999999Z,PROSPECTUS,12,4,,,
35462,8410500023652,300.0,Yopro,"Iogurte liquido proteína yopro morango/framboesa, 300g",,1.99,6.63,0,kg,€/Kg,,,https://driveimg1.intermarche.com/pt/Content/images/boitmal/produit/zoom/0355698CE2ECE716D8F24A21D83D0BA6.jpg,,,,2025-03-05T23:59:59.999999999Z,PROSPECTUS,12,4,,,
47782,5604260319985,1000.0,PorSi Viva Bem,Bebida avelã,1 litro,1.29,1.29,1000,L,€/L,,,https://driveimg1.intermarche.com/pt/Content/images/boitmal/produit/zoom/094EAEBDE5D57C017BB756A541CFD9A9.jpg,,,,2025-03-05T23:59:59.999999999Z,PROSPECTUS,12,4,,,
940,5601001322402,20.0,Nescafé,"Café solúvel nescafé, embalagem de 20g",,1.49,74.5,0,kg,€/Kg,,,https://driveimg1.intermarche.com/pt/Content/images/boitmal/produit/zoom/BCEBB6129FC84253AC3E2D01F300F9A9.jpg,,,,2025-03-05T23:59:59.999999999Z,PROSPECTUS,12,4,,,
10859,3023290400395,230.0,Nestlé,"Iogurte mix in kit kat, embalagem de 2 x 115g",,2.09,9.09,0,kg,€/Kg,,,https://driveimg1.intermarche.com/pt/Content/images/boitmal/produit/zoom/46A338E8D7EAC63B8EF63808F7DF5998.jpg,,,,2025-03-05T23:59:59.999999999Z,PROSPECTUS,12,4,,,
12230,7613034192264,250.0,Cerelac,Papa infantil para preparar com leite +6 meses,Embalagem de 250g,1.84,7.36,0,kg,€/Kg,,,https://driveimg1.intermarche.com/pt/Content/images/boitmal/produit/zoom/71A50A4D3564A93E8A6CF702B1916C84.jpg,,,,2025-03-05T23:59:59.999999999Z,PROSPECTUS,12,4,,,
1272,5601151060254,500.0,Compal,"Tomate triturado, embalagem de 500g",,1.39,2.78,0,kg,€/Kg,,,https://driveimg1.intermarche.com/pt/Content/images/boitmal/produit/zoom/F73D2E34D160FB2C4040DA3AD1BBEF87.jpg,,,,2025-03-05T23:59:59.999999999Z,PROSPECTUS,12,4,,,
15748,5604260273324,600.0,PorSi,Néctar ananás,Pack 3 x 200 ml,0.85,1.42,600,L,€/L,,,https://driveimg1.intermarche.com/pt/Content/images/boitmal/produit/zoom/E5135DEDE344AD9C4AE3363C61974E4A.jpg,,,,2025-03-05T23:59:59.999999999Z,PROSPECTUS,12,4,,,
17920,5602417101575,5000.0,Courelas d'Alqueva,Vinho bag-in-box tinto,Garrafa de 5 l,6.49,1.3,5000,L,€/L,,,https://driveimg1.intermarche.com/pt/Content/images/boitmal/produit/zoom/50F27F2A3BA8F2DFBF7A0B52395D8EDC.jpg,,,,2025-03-05T23:59:59.999999999Z,PROSPECTUS,12,4,,,
18161,5601164884465,1320.0,Somersby,Sidra frutos vermelhos,pack 4 x 0.33 l,3.89,2.95,1320,L,€/L,,,https://driveimg1.intermarche.com/pt/Content/images/boitmal/produit/zoom/507246A606E1CB1D17B01F2DC7199F50.jpg,,,,2025-03-05T23:59:59.999999999Z,PROSPECTUS,12,4,,,
2518,7613033814693,400.0,Nestlé,"Fruta para bebé 7 frutos +6 meses, embalagem de 4 x 100g",,2.84,7.1,0,kg,€/Kg,,,https://driveimg1.intermarche.com/pt/Content/images/boitmal/produit/zoom/18CF4010C8E037B64FBADB6A5A35AF8F.jpg,,,,2025-03-05T23:59:59.999999999Z,PROSPECTUS,12,4,,,
48556,7622210128362,250.0,Tuc,"Crackers original, embalagem de 250g",,2.24,8.96,0,kg,€/Kg,,,https://driveimg1.intermarche.com/pt/Content/images/boitmal/produit/zoom/02A669F223F587A29FCC9DDBE6CD70CA.jpg,,,,2025-03-05T23:59:59.999999999Z,PROSPECTUS,12,4,,,
10513,8435250439591,236.0,Nestlé,"Iogurte mix-in chocapic,  2 x 118 g",,2.09,8.86,0,kg,€/Kg,,,https://driveimg1.intermarche.com/pt/Content/images/boitmal/produit/zoom/368B8AC44F8070965585916E17063F2C.jpg,,,,2025-03-05T23:59:59.999999999Z,PROSPECTUS,12,4,,,
14344,3387390406719,150.0,Nestlé,"Barras de cereais nesquik, embalagem de 150g",,2.99,19.93,0,kg,€/Kg,,,https://driveimg1.intermarche.com/pt/Content/images/boitmal/produit/zoom/4878F7C89F5570C091D36337F3638AB8.jpg,,,,2025-03-05T23:59:59.999999999Z,PROSPECTUS,12,4,,,
1463,5601286232779,250.0,Milaneza,"Massa pevide, embalagem de 250g",,0.57,2.28,0,kg,€/Kg,,,https://driveimg1.intermarche.com/pt/Content/images/boitmal/produit/zoom/7FABF67C8683DAD5B618F045601E14A4.jpg,,,,2025-03-05T23:59:59.999999999Z,PROSPECTUS,12,4,,,
21523,5602417101582,5000.0,Courelas d'Alqueva,Vinho bag-in-box branco,Garrafa de 5 l,6.49,1.3,5000,L,€/L,,,https://driveimg1.intermarche.com/pt/Content/images/boitmal/produit/zoom/4D3F0DF38C3F94ABA8EE403D35C64B7B.jpg,,,,2025-03-05T23:59:59.999999999Z,PROSPECTUS,12,4,,,
25397,8426617014032,90.0,Haribo,"Gomas favoritos açúcar, 90g",,1.04,11.56,0,kg,€/Kg,,,https://driveimg1.intermarche.com/pt/Content/images/boitmal/produit/zoom/1EFF4668A730EBFA293CBDB88FDD711E.jpg,,,,2025-03-05T23:59:59.999999999Z,PROSPECTUS,12,4,,,
28507,8006540618752,,Dodot,Fraldas Bebé Seco Extra +14kg T6,Embalagem c/ 48 un.,13.49,13.49,0,,€/Unidade,,,https://driveimg1.intermarche.com/pt/Content/images/boitmal/produit/zoom/3B2C8C276E6D8600A83CC88CD26B6A19.jpg,,,,2025-03-05T23:59:59.999999999Z,PROSPECTUS,12,4,,,
30173,5607238032022,330.0,Casa de Mateus,"Doce de morango, embalagem de 330g",,2.59,7.85,0,kg,€/Kg,,,https://driveimg1.intermarche.com/pt/Content/images/boitmal/produit/zoom/2D6070A1F1EB4D27068EDD936E4C7823.jpg,,,,2025-03-05T23:59:59.999999999Z,PROSPECTUS,12,4,,,
35983,5601027972735,700.0,Bimbo,Pão de forma torradas familiares,Embalagem de 700 g,1.99,2.84,0,kg,€/Kg,,,https://driveimg1.intermarche.com/pt/Content/images/boitmal/produit/zoom/6F4E1280EFC32C3DD99C945770A284F8.jpg,,,,2025-03-05T23:59:59.999999999Z,PROSPECTUS,12,4,,,
5243,5601151170755,410.0,Compal,"Feijão preto, lata de 410 ml",,1.09,2.66,410,L,€/L,,,https://driveimg1.intermarche.com/pt/Content/images/boitmal/produit/zoom/DF73EAA1B2C44B1F4CECF535DE17EB7C.jpg,,,,2025-03-05T23:59:59.999999999Z,PROSPECTUS,12,4,,,
6061,5608527000562,5000.0,Dom Campos,"Vinho branco região da península de setúbal, bag in box",Garrafa de 5 l,7.99,1.6,5000,L,€/L,,,https://driveimg1.intermarche.com/pt/Content/images/boitmal/produit/zoom/BA44EC5E1422F4CEC2E3E732DF2E9AB6.jpg,,,,2025-03-05T23:59:59.999999999Z,PROSPECTUS,12,4,,,
950,5601008100058,125.0,Vieira de Castro,"Bolachas de água e sal, embalagem de 125g",,0.74,5.92,0,kg,€/Kg,,,https://driveimg1.intermarche.com/pt/Content/images/boitmal/produit/zoom/5EC30A0846C4DC333D34FC492D84EC59.jpg,,,,2025-03-05T23:59:59.999999999Z,PROSPECTUS,12,4,,,
10946,3250390791881,460.0,Páturages,"Sobremesa Paturette Caramelo,  4x115g",,1.39,3.02,0,kg,€/Kg,,,https://driveimg1.intermarche.com/pt/Content/images/boitmal/produit/zoom/892934A34805EAB8881A2ED25ADC1EBC.jpg,,,,2025-03-05T23:59:59.999999999Z,PROSPECTUS,12,4,,,
1301,5601151660751,410.0,Compal,"Feijão encarnado, lata de 410ml",,1.09,2.66,410,L,€/L,,,https://driveimg1.intermarche.com/pt/Content/images/boitmal/produit/zoom/8777874F846E4C62B1CDEE04A734A2E1.jpg,,,,2025-03-05T23:59:59.999999999Z,PROSPECTUS,12,4,,,
1307,5601151962152,1000.0,Compal,"Polpa de tomate, embalagem de 1 kg",,1.99,1.99,0,kg,€/Kg,,,https://driveimg1.intermarche.com/pt/Content/images/boitmal/produit/zoom/7F25D2B47A4922FBF9D4F475FD193D2F.jpg,,,,2025-03-05T23:59:59.999999999Z,PROSPECTUS,12,4,,,
14653,5601119225442,110.0,Nobre,"Fiambre da perna extra fatias finas, embalagem de 110g",,1.89,17.18,0,kg,€/Kg,,,https://driveimg1.intermarche.com/pt/Content/images/boitmal/produit/zoom/7FD7D9E34952BFCF466D7D36B77539B0.jpg,,,,2025-03-05T23:59:59.999999999Z,PROSPECTUS,12,4,,,
18083,5601008200017,258.0,Vieira,Bolacha digestive aveia 258g,,1.79,6.94,0,kg,€/Kg,,,https://driveimg1.intermarche.com/pt/Content/images/boitmal/produit/zoom/74BF051807707504BF4C099005DC7DC3.jpg,,,,2025-03-05T23:59:59.999999999Z,PROSPECTUS,12,4,,,
20912,5601096227309,750.0,Aveleda,"Vinho verde branco loureiro/alvarinho, garrafa de 0.75 l",,3.89,5.19,750,L,€/L,,,https://driveimg1.intermarche.com/pt/Content/images/boitmal/produit/zoom/0EDCFE54C28A289AA37078E6B8F87858.jpg,,,,2025-03-05T23:59:59.999999999Z,PROSPECTUS,12,4,,,
24410,8710908859502,750.0,Cif,"Spray power&shine multiusos com lixívia, de 750 ml",,2.69,3.59,750,L,€/L,,,https://driveimg1.intermarche.com/pt/Content/images/boitmal/produit/zoom/BC1FC8E39B43E72D32F4657C6D001534.jpg,,,,2025-03-05T23:59:59.999999999Z,PROSPECTUS,12,4,,,
43520,8411300478116,400.0,Elvive,Champô argila cabelos normais,Embalagem com 400ml,3.99,9.98,400,L,€/L,,,https://driveimg1.intermarche.com/pt/Content/images/boitmal/produit/zoom/638A557615C1C43E87F50B5AF3FB796E.jpg,,,,2025-03-05T23:59:59.999999999Z,PROSPECTUS,12,4,,,
483,3033710046645,400.0,Nestlé,"Fruta para bebé maçã manga +6 meses, embalagem de 4 x 100g",,2.84,7.1,0,kg,€/Kg,,,https://driveimg1.intermarche.com/pt/Content/images/boitmal/produit/zoom/B957252E4468B4428B54FDF0DEC950C2.jpg,,,,2025-03-05T23:59:59.999999999Z,PROSPECTUS,12,4,,,
50954,8006540767689,,Fairy,Detergente Loiça Máquina Ultra,53 pastilhas,13.99,13.99,0,,€/Unidade,,,https://driveimg1.intermarche.com/pt/Content/images/boitmal/produit/zoom/B8715491007747823440062BA929A0DC.jpg,,,,2025-03-05T23:59:59.999999999Z,PROSPECTUS,12,4,,,
941,5601001322808,100.0,Nescafé,"Café solúvel, embalagem de 100g",,3.79,37.9,0,kg,€/Kg,,,https://driveimg1.intermarche.com/pt/Content/images/boitmal/produit/zoom/B063757FB22F6A33CD1F9CE6C13974A8.jpg,,,,2025-03-05T23:59:59.999999999Z,PROSPECTUS,12,4,,,
942,5601001324109,100.0,Nescafé,"Café solúvel gold, embalagem de 100g",,5.69,56.9,0,kg,€/Kg,,,https://driveimg1.intermarche.com/pt/Content/images/boitmal/produit/zoom/56AF775E1D437B4623D4E42AE4DAA827.jpg,,,,2025-03-05T23:59:59.999999999Z,PROSPECTUS,12,4,,,
10512,8435250439577,232.0,Nestlé,"Iogurte mix in nesquik, embalagem de 2 x 115g",,2.09,9.01,0,kg,€/Kg,,,https://driveimg1.intermarche.com/pt/Content/images/boitmal/produit/zoom/6C2207480393D760FBF1824B2B4CD877.jpg,,,,2025-03-05T23:59:59.999999999Z,PROSPECTUS,12,4,,,
13529,2893521000000,1000.0,Peixaria,Pescada do Chile Congelada Nº3,1 un= 1 kg (aprox.),8.99,8.99,0,,€/Kg,,Avantages !,https://driveimg1.intermarche.com/pt/Content/images/boitmal/produit/zoom/40D57D35BBDBDF72027C959F41A6E90C.jpg,,,,2025-03-05T23:59:59.999999999Z,PROSPECTUS,12,4,,,
1466,5601286235770,250.0,Milaneza,"Massa cuscus, embalagem de 250g",,0.57,2.28,0,kg,€/Kg,,,https://driveimg1.intermarche.com/pt/Content/images/boitmal/produit/zoom/606493A56C3149C89E86FD71CB1A6172.jpg,,,,2025-03-05T23:59:59.999999999Z,PROSPECTUS,12,4,,,
14818,2696137000000,,Pastelaria,Pastel de Nata,60G,0.39,0.39,0,,€/Unidade,,,https://driveimg1.intermarche.com/pt/Content/images/boitmal/produit/zoom/9EEE51B51A06F76B38A9947DCC43F4E5.jpg,,,,2025-03-05T23:59:59.999999999Z,PROSPECTUS,12,4,,,
18771,5449000022646,1500.0,Fanta,"Refrigerante com gás de uva, garrafa de 1,5 l",,0.99,0.66,1500,L,€/L,,,https://driveimg1.intermarche.com/pt/Content/images/boitmal/produit/zoom/8F70505C1EA8CC7907321F98EFB258F8.jpg,,,,2025-03-05T23:59:59.999999999Z,PROSPECTUS,12,4,,,
19046,5000116110414,480.0,Capitão Iglo,"8 hamburguers sem glúten frango, embalagem de 480g",,7.99,16.65,0,kg,€/Kg,,Tipo de stockagem,https://driveimg1.intermarche.com/pt/Content/images/boitmal/produit/zoom/B74DC0C9C4A898B602612BD394B808F5.jpg,,,,2025-03-05T23:59:59.999999999Z,PROSPECTUS,12,4,,,
29374,5601146530304,500.0,Bandida do Pomar,"Sidra maçã, lata de 500 ml",,1.19,2.38,500,L,€/L,,,https://driveimg1.intermarche.com/pt/Content/images/boitmal/produit/zoom/BCB2E29A160CFF6D3AE7FEB90426D1E6.jpg,,,,2025-03-05T23:59:59.999999999Z,PROSPECTUS,12,4,,,
29591,3387390339505,375.0,Nestlé,"Cereais golden grahams, embalagem de 380g",,2.99,7.97,0,kg,€/Kg,,,https://driveimg1.intermarche.com/pt/Content/images/boitmal/produit/zoom/52B010047394B5E18C21D533AA60A41C.jpg,,,,2025-03-05T23:59:59.999999999Z,PROSPECTUS,12,4,,,
30181,5607238032107,345.0,Casa de Mateus,"Geleia de morango, embalagem de 345g",,2.99,8.67,0,kg,€/Kg,,,https://driveimg1.intermarche.com/pt/Content/images/boitmal/produit/zoom/B386B3AED2791B1ABC3F8E529297B645.jpg,,,,2025-03-05T23:59:59.999999999Z,PROSPECTUS,12,4,,,
