identifier,produitEan13,capacite,marque,libelle,conditionnement,prix,unitPrice,volume,typeProduit_uniteByCode,unit_value,pictogrammes_0,pictogrammes_libelleCategorie,images_0,images_1,images_2,avantages_dateFin,avantages_categorie,nro_paginas,page,images_3,images_4,images_5,images_6
974,5601024105051,3000.0,Fula,"Óleo Alimentar, emb. 3 lt",Embalagem 3L,4.95,1.65,3000,L,€/L,,,https://driveimg1.intermarche.com/pt/Content/images/boitmal/produit/zoom/D641E1D4A518E21E0D8C212FCA92F32A.jpg,,,2026-01-14T23:59:59Z,PROSPECTUS,13,1,,,,
980,5601024134488,750.0,Oliveira da Serra,Azeite virgem extra clássico,Embalagem de 750 ml,4.99,6.65,750,L,€/L,,,https://driveimg1.intermarche.com/pt/Content/images/boitmal/produit/zoom/01EF39EFE8396CC9ACA95DC25E9D3412.jpg,,,2026-01-14T23:59:59Z,PROSPECTUS,13,1,,,,
1269,5601151021750,845.0,Compal,"Feijão Preto Cozido, emb. 845 gr",,1.59,1.88,845,L,€/L,,,https://driveimg1.intermarche.com/pt/Content/images/boitmal/produit/zoom/9B352604A3E93D2F850CFCA0A305498A.jpg,,,2026-01-14T23:59:59Z,PROSPECTUS,13,1,,,,
5119,5601066200073,1000.0,Nacional,Farinha p/ bolos extra fina,Embalagem de 1 kg,0.89,0.89,0,kg,€/Kg,,,https://driveimg1.intermarche.com/pt/Content/images/boitmal/produit/zoom/0BC68EEEFB7AD341320FD65451A85D72.jpg,,,2026-01-14T23:59:59Z,PROSPECTUS,13,1,,,,
6398,8410372182303,75.0,Colgate,"Dentifríco flúor gel, embalagem de 75 ml",,1.79,23.87,75,L,€/L,,,https://driveimg1.intermarche.com/pt/Content/images/boitmal/produit/zoom/3F011A79E5A34E1D47A1369D50D1C53B.jpg,,,2026-01-14T23:59:59Z,PROSPECTUS,13,1,,,,
8383,5601049132995,1000.0,Mimosa,"Leite uht meio gordo, embalagem de 1litro",,0.87,0.87,1000,L,€/L,,,https://driveimg1.intermarche.com/pt/Content/images/boitmal/produit/zoom/6FB52C843F677BD37D399D45BB10B38B.jpg,https://driveimg1.intermarche.com/pt/Content/images/boitmal/produit/zoom/AE810093A08CEBD60415DCC626CF5804.jpg,https://driveimg1.intermarche.com/pt/Content/images/boitmal/produit/zoom/A0562293538F541B1B99592AA046327B.jpg,2026-01-14T23:59:59Z,PROSPECTUS,13,1,,,,
8672,5601164902589,5000.0,Super Bock,"Cerveja com Álcool Mini, emb. 20 x 25 cl",,9.49,1.9,5000,L,€/L,,,https://driveimg1.intermarche.com/pt/Content/images/boitmal/produit/zoom/2F3621A27B73789EDA7DDA7347F7A8AE.jpg,,,2026-01-14T23:59:59Z,PROSPECTUS,13,1,,,,
10651,8714789113227,75.0,Colgate,"Pasta dentífrica herbal branqueadora, embalagem de 75 ml",,1.79,23.87,75,L,€/L,,,https://driveimg1.intermarche.com/pt/Content/images/boitmal/produit/zoom/D603169FD8B2B272886B853A2EE3184C.jpg,,,2026-01-14T23:59:59Z,PROSPECTUS,13,1,,,,
19224,5601146000302,330.0,Sagres,"Cerveja com Álcool, emb. 33 cl",,0.56,1.7,330,L,€/L,,,https://driveimg1.intermarche.com/pt/Content/images/boitmal/produit/zoom/021C2A3D686B3B40ECD987D05D836084.jpg,,,2026-01-14T23:59:59Z,PROSPECTUS,13,1,,,,
23212,8434165444874,500.0,Cuétara,Flakes,Embalagem de 500g,2.99,5.98,0,kg,€/Kg,,,https://driveimg1.intermarche.com/pt/Content/images/boitmal/produit/zoom/1A748EB4756319104E9DFFA627302472.jpg,,,2026-01-14T23:59:59Z,PROSPECTUS,13,1,,,,
24579,3600541946309,400.0,Fructis,Champô força e brilho,Embalagem com 400 ml,3.59,8.98,400,L,€/L,,,https://driveimg1.intermarche.com/pt/Content/images/boitmal/produit/zoom/B318411B1A658517F85A242ED66D26E5.jpg,,,2026-01-14T23:59:59Z,PROSPECTUS,13,1,,,,
25861,5603722509759,800.0,Mimosa,"Leite com chocolate, embalagem de 4 x 200 ml",,1.49,1.86,800,L,€/L,,,https://driveimg1.intermarche.com/pt/Content/images/boitmal/produit/zoom/4FE9754297F54084EBC31D72FBB55E4F.jpg,,,2026-01-14T23:59:59Z,PROSPECTUS,13,1,,,,
36658,5601217132680,500.0,Cillitbang,"Spray tira gorduras, garrafa de 500 ml",,2.39,4.78,500,L,€/L,,,https://driveimg1.intermarche.com/pt/Content/images/boitmal/produit/zoom/4D381FD6E4284388FB353BA45D1B9045.jpg,,,2026-01-14T23:59:59Z,PROSPECTUS,13,1,,,,
46340,8720181029370,150.0,Axe,"Desodorizante spray dark temptation, embalagem de 150 ml",,2.49,16.6,150,L,€/L,,,https://driveimg1.intermarche.com/pt/Content/images/boitmal/produit/zoom/6089641281D0C2E4D5F46619C43CCB3F.jpg,,,2026-01-14T23:59:59Z,PROSPECTUS,13,1,,,,
5244,5601151510759,845.0,Compal,"Feijão encarnado, lata de 850g",,1.59,1.88,0,kg,€/Kg,,,https://driveimg1.intermarche.com/pt/Content/images/boitmal/produit/zoom/DE636824D87F41FA8614ED32FEFF81FF.jpg,,,2026-01-14T23:59:59Z,PROSPECTUS,13,1,,,,
12994,2892524000000,100.0,Legumes,Cenoura Granel,1 un = 100 gr (aprox.),0.09,0.89,0,,€/Kg,,,https://driveimg1.intermarche.com/pt/Content/images/boitmal/produit/zoom/5AEDEF3ED6ABEF24EACEE9C46AA7916F.jpg,,,2026-01-14T23:59:59Z,PROSPECTUS,13,1,,,,
24580,3600541946316,400.0,Fructis,Champô força e brilho 2 em 1,Embalagem de 400 ml,3.59,8.98,400,L,€/L,,,https://driveimg1.intermarche.com/pt/Content/images/boitmal/produit/zoom/32C710729147E575D0FF81790BF7E140.jpg,,,2026-01-14T23:59:59Z,PROSPECTUS,13,1,,,,
24380,8434165444881,500.0,Cuétara,Choco flakes,Embalagem de 500g,2.99,5.98,0,kg,€/Kg,,,https://driveimg1.intermarche.com/pt/Content/images/boitmal/produit/zoom/B608700F0A2C471F9866509C7ED90B7D.jpg,,,2026-01-14T23:59:59Z,PROSPECTUS,13,1,,,,
47106,7613287613806,,Nescafé,"Cápsulas de Café Buondi Intenso Int 10, emb. 30 un.",,8.89,8.89,30,,€/Unidade,,,https://driveimg1.intermarche.com/pt/Content/images/boitmal/produit/zoom/E40A3E7241DABB11EAC194DA9AD5C029.jpg,,,2026-01-14T23:59:59Z,PROSPECTUS,13,1,,,,
52325,8720181384868,2520.0,Skip,"Detergente máquina roupa líquido sensitive, 56 doses",,9.49,3.77,2520,L,€/L,,,https://driveimg1.intermarche.com/pt/Content/images/boitmal/produit/zoom/5156E7DCF7ACB257EA61F802A2FE636C.jpg,,,2026-01-14T23:59:59Z,PROSPECTUS,13,1,,,,
37045,5601217132659,500.0,Cillitbang,"Spray bolor e sujidade, garrafa de 500 ml",,2.39,4.78,500,L,€/L,,,https://driveimg1.intermarche.com/pt/Content/images/boitmal/produit/zoom/2A51671BCEA4544BF377B06769DE1169.jpg,,,2026-01-14T23:59:59Z,PROSPECTUS,13,1,,,,
1288,5601151300756,850.0,Compal,Feijão branco,Lata de 850g,1.59,1.87,0,kg,€/Kg,,,https://driveimg1.intermarche.com/pt/Content/images/boitmal/produit/zoom/80BCDFEFE1B507688319D03B0A11537C.jpg,,,2026-01-14T23:59:59Z,PROSPECTUS,13,1,,,,
46341,8720181031595,150.0,Axe,"Desodorizante Spray Anarchy Fresh, emb. 150 ml",,2.49,16.6,150,L,€/L,,,https://driveimg1.intermarche.com/pt/Content/images/boitmal/produit/zoom/FAB84EE4955A329821EBC2032E3753D4.jpg,,,2026-01-14T23:59:59Z,PROSPECTUS,13,1,,,,
26485,3600542034074,400.0,Fructis,Champô Hidraliso,Embalagem de 400 ml,3.59,8.98,400,L,€/L,,,https://driveimg1.intermarche.com/pt/Content/images/boitmal/produit/zoom/0A5BF6BD4C0B7CE0E1D33260CCEBEAEB.jpg,,,2026-01-14T23:59:59Z,PROSPECTUS,13,1,,,,
5247,5601151720752,845.0,Compal,"Feijão frade, lata de 850g",,1.59,1.88,0,kg,€/Kg,,,https://driveimg1.intermarche.com/pt/Content/images/boitmal/produit/zoom/748A199E3B15682C5E3E960F2EBA8A1A.jpg,,,2026-01-14T23:59:59Z,PROSPECTUS,13,1,,,,
24583,3600541946262,400.0,Fructis,Champô hidra caracóis,Embalagem de 400 ml,3.59,8.98,400,L,€/L,,,https://driveimg1.intermarche.com/pt/Content/images/boitmal/produit/zoom/F45C286B6B8330CEB5E45C88E611688B.jpg,,,2026-01-14T23:59:59Z,PROSPECTUS,13,1,,,,
37046,5601217132666,500.0,Cillitbang,"Spray calcário e sujidade, garrafa de 500 ml",,2.39,4.78,500,L,€/L,,,https://driveimg1.intermarche.com/pt/Content/images/boitmal/produit/zoom/0B3643C0021BC8837B6653E8203F1AB4.jpg,,,2026-01-14T23:59:59Z,PROSPECTUS,13,1,,,,
55260,8445291133396,220.0,Sical,"Café Moído Clássico Int 10, emb. 220 gr",,3.89,17.68,0,kg,€/Kg,,,https://driveimg1.intermarche.com/pt/Content/images/boitmal/produit/zoom/F1F21D9DD5EF92659D4D4D9622ABB148.jpg,,,2026-01-14T23:59:59Z,PROSPECTUS,13,1,,,,
37948,5601217132697,500.0,Cillitbang,"Spray limpeza casa de banho, embalagem de 500 ml",,2.39,4.78,500,L,€/L,,,https://driveimg1.intermarche.com/pt/Content/images/boitmal/produit/zoom/62E5A8E0A6D5CF81B7A29AA6D1070117.jpg,,,2026-01-14T23:59:59Z,PROSPECTUS,13,1,,,,
27893,3600542117937,400.0,Fructis,Champô Hidra Bomb Aloe Vera,Embalagem de 400 ml,3.59,8.98,400,L,€/L,,,https://driveimg1.intermarche.com/pt/Content/images/boitmal/produit/zoom/0B39F24315B17E1C33DCF22900D87031.jpg,,,2026-01-14T23:59:59Z,PROSPECTUS,13,1,,,,
1302,5601151700754,845.0,Compal,"Grão de bico, lata de 850g",,1.59,1.88,0,kg,€/Kg,,,https://driveimg1.intermarche.com/pt/Content/images/boitmal/produit/zoom/DA244D258ED9A9EF750825CAFFB70E24.jpg,,,2026-01-14T23:59:59Z,PROSPECTUS,13,1,,,,
57172,8720181028755,150.0,Axe,"Desodorizante Spray Excite, emb. 150 ml",,2.49,16.6,150,L,€/L,,,https://driveimg1.intermarche.com/pt/Content/images/boitmal/produit/zoom/EEDE25140DDC74B0CAD5E236A32A62F0.jpg,,,2026-01-14T23:59:59Z,PROSPECTUS,13,1,,,,
36657,5601217132673,500.0,Cillitbang,"Spray lixívia e higiene, de 500 ml",,2.39,4.78,500,L,€/L,,,https://driveimg1.intermarche.com/pt/Content/images/boitmal/produit/zoom/D9B27A41A222F2F218026715A414F2D0.jpg,,,2026-01-14T23:59:59Z,PROSPECTUS,13,1,,,,
13886,2891108000000,1000.0,Frango,Bife de Frango,Vendido ao peso a partir de 1 kg,6.49,6.49,0,,€/Kg,,,https://driveimg1.intermarche.com/pt/Content/images/boitmal/produit/zoom/519BDC237EE2CC43FB5B010D4FF5A15B.jpg,,,2026-01-14T23:59:59Z,PROSPECTUS,13,1,,,,
12906,2892001000000,100.0,Fruta,Clementinas,1 un = 100 gr (aprox.),0.2,1.99,0,,€/Kg,,,https://driveimg1.intermarche.com/pt/Content/images/boitmal/produit/zoom/91DC72E142D597026B000E92136FFB70.jpg,,,2026-01-14T23:59:59Z,PROSPECTUS,13,1,,,,
13897,2891053000000,1000.0,Porco,Lombo sem Osso,Vendido ao peso a partir de 1 kg,3.49,3.49,0,,€/Kg,,,https://driveimg1.intermarche.com/pt/Content/images/boitmal/produit/zoom/415564DA70574ED3C1D7475F1F28BDB6.jpg,,,2026-01-14T23:59:59Z,PROSPECTUS,13,1,,,,
11961,5603722505607,1000.0,Mimosa,"Leite sem lactose meio gordo, de 1l",,1.15,1.15,1000,L,€/L,,,https://driveimg1.intermarche.com/pt/Content/images/boitmal/produit/zoom/A98ED8A0E5E675A3AC1A551BCE75B0AB.jpg,https://driveimg1.intermarche.com/pt/Content/images/boitmal/produit/zoom/4E57BFE09E8D859BDBE1705476BB9F1B.jpg,https://driveimg1.intermarche.com/pt/Content/images/boitmal/produit/zoom/E1F70144AAFCC0EAEBFF05614177D009.jpg,2026-01-14T23:59:59Z,PROSPECTUS,13,1,,,,
9727,5604260273058,200.0,PorSi,Queijo Mozzarela Ralado 200g,,1.59,7.95,0,kg,€/Kg,,,https://driveimg1.intermarche.com/pt/Content/images/boitmal/produit/zoom/87A294803531F1557BAF63F77686243B.jpg,,,2026-01-14T23:59:59Z,PROSPECTUS,13,1,,,,
13813,2892489000000,250.0,Legumes,Batata Doce,1 un = 250 gr  (aprox.),0.25,0.99,0,,€/Kg,,,https://driveimg1.intermarche.com/pt/Content/images/boitmal/produit/zoom/B0785A3D8A1A6773EB1FB43B119AC4D9.jpg,,,2026-01-14T23:59:59Z,PROSPECTUS,13,1,,,,
13818,2892584000000,250.0,Legumes,Pimento Vermelho,1 un=250 gr (aprox.),0.7,2.79,0,,€/Kg,,,https://driveimg1.intermarche.com/pt/Content/images/boitmal/produit/zoom/F76C07448A59E6639379639A64EE2C63.jpg,,,2026-01-14T23:59:59Z,PROSPECTUS,13,1,,,,
13866,2891048000000,1000.0,Porco,Bifanas,Vendido ao peso a partir de 1 kg,3.49,3.49,0,,€/Kg,,,https://driveimg1.intermarche.com/pt/Content/images/boitmal/produit/zoom/72DE0DA6B485199AC995C629E3E4D279.jpg,,,2026-01-14T23:59:59Z,PROSPECTUS,13,1,,,,
13894,2891044000000,1000.0,Porco,Entremeada sem Entrecosto,Vendido ao peso a partir de 1 kg,3.49,3.49,0,,€/Kg,,,https://driveimg1.intermarche.com/pt/Content/images/boitmal/produit/zoom/033DDCE7C7F9A9CD99F0A4BEB2F74462.jpg,,,2026-01-14T23:59:59Z,PROSPECTUS,13,1,,,,
36627,5604260294398,1000.0,PorSi,Arroz Vaporizado 1000g,,1.15,1.15,0,kg,€/Kg,,,https://driveimg1.intermarche.com/pt/Content/images/boitmal/produit/zoom/C0D560042F7DB18E737B2402604E7AC3.jpg,,,2026-01-14T23:59:59Z,PROSPECTUS,13,1,,,,
53886,5604260328635,200.0,PorSi,Salsichas Frankfurt Lata 8 Unidades,,0.95,4.75,0,kg,€/Kg,,,https://driveimg1.intermarche.com/pt/Content/images/boitmal/produit/zoom/31082215F673730ADB8637807346D57D.jpg,,,2026-01-14T23:59:59Z,PROSPECTUS,13,1,,,,
19111,5604649918204,500.0,Fruta,Uva Branca sem grainha,Embalagem de 500 g,2.89,5.78,0,kg,€/Kg,,,https://driveimg1.intermarche.com/pt/Content/images/boitmal/produit/zoom/67F8986763A7150348D1ACB12C17814C.jpg,,,2026-01-14T23:59:59Z,PROSPECTUS,13,1,,,,
12884,2892009000000,200.0,Fruta,Limão,1 un = 200 gr (aprox.),0.26,1.29,0,,€/Kg,,,https://driveimg1.intermarche.com/pt/Content/images/boitmal/produit/zoom/5223F19D9F11D77A77B2577CB1D4D05C.jpg,,,2026-01-14T23:59:59Z,PROSPECTUS,13,1,,,,
12888,2892090000000,500.0,Fruta,Manga Avião,1 un=500 gr (aprox.),1.95,3.89,0,,€/Kg,,,https://driveimg1.intermarche.com/pt/Content/images/boitmal/produit/zoom/842EA0C904154D230A3A6F63A245D264.jpg,,,2026-01-14T23:59:59Z,PROSPECTUS,13,1,,,,
13844,2891011000000,800.0,Novilho,Carne p/ Assar,Vendido ao peso a partir de 800 g,10.39,12.99,0,,€/Kg,,,https://driveimg1.intermarche.com/pt/Content/images/boitmal/produit/zoom/142925C351A68598D5F08763C55C20FE.jpg,,,2026-01-14T23:59:59Z,PROSPECTUS,13,1,,,,
34240,2892497000000,120.0,Programa Origens,Cebola roxa categoria II,Vendido ao peso,0.18,1.49,0,,€/Kg,,,https://driveimg1.intermarche.com/pt/Content/images/boitmal/produit/zoom/F8F441E981475C78DFA8B7423332B5B4.jpg,,,2026-01-14T23:59:59Z,PROSPECTUS,13,1,,,,
43396,5604260308620,150.0,PorSi,Dentes de alho Categoria: II,Embalagem de 150 g,1.19,7.93,0,kg,€/Kg,,,https://driveimg1.intermarche.com/pt/Content/images/boitmal/produit/zoom/E6A76E6A0AA9CD40C780B4C08C98D392.jpg,,,2026-01-14T23:59:59Z,PROSPECTUS,13,1,,,,
927,5601001180903,380.0,Nestlé,Cereais chocapic,Embalagem de 375 g,2.24,5.89,0,kg,€/Kg,,,https://driveimg1.intermarche.com/pt/Content/images/boitmal/produit/zoom/EA69C754779AF0C6F4DD36E6F3A8C272.jpg,,,2026-01-14T23:59:59Z,PROSPECTUS,13,1,,,,
13048,2893561000000,250.0,Marisco,Ameijoa Branca Vietnamita Congelada,Vendido a partir de 250 gr  (aprox.),0.5,1.99,0,,€/Kg,,Avantages !,https://driveimg1.intermarche.com/pt/Content/images/boitmal/produit/zoom/EB1BC296FF41180E6F3E1626AD4F78AA.jpg,,,2026-01-14T23:59:59Z,PROSPECTUS,13,1,,,,
13821,2892597000000,200.0,Legumes,Tomate Cacho,1 un = 200 gr (aprox.),0.36,1.79,0,,€/Kg,,,https://driveimg1.intermarche.com/pt/Content/images/boitmal/produit/zoom/FD67F77AFAB450B6A4FA38E0279E6686.jpg,,,2026-01-14T23:59:59Z,PROSPECTUS,13,1,,,,
21291,2891140000000,1000.0,Porco,Cachaço s/ Osso,Vendido ao peso a partir de 1 kg,5.29,5.29,0,,€/Kg,,,https://driveimg1.intermarche.com/pt/Content/images/boitmal/produit/zoom/7E3931887AC2DD400F13FFEDAE44781A.jpg,,,2026-01-14T23:59:59Z,PROSPECTUS,13,1,,,,
250,2892150000000,300.0,Fruta,Abacate,1 un. = 300 g (aprox.),1.05,3.49,0,,€/Kg,,,https://driveimg1.intermarche.com/pt/Content/images/boitmal/produit/zoom/E9095394002D145B7F2ABE932415A1F1.jpg,,,2026-01-14T23:59:59Z,PROSPECTUS,13,1,,,,
34239,5604260285495,1500.0,PorSi,Pera rocha categoria II Programa Origens,Embalagem de 1.5 kg,2.49,1.66,0,kg,€/Kg,,,https://driveimg1.intermarche.com/pt/Content/images/boitmal/produit/zoom/F6E3096BF97BB2633EACD15A32FEACF7.jpg,https://driveimg1.intermarche.com/pt/Content/images/boitmal/produit/zoom/11ABC193A8AF1413E11E1849F00D2775.jpg,,2026-01-14T23:59:59Z,PROSPECTUS,13,1,,,,
44104,2696661000000,90.0,Padaria,Cacetinho de trigo integral,90 g,0.19,2.11,0,kg,€/Kg,,,https://driveimg1.intermarche.com/pt/Content/images/boitmal/produit/zoom/DC4B31D5116A1A43F4BD72090A42EAD2.jpg,,,2026-01-14T23:59:59Z,PROSPECTUS,13,1,,,,
47678,5604260319572,96.0,PorSi,Cápsulas Café Velutatto Cdgx16,,3.85,40.1,0,kg,€/Kg,,,https://driveimg1.intermarche.com/pt/Content/images/boitmal/produit/zoom/BE18676367C8B5BB22F7EEF5D41DB56F.jpg,,,2026-01-14T23:59:59Z,PROSPECTUS,13,1,,,,
19415,5601028019798,,Renova,"Rolo de cozinha design xxl, 3 rolos",,1.99,1.99,3,,€/Unidade,,,https://driveimg1.intermarche.com/pt/Content/images/boitmal/produit/zoom/9A25E60B9B6B556C2D19CB0AC3EE543B.jpg,,,2026-01-14T23:59:59Z,PROSPECTUS,13,1,,,,
31516,8435257039107,1280.0,Nestlé,"Yoggi liquido morango, embalagem de 8x160g",,3.89,3.04,0,kg,€/Kg,,,https://driveimg1.intermarche.com/pt/Content/images/boitmal/produit/zoom/919C3780A665F064AD1803A3631A5911.jpg,,,2026-01-14T23:59:59Z,PROSPECTUS,13,1,,,,
46128,3083681137811,450.0,Bonduelle,"Milho Doce sem Glúten, emb. 3 x 150 gr",,2.59,5.76,0,kg,€/Kg,,,https://driveimg1.intermarche.com/pt/Content/images/boitmal/produit/zoom/EC051C59563F4690C90E354F78286A70.jpg,,,2026-01-14T23:59:59Z,PROSPECTUS,13,1,,,,
49463,8445290250322,600.0,Nestum,Flocos Cereais Mel,Embalagem de 600g,3.79,6.32,0,kg,€/Kg,,,https://driveimg1.intermarche.com/pt/Content/images/boitmal/produit/zoom/4A0A62606AC144021ED115E1FAB3D0CE.jpg,,,2026-01-14T23:59:59Z,PROSPECTUS,13,1,,,,
9315,5603722509544,1000.0,Mimosa,"Leite 0% lactose magro, de 1l",,1.15,1.15,1000,L,€/L,,,https://driveimg1.intermarche.com/pt/Content/images/boitmal/produit/zoom/0350D0DE44A653A9AB01722B06443E94.jpg,https://driveimg1.intermarche.com/pt/Content/images/boitmal/produit/zoom/DC5219EC1E15E09529E323B7D196FADA.jpg,https://driveimg1.intermarche.com/pt/Content/images/boitmal/produit/zoom/DC48BFFA4281D8016E9FB40168ED4485.jpg,2026-01-14T23:59:59Z,PROSPECTUS,13,1,,,,
10095,8435257040899,640.0,Nestlé,"Iogurte líquido yoggi morango, embalagem de 4 x 160g",,1.99,3.11,0,kg,€/Kg,,,https://driveimg1.intermarche.com/pt/Content/images/boitmal/produit/zoom/BCBB1C4518CDF8045B46EB41CD173E54.jpg,,,2026-01-14T23:59:59Z,PROSPECTUS,13,1,,,,
12889,2892175000000,150.0,Fruta,Kiwi categoria II,1 un = 150 gr (aprox.),0.49,3.29,0,,€/Kg,,,https://driveimg1.intermarche.com/pt/Content/images/boitmal/produit/zoom/39D74C337E358C98856B0EB2FC79D7A8.jpg,,,2026-01-14T23:59:59Z,PROSPECTUS,13,1,,,,
13915,2891249000000,2000.0,Peru,Perna com Osso,Vendido ao peso,8.98,4.49,0,,€/Kg,,,https://driveimg1.intermarche.com/pt/Content/images/boitmal/produit/zoom/EA6C55F440DB29FDE55EB019973B1FE5.jpg,,,2026-01-14T23:59:59Z,PROSPECTUS,13,1,,,,
15059,2892578000000,200.0,Legumes,Nabo Roxo sem Rama,1 un = 200 gr (aprox.),0.34,1.69,0,,€/Kg,,,https://driveimg1.intermarche.com/pt/Content/images/boitmal/produit/zoom/EECF99CF1D26FD88C91EC2A5B22EA3C8.jpg,,,2026-01-14T23:59:59Z,PROSPECTUS,13,1,,,,
15577,5604260279166,125.0,PorSi,Framboesa,Embalagem com 125g,1.99,15.92,0,kg,€/Kg,,,https://driveimg1.intermarche.com/pt/Content/images/boitmal/produit/zoom/B88FD29FAEF1BF8CB6DEB86AC94C2B60.jpg,,,2026-01-14T23:59:59Z,PROSPECTUS,13,1,,,,
18488,5600744051013,220.0,Saborosa,"Bolacha de manteiga belga original, embalagem de 220g",,1.59,7.23,0,kg,€/Kg,,,https://driveimg1.intermarche.com/pt/Content/images/boitmal/produit/zoom/435E3C8EAE2EA4A45A8BB3A81B14CF20.jpg,,,2026-01-14T23:59:59Z,PROSPECTUS,13,1,,,,
18489,5600744051020,198.0,Saborosa,"Bolacha de manteiga belga com chocolate, embalagem de 200g",,1.64,8.28,0,kg,€/Kg,,,https://driveimg1.intermarche.com/pt/Content/images/boitmal/produit/zoom/96C31A82D017146C1ADBA7AC747D4690.jpg,,,2026-01-14T23:59:59Z,PROSPECTUS,13,1,,,,
40750,5604260304165,1000.0,PorSi,Detergente Loiça Limão 1l,Garrafa de 1 litro,0.89,0.89,1000,L,€/L,,,https://driveimg1.intermarche.com/pt/Content/images/boitmal/produit/zoom/2532D260202FF646D416E5D63E3F4DF5.jpg,,,2026-01-14T23:59:59Z,PROSPECTUS,13,1,,,,
42032,5604260303267,750.0,PorSi,Batata Pré-frita para Forno 750g,,1.39,1.85,0,kg,€/Kg,,Tipo de stockagem,https://driveimg1.intermarche.com/pt/Content/images/boitmal/produit/zoom/933E1A5B0960E0BFFB7C146BB21B206C.jpg,,,2026-01-14T23:59:59Z,PROSPECTUS,13,1,,,,
11959,5603722504945,200.0,Mimosa,"Nata para culinária ligeira, embalagem de 200 ml",,0.85,4.25,200,L,€/L,,,https://driveimg1.intermarche.com/pt/Content/images/boitmal/produit/zoom/34074ECCE8C9D0028618D923D64DF04D.jpg,,,2026-01-14T23:59:59Z,PROSPECTUS,13,1,,,,
13602,2893597000000,500.0,Peixaria,Pescada Média Argentina Congelada,+ de 500 g,2.45,4.89,0,,€/Kg,,Avantages !,https://driveimg1.intermarche.com/pt/Content/images/boitmal/produit/zoom/0D3A6A42D4C22CDA932A00A286926BF6.jpg,,,2026-01-14T23:59:59Z,PROSPECTUS,13,1,,,,
13852,2891020000000,100.0,Novilho,Fígado,1 un = 100 gr (aprox.),0.6,5.99,0,,€/Kg,,,https://driveimg1.intermarche.com/pt/Content/images/boitmal/produit/zoom/7F21D014BF856223502CE366D77F0F5C.jpg,,,2026-01-14T23:59:59Z,PROSPECTUS,13,1,,,,
13981,2696138000000,60.0,Pastelaria,Pastel de Nata,60 g,0.33,5.5,0,kg,€/Kg,,,https://driveimg1.intermarche.com/pt/Content/images/boitmal/produit/zoom/EA9B10BF07D95E268418206A452F7022.jpg,,,2026-01-14T23:59:59Z,PROSPECTUS,13,1,,,,
1709,5604055111060,6000.0,Fastio,"Água mineral sem gás, embalagem de 6 l",,1.59,0.27,6000,L,€/L,,,https://driveimg1.intermarche.com/pt/Content/images/boitmal/produit/zoom/6EFB8FD4D0614752BB5925C1048B82B3.jpg,,,2026-01-14T23:59:59Z,PROSPECTUS,13,1,,,,
34876,5604260285488,1500.0,PorSi,Maçã starking categoria II Programa Origens,Embalagem de 1.5 kg,1.79,1.19,0,kg,€/Kg,,,https://driveimg1.intermarche.com/pt/Content/images/boitmal/produit/zoom/AA6B73374DD1E7B1436CB2F99D3B721B.jpg,,,2026-01-14T23:59:59Z,PROSPECTUS,13,1,,,,
3564,2894493000000,150.0,PorSi,Fiambre da Perna Extra,1 un = 150 gr (aprox.),1.5,9.99,0,,€/Kg,,,https://driveimg1.intermarche.com/pt/Content/images/boitmal/produit/zoom/A9EBA756C9FD3C422D551E66AF89E1C9.jpg,,,2026-01-14T23:59:59Z,PROSPECTUS,13,1,,,,
36898,5604260283330,150.0,Porsi Vivabem,Sementes de Chia 150g,,1.34,8.93,0,kg,€/Kg,,,https://driveimg1.intermarche.com/pt/Content/images/boitmal/produit/zoom/A6D637610619A091E79E344FF6715B60.jpg,,,2026-01-14T23:59:59Z,PROSPECTUS,13,1,,,,
45213,5604260313457,,PorSi,Toalhitas Bebé Recarga Agilidade X72,Embalagem de 72 unidades,1.0,1.0,0,,€/Unidade,,,https://driveimg1.intermarche.com/pt/Content/images/boitmal/produit/zoom/1996F880CAB177D56AAE94C8688AC6DA.jpg,,,2026-01-14T23:59:59Z,PROSPECTUS,13,1,,,,
46841,5604260318940,750.0,Porsi Vivabem,Iogurte Magro Aroma Morango 6x125g,,1.09,1.45,0,kg,€/Kg,,,https://driveimg1.intermarche.com/pt/Content/images/boitmal/produit/zoom/FAE81D187B49A173052F912072180DE4.jpg,,,2026-01-14T23:59:59Z,PROSPECTUS,13,1,,,,
52603,5604260328628,120.0,PorSi,Salsichas Frankfurt Lata 6 Unidades,,0.75,6.25,0,kg,€/Kg,,,https://driveimg1.intermarche.com/pt/Content/images/boitmal/produit/zoom/6A98ABEF16E2F4CDE5CD24A91CA89900.jpg,,,2026-01-14T23:59:59Z,PROSPECTUS,13,1,,,,
11496,5601049213991,200.0,Mimosa,"Nata uht, embalagem de 200 ml",,0.91,4.55,200,L,€/L,,,https://driveimg1.intermarche.com/pt/Content/images/boitmal/produit/zoom/8FC5ABCE23EB48F851FFE29C53BFA5D9.jpg,,,2026-01-14T23:59:59Z,PROSPECTUS,13,1,,,,
11523,5601051410029,250.0,Primor,"Manteiga com sal, 250g",,2.19,8.76,0,kg,€/Kg,,,https://driveimg1.intermarche.com/pt/Content/images/boitmal/produit/zoom/6515E45A6FB2F6024F4DECB68FB265B3.jpg,,,2026-01-14T23:59:59Z,PROSPECTUS,13,1,,,,
11524,5601051420028,250.0,Primor,Manteiga sem sal,Embalagem de 250g,2.19,8.76,0,kg,€/Kg,,,https://driveimg1.intermarche.com/pt/Content/images/boitmal/produit/zoom/0C41B270FBA7B622E759FBA7E3B6B1CD.jpg,,,2026-01-14T23:59:59Z,PROSPECTUS,13,1,,,,
11656,5601195510128,1000.0,Pedras Salgadas,"Água com gás limão, pack 4 x 0.25 l",,2.29,2.29,1000,L,€/L,,,https://driveimg1.intermarche.com/pt/Content/images/boitmal/produit/zoom/B17C3B681260FB1EF3C3D602C2A48DB7.jpg,,,2026-01-14T23:59:59Z,PROSPECTUS,13,1,,,,
13095,2893071000000,100.0,Peixaria,Carapau Pequeno,1 un = 100 g (aprox.),0.35,3.49,0,,€/Kg,,,https://driveimg1.intermarche.com/pt/Content/images/boitmal/produit/zoom/07606BE143D22CF4796A63CA9C752E5B.jpg,,,2026-01-14T23:59:59Z,PROSPECTUS,13,1,,,,
13950,2891145000000,100.0,Porco,Salsicha Fresca,1 un = 100 gr (aprox.),0.54,5.39,0,,€/Kg,,,https://driveimg1.intermarche.com/pt/Content/images/boitmal/produit/zoom/2E1CED7EDF010F56C2BF0E6CDF74D52B.jpg,,,2026-01-14T23:59:59Z,PROSPECTUS,13,1,,,,
14000,2696303000000,,Pastelaria,Bolo de Arroz 70 g,,0.59,0.59,0,,€/Unidade,,,https://driveimg1.intermarche.com/pt/Content/images/boitmal/produit/zoom/8647E32FCF2B73C4189CE119D3AB30F8.jpg,,,2026-01-14T23:59:59Z,PROSPECTUS,13,1,,,,
14001,2696304000000,,PorSi,Queque,1 unidade = 55 g,0.59,0.59,0,,€/Unidade,,,https://driveimg1.intermarche.com/pt/Content/images/boitmal/produit/zoom/30EA5E0E7AB7E4EEDF057690C9EE9CF8.jpg,,,2026-01-14T23:59:59Z,PROSPECTUS,13,1,,,,
16675,8431890051971,,Polident,Pastilhas de Limpeza Dentífrica Branqueadora,Embalagem com 30 unidades ,3.34,3.34,0,,€/Unidade,,,https://driveimg1.intermarche.com/pt/Content/images/boitmal/produit/zoom/0B9937D0AD58082EAB8D0E9C6AC86794.jpg,,,2026-01-14T23:59:59Z,PROSPECTUS,13,1,,,,
16722,8410376040999,280.0,Gullón,"Bolacha vitalday crocante chocolate, embalagem de 280g",,1.54,5.5,0,kg,€/Kg,,,https://driveimg1.intermarche.com/pt/Content/images/boitmal/produit/zoom/1CF03DED3AC82D4773F0EF2D1F53BC8E.jpg,,,2026-01-14T23:59:59Z,PROSPECTUS,13,1,,,,
2045,5604260162826,750.0,PorSi,Legumes Grelhados 750g,,2.89,3.85,0,kg,€/Kg,,Tipo de stockagem,https://driveimg1.intermarche.com/pt/Content/images/boitmal/produit/zoom/845602AF8FB81F0C9D78DA970301013F.jpg,,,2026-01-14T23:59:59Z,PROSPECTUS,13,1,,,,
20918,5000116110964,840.0,Capitão Iglo,"30 douradinhos, embalagem de 840g",,8.99,10.7,0,kg,€/Kg,,Tipo de stockagem,https://driveimg1.intermarche.com/pt/Content/images/boitmal/produit/zoom/3C52B0905F2F1ACE3D67359B13FE0331.jpg,,,2026-01-14T23:59:59Z,PROSPECTUS,13,1,,,,
24821,5604321028757,200.0,Cemporcento,"Bolachas marinheiras chia, embalagem de 200g",,2.14,10.7,0,kg,€/Kg,,,https://driveimg1.intermarche.com/pt/Content/images/boitmal/produit/zoom/A32F22B72B6F1F6892FBBFA5180DFAA2.jpg,,,2026-01-14T23:59:59Z,PROSPECTUS,13,1,,,,
24843,5604655005158,400.0,Peixaria,Paloco desfiado do pacifico,Embalagem de 400 g,2.69,6.73,0,kg,€/Kg,,,https://driveimg1.intermarche.com/pt/Content/images/boitmal/produit/zoom/A6D43F84A49577D695E61B0D7FE082C0.jpg,,,2026-01-14T23:59:59Z,PROSPECTUS,13,1,,,,
2748,8410063044521,200.0,Pescanova,"Miolo de Camarão Cozido 40/60 Ultracongelado, emb. 200 gr",,5.99,29.95,0,kg,€/Kg,,Tipo de stockagem,https://driveimg1.intermarche.com/pt/Content/images/boitmal/produit/zoom/D50FF0C33F27025B364B2A0F02EC1F36.jpg,,,2026-01-14T23:59:59Z,PROSPECTUS,13,1,,,,
31554,8435257039138,1280.0,Nestlé,"Nestlé - iogurte líquido de tutti-frutti, pack 8 x 160 g",,3.89,3.04,0,kg,€/Kg,,,https://driveimg1.intermarche.com/pt/Content/images/boitmal/produit/zoom/FBACDDE5448B1E7990331AE3CC79D8AF.jpg,,,2026-01-14T23:59:59Z,PROSPECTUS,13,1,,,,
32408,5601050034967,600.0,Danone,"Danacol aveia, embalagem de 6 x 100g",,3.09,5.15,0,kg,€/Kg,,,https://driveimg1.intermarche.com/pt/Content/images/boitmal/produit/zoom/5CE656F263120C59B9C0953B21D516B7.jpg,,,2026-01-14T23:59:59Z,PROSPECTUS,13,1,,,,
40592,5603722519420,480.0,Mimosa,"Iogurte fruta batida banana, laranja e bolacha, 4 x 120 g",,1.69,3.52,0,kg,€/Kg,,,https://driveimg1.intermarche.com/pt/Content/images/boitmal/produit/zoom/3DD4F4ED13036BE4F0A8D47DB404A192.jpg,,,2026-01-14T23:59:59Z,PROSPECTUS,13,2,,,,
40925,8710522652138,240.0,Calvé,"Maionese Top Down, emb. 240 gr",,1.48,6.17,0,kg,€/Kg,,,https://driveimg1.intermarche.com/pt/Content/images/boitmal/produit/zoom/ECF2C8ABFC985CAC5B87AA78A2E96931.jpg,https://driveimg1.intermarche.com/pt/Content/images/boitmal/produit/zoom/8E23B17512BCD2C444A6228885CC4217.jpg,https://driveimg1.intermarche.com/pt/Content/images/boitmal/produit/zoom/8E23B17512BCD2C444A6228885CC4217.jpg,2026-01-14T23:59:59Z,PROSPECTUS,13,2,https://driveimg1.intermarche.com/pt/Content/images/boitmal/produit/zoom/8E23B17512BCD2C444A6228885CC4217.jpg,https://driveimg1.intermarche.com/pt/Content/images/boitmal/produit/zoom/8E23B17512BCD2C444A6228885CC4217.jpg,,
41129,5604260303762,200.0,PorSi,Salsicha Aves Lata 8 Unidades,,1.09,5.45,0,kg,€/Kg,,,https://driveimg1.intermarche.com/pt/Content/images/boitmal/produit/zoom/9EA05D92F833661969A8EB1078BF37A5.jpg,,,2026-01-14T23:59:59Z,PROSPECTUS,13,2,,,,
43847,5604260303601,2000.0,PorSi,Sal para Máquina de Lavar Loiça 2kg,,0.79,0.4,0,kg,€/Kg,,,https://driveimg1.intermarche.com/pt/Content/images/boitmal/produit/zoom/D82E0D3BEDB9300391E79B76131FD377.jpg,https://driveimg1.intermarche.com/pt/Content/images/boitmal/produit/zoom/B794A5967EB64687E479EB017EFD747A.jpg,,2026-01-14T23:59:59Z,PROSPECTUS,13,2,,,,
44234,8710522854815,257.0,Calvé,"Mostarda Top Down, emb. 257 gr",,1.68,6.54,0,kg,€/Kg,,,https://driveimg1.intermarche.com/pt/Content/images/boitmal/produit/zoom/63AC7BC5BB2C7D5CE58B458BE855CC4A.jpg,,,2026-01-14T23:59:59Z,PROSPECTUS,13,2,,,,
46342,8720181031632,150.0,Axe,"Desodorizante Spray Apollo, emb. 150 ml",,2.49,16.6,150,L,€/L,,,https://driveimg1.intermarche.com/pt/Content/images/boitmal/produit/zoom/918EEAAD84BF0853F5CD5D8C1170D1CF.jpg,,,2026-01-14T23:59:59Z,PROSPECTUS,13,2,,,,
46775,8720181027741,150.0,Axe,"Desodorizante Spray Fresh Ice Chill, emb. 150 ml",,2.49,16.6,150,L,€/L,,,https://driveimg1.intermarche.com/pt/Content/images/boitmal/produit/zoom/ABCC51AACBF78DC11788DFC00835AF5B.jpg,,,2026-01-14T23:59:59Z,PROSPECTUS,13,2,,,,
48860,5604260319794,150.0,Porsi Vivabem,Queijo Mozzarella Light Ralado 150g,,1.39,9.27,0,kg,€/Kg,,,https://driveimg1.intermarche.com/pt/Content/images/boitmal/produit/zoom/35271112CCD07C945317D670793A0A37.jpg,,,2026-01-14T23:59:59Z,PROSPECTUS,13,2,,,,
48893,5604260318735,,PorSi,Papel Higiénico Branco Ultra Compacto 2 Folhas 4 Rolos,,2.09,2.09,0,,€/Unidade,,,https://driveimg1.intermarche.com/pt/Content/images/boitmal/produit/zoom/64D5B92D15C4E36C20D810B890EA4FF7.jpg,,,2026-01-14T23:59:59Z,PROSPECTUS,13,2,,,,
49545,2706799000000,1100.0,PorSi,Frango aberto para churrasco,Embalagem com 1.1 kg (aprox.),3.83,3.48,0,,€/Kg,,,https://driveimg1.intermarche.com/pt/Content/images/boitmal/produit/zoom/A425BFFF084B4530B695FF575C8E0B34.jpg,,,2026-01-14T23:59:59Z,PROSPECTUS,13,2,,,,
51314,5601066200745,800.0,Nacional,"Farinha de aveia integral, 800g",,1.39,1.74,0,kg,€/Kg,,,https://driveimg1.intermarche.com/pt/Content/images/boitmal/produit/zoom/235C10960E97294CC4CDC7A584513052.jpg,,,2026-01-14T23:59:59Z,PROSPECTUS,13,2,,,,
52164,5604260328505,1050.0,PorSi,Polpa Tomate Tetra 1050g,,1.79,1.7,0,kg,€/Kg,,,https://driveimg1.intermarche.com/pt/Content/images/boitmal/produit/zoom/E71B762CE93A279531B204BB75F6A3FA.jpg,,,2026-01-14T23:59:59Z,PROSPECTUS,13,2,,,,
52298,3023290072011,160.0,Lindahls,"Iogurte sólido proteico limão cookies, embalagem de 160 g",,0.99,6.19,0,kg,€/Kg,,,https://driveimg1.intermarche.com/pt/Content/images/boitmal/produit/zoom/8056AA56818872116BB891895188AEE8.jpg,,,2026-01-14T23:59:59Z,PROSPECTUS,13,2,,,,
52770,5604260331420,410.0,PorSi,Pizza Fiambre e Queijo 410g,,2.69,6.56,0,kg,€/Kg,,,https://driveimg1.intermarche.com/pt/Content/images/boitmal/produit/zoom/01AB4A01B15086CC8316840577A8E3B8.jpg,,,2026-01-14T23:59:59Z,PROSPECTUS,13,2,,,,
52771,5604260331437,410.0,PorSi,Pizza Romana 410g,,2.69,6.56,0,kg,€/Kg,,,https://driveimg1.intermarche.com/pt/Content/images/boitmal/produit/zoom/9808699460B7141C8E1ED81F480E1AD7.jpg,,,2026-01-14T23:59:59Z,PROSPECTUS,13,2,,,,
53887,5604260328642,250.0,PorSi,Salsichas Frankfurt Lata 10 Unidades,,1.19,4.76,0,kg,€/Kg,,,https://driveimg1.intermarche.com/pt/Content/images/boitmal/produit/zoom/958C25AF6C5BB6C112B5B51BF3629B73.jpg,,,2026-01-14T23:59:59Z,PROSPECTUS,13,2,,,,
55369,3760381261915,250.0,Mousline,"Puré de Batata sem Glúten, emb. 250 gr",,2.24,8.96,0,kg,€/Kg,,,https://driveimg1.intermarche.com/pt/Content/images/boitmal/produit/zoom/0503F13411CBCA8B3804F28FAFE429EE.jpg,,,2026-01-14T23:59:59Z,PROSPECTUS,13,2,,,,
57092,5604260339334,500.0,Páturages,Iogurte Proteico Stracciatella 4x125g,,1.79,3.58,0,kg,€/Kg,,,https://driveimg1.intermarche.com/pt/Content/images/boitmal/produit/zoom/9924636683262758A5A390A7F52964AD.jpg,,,2026-01-14T23:59:59Z,PROSPECTUS,13,2,,,,
9293,5603722493942,250.0,Primor,Manteiga pasteurizada com sal cuvet,Embalagem de 250g,2.19,8.76,0,kg,€/Kg,,,https://driveimg1.intermarche.com/pt/Content/images/boitmal/produit/zoom/F3F4D9FDF2A69DC31DE35D801759C2EE.jpg,,,2026-01-14T23:59:59Z,PROSPECTUS,13,2,,,,
9698,5604260271047,200.0,PorSi,Mortadela de Peru Fatiada 200g,,1.59,7.95,0,kg,€/Kg,,,https://driveimg1.intermarche.com/pt/Content/images/boitmal/produit/zoom/6B65E7ADAF407C74A149105B69D0AF16.jpg,,,2026-01-14T23:59:59Z,PROSPECTUS,13,2,,,,
11982,5603802400020,750.0,Fiuza,"Vinho branco tejo sauvignon, garrafa de 750 ml",,4.99,6.65,750,L,€/L,,,https://driveimg1.intermarche.com/pt/Content/images/boitmal/produit/zoom/996291488226B375A67E39537E454FD9.jpg,,,2026-01-14T23:59:59Z,PROSPECTUS,13,2,,,,
12471,8435257040868,640.0,Nestlé,"Iogurte líquido yoggi morango/banana, embalagem de 4 x 160g",,1.99,3.11,0,kg,€/Kg,,,https://driveimg1.intermarche.com/pt/Content/images/boitmal/produit/zoom/E92C48D7A1A5BA67322D0E6250F5BAFF.jpg,,,2026-01-14T23:59:59Z,PROSPECTUS,13,2,,,,
12956,2892018000000,300.0,Fruta,Toranja,1 un = 300 gr  (aprox.),0.51,1.69,0,,€/Kg,,,https://driveimg1.intermarche.com/pt/Content/images/boitmal/produit/zoom/5661C6DE99350EFE2394616DF60B82DB.jpg,,,2026-01-14T23:59:59Z,PROSPECTUS,13,2,,,,
13599,2893594000000,500.0,Peixaria,Red Fish Grande Congelado,1 un = 500 gr (aprox.),2.5,4.99,0,,€/Kg,,Avantages !,https://driveimg1.intermarche.com/pt/Content/images/boitmal/produit/zoom/A3E98972B338DCF46BAA412A17BB9B0C.jpg,,,2026-01-14T23:59:59Z,PROSPECTUS,13,2,,,,
14137,5604260302758,250.0,PorSi,Ervilhas Cozidas 425g,,0.85,3.4,0,kg,€/Kg,,,https://driveimg1.intermarche.com/pt/Content/images/boitmal/produit/zoom/8E94F2AAC733EB5D413933DD676C8E09.jpg,,,2026-01-14T23:59:59Z,PROSPECTUS,13,2,,,,
14684,0000080177173,350.0,Nutella,"Creme para barrar de avelãs e cacau, embalagem de 350g",,2.99,8.54,0,kg,€/Kg,,,https://driveimg1.intermarche.com/pt/Content/images/boitmal/produit/zoom/3F068C295F3B09B89A4B75830D497BA1.jpg,,,2026-01-14T23:59:59Z,PROSPECTUS,13,2,,,,
16003,5000116109630,300.0,Capitão Iglo,"12 douradinhos forníssimo, embalagem de 300g",,3.98,13.27,0,kg,€/Kg,,Tipo de stockagem,https://driveimg1.intermarche.com/pt/Content/images/boitmal/produit/zoom/544992A31EAE2C5ED6C344C7B21BC2DA.jpg,,,2026-01-14T23:59:59Z,PROSPECTUS,13,2,,,,
16427,5604260277407,2000.0,PorSi,Lixívia Delicada 2l,,1.19,0.6,2000,L,€/L,,,https://driveimg1.intermarche.com/pt/Content/images/boitmal/produit/zoom/04D235A82CA5C93C045F731FF2ACAE42.jpg,,,2026-01-14T23:59:59Z,PROSPECTUS,13,2,,,,
16919,8718951037878,500.0,Ajax,"Limpa vidros cristal recarga, 500 ml",,1.79,3.58,500,L,€/L,,,https://driveimg1.intermarche.com/pt/Content/images/boitmal/produit/zoom/347189FDE440F5C76849CD3F7F37CA5B.jpg,,,2026-01-14T23:59:59Z,PROSPECTUS,13,2,,,,
17114,5000116110148,320.0,Capitão Iglo,"4 hamburguers vaca sem glúten, embalagem de 320g",,5.99,18.72,0,kg,€/Kg,,Tipo de stockagem,https://driveimg1.intermarche.com/pt/Content/images/boitmal/produit/zoom/F31F98EC751272F860D1F790EE53DF35.jpg,,,2026-01-14T23:59:59Z,PROSPECTUS,13,2,,,,
18540,5029053038650,,Scottex,"Papel higiénico acolchoado, folha tripla, 9 rolos",,3.99,3.99,0,,€/Unidade,,,https://driveimg1.intermarche.com/pt/Content/images/boitmal/produit/zoom/36C77C7223E30297676F1D2DA26E5323.jpg,,,2026-01-14T23:59:59Z,PROSPECTUS,13,2,,,,
22840,7613035268388,125.0,Nestlé,"Tablete de Chocolate de Leite Extrafino sem Glúten, emb. 125 gr",,2.19,17.52,0,kg,€/Kg,,,https://driveimg1.intermarche.com/pt/Content/images/boitmal/produit/zoom/AA1F9149962828BE7A13B8577DE5A654.jpg,,,2026-01-14T23:59:59Z,PROSPECTUS,13,2,,,,
24415,8410436299961,1300.0,Sonasol,"Lava tudo lavanda, 1,3l",,2.24,1.72,1300,L,€/L,,,https://driveimg1.intermarche.com/pt/Content/images/boitmal/produit/zoom/7357FEB6EC6D53B795AF0EA5889F5ADF.jpg,,,2026-01-14T23:59:59Z,PROSPECTUS,13,2,,,,
25875,5604321032235,200.0,Cemporcento,"Bolachas marinheiras espelta, embalagem de 200 g",,2.14,10.7,0,kg,€/Kg,,,https://driveimg1.intermarche.com/pt/Content/images/boitmal/produit/zoom/A397440FBF5E8D37BD000D8EBA775DDE.jpg,,,2026-01-14T23:59:59Z,PROSPECTUS,13,2,,,,
26414,5000116110919,1042.0,Capitão Iglo,"50 nuggets de frango, embalagem de 1042g",,12.99,12.47,0,kg,€/Kg,,Tipo de stockagem,https://driveimg1.intermarche.com/pt/Content/images/boitmal/produit/zoom/D97E3080A57234D7462734347713E694.jpg,,,2026-01-14T23:59:59Z,PROSPECTUS,13,2,,,,
2749,8410063046532,350.0,Pescanova,"Miolo de Camarão 80/100, emb. 350 gr",,6.99,19.97,0,kg,€/Kg,,Tipo de stockagem,https://driveimg1.intermarche.com/pt/Content/images/boitmal/produit/zoom/0EA75135180DC26543A97F342303334A.jpg,,,2026-01-14T23:59:59Z,PROSPECTUS,13,2,,,,
2785,5601363013222,150.0,Ruffles,"Batata frita presunto, embalagem de 150 g",,1.44,9.6,0,kg,€/Kg,,,https://driveimg1.intermarche.com/pt/Content/images/boitmal/produit/zoom/7C1F8A2720963F6F12F5A2EE9BFB27BF.jpg,,,2026-01-14T23:59:59Z,PROSPECTUS,13,2,,,,
29313,8710552260594,500.0,Calgon,"Anticalcário paramáquina roupa em pó, embalagem de 500g",,6.99,13.98,0,kg,€/Kg,,,https://driveimg1.intermarche.com/pt/Content/images/boitmal/produit/zoom/3E718FA9AB627D41193B01D91DE49D1F.jpg,,,2026-01-14T23:59:59Z,PROSPECTUS,13,2,,,,
29738,8410436324533,1300.0,Sonasol,"Lava Tudo Flores Montanha, 1.3 l",,2.24,1.72,1300,L,€/L,,,https://driveimg1.intermarche.com/pt/Content/images/boitmal/produit/zoom/13FBFB2C777E7C44B0340328520A2D41.jpg,,,2026-01-14T23:59:59Z,PROSPECTUS,13,2,,,,
30477,3083681070187,225.0,Bonduelle,"Milho Doce sem Glúten, emb. 3 x 75 gr",,1.78,7.91,0,kg,€/Kg,,,https://driveimg1.intermarche.com/pt/Content/images/boitmal/produit/zoom/21305BEE4D64377736F1C50D030AC0E3.jpg,,,2026-01-14T23:59:59Z,PROSPECTUS,13,2,,,,
30638,5607233511584,435.0,Panrico,Pão de Forma Cerealia 14 Cereais e Sementes 0% Açúcares,Embalagem de 440g,1.89,4.34,0,kg,€/Kg,,,https://driveimg1.intermarche.com/pt/Content/images/boitmal/produit/zoom/80E82D3789FD680BAAA3FD45989D08CD.jpg,,,2026-01-14T23:59:59Z,PROSPECTUS,13,2,,,,
31433,5604321027040,200.0,Cemporcento,"Bolachas marinheiras naturais, embalagem de 200g",,2.14,10.7,0,kg,€/Kg,,,https://driveimg1.intermarche.com/pt/Content/images/boitmal/produit/zoom/FF489A385613596F2A9FFE4BEBF4FC13.jpg,,,2026-01-14T23:59:59Z,PROSPECTUS,13,2,,,,
32306,8718951202979,500.0,Palmolive,"Gel de banho naturals amêndoa e leite, 500 ml",,2.69,5.38,500,L,€/L,,,https://driveimg1.intermarche.com/pt/Content/images/boitmal/produit/zoom/F33F92F4F53A6A0ED534C67B846C0ABA.jpg,,,2026-01-14T23:59:59Z,PROSPECTUS,13,2,,,,
32552,5608527002771,750.0,Casa Ermelinda Freitas,"Vinho Vinha da Fonte Setúbal Branco, garrafa 75 cl",Garrafa de 0.75 l,2.99,3.99,750,L,€/L,,,https://driveimg1.intermarche.com/pt/Content/images/boitmal/produit/zoom/3B4E94DF0789B17689D4268EA2DA7F36.jpg,,,2026-01-14T23:59:59Z,PROSPECTUS,13,2,,,,
33090,5411188112709,1000.0,Alpro,"Bebida amêndoa torrada sem açúcar, embalagem de 1litro",,1.99,1.99,1000,L,€/L,,,https://driveimg1.intermarche.com/pt/Content/images/boitmal/produit/zoom/66C6488BDB769AFC2D2A2697199C34D6.jpg,,,2026-01-14T23:59:59Z,PROSPECTUS,13,2,,,,
33127,8001010033721,135.0,Ponti,"Molho Pesto frasco, emb. 135 gr",,2.25,16.67,0,kg,€/Kg,,,https://driveimg1.intermarche.com/pt/Content/images/boitmal/produit/zoom/1A053A6A674F62936E57477C3620A6B1.jpg,,,2026-01-14T23:59:59Z,PROSPECTUS,13,2,,,,
33631,5601217130631,,Finish,"Ambientador para a máquina da loiça de lima e limão, 1 un.",,3.99,3.99,1,,€/Unidade,,,https://driveimg1.intermarche.com/pt/Content/images/boitmal/produit/zoom/59B0AD9BB7EBD8E68264D646B0B54FF9.jpg,,,2026-01-14T23:59:59Z,PROSPECTUS,13,2,,,,
34329,5999884034469,250.0,Hell,Bebida energética hell,Garrafa de 250 ml,0.69,2.76,250,L,€/L,,,https://driveimg1.intermarche.com/pt/Content/images/boitmal/produit/zoom/1075218D3A34A21E3FA52C7E6942C8C8.jpg,,,2026-01-14T23:59:59Z,PROSPECTUS,13,2,,,,
34875,5604260285457,1500.0,PorSi,Maçã golden categoria II Programa Origens,Embalagem de 1.5 kg,1.79,1.19,0,kg,€/Kg,,,https://driveimg1.intermarche.com/pt/Content/images/boitmal/produit/zoom/56695A5FACFB945E46B511CB21214202.jpg,,,2026-01-14T23:59:59Z,PROSPECTUS,13,2,,,,
35559,5601151973738,3500.0,Pepsi,"Refrigerante com gás max zero, pack de 2 x 1.75 l",,2.39,0.68,3500,L,€/L,,,https://driveimg1.intermarche.com/pt/Content/images/boitmal/produit/zoom/698445C2558FCB105ECA616759C001D7.jpg,,,2026-01-14T23:59:59Z,PROSPECTUS,13,2,,,,
36486,5604260295296,1500.0,PorSi,"Refrigerante Ananás c/Gás 1,5l",Garrafa de 1.5 l,0.99,0.66,1500,L,€/L,,,https://driveimg1.intermarche.com/pt/Content/images/boitmal/produit/zoom/EA2AD0E8576CD87A7581FE9645CA11FC.jpg,,,2026-01-14T23:59:59Z,PROSPECTUS,13,2,,,,
36901,5604260283361,200.0,Porsi Vivabem,Sementes de Sésamo 200g,,1.49,7.45,0,kg,€/Kg,,,https://driveimg1.intermarche.com/pt/Content/images/boitmal/produit/zoom/58D931D3C60BA7445B26509B144E7FD2.jpg,,,2026-01-14T23:59:59Z,PROSPECTUS,13,2,,,,
37574,8717163836835,2000.0,Lipton,"Ice tea de pêssego sem açúcar, garrafa de 2l",,1.99,1.0,2000,L,€/L,,,https://driveimg1.intermarche.com/pt/Content/images/boitmal/produit/zoom/B0D164F35BECC5A6CA9E515D71ED323C.jpg,,,2026-01-14T23:59:59Z,PROSPECTUS,13,2,,,,
40665,5604260301546,750.0,PorSi,Couve - Flor 750g,,1.39,1.85,0,kg,€/Kg,,Tipo de stockagem,https://driveimg1.intermarche.com/pt/Content/images/boitmal/produit/zoom/75687A2785AA6B821516A286BD401319.jpg,,,2026-01-14T23:59:59Z,PROSPECTUS,13,2,,,,
40749,5604260304158,1000.0,PorSi,Detergente Loiça Clássico 1l,Garrafa de 1 litro,0.89,0.89,1000,L,€/L,,,https://driveimg1.intermarche.com/pt/Content/images/boitmal/produit/zoom/AF2F1189F25F58E20EE8C7BA2141119A.jpg,,,2026-01-14T23:59:59Z,PROSPECTUS,13,2,,,,
41298,5601050036541,440.0,Danone,"Iogurte oikos natural,  4 x 110g",,2.59,5.89,0,kg,€/Kg,,,https://driveimg1.intermarche.com/pt/Content/images/boitmal/produit/zoom/100CC1C1966D7A85865BF44E424F358B.jpg,,,2026-01-14T23:59:59Z,PROSPECTUS,13,2,,,,
42025,5604260309139,165.0,PorSi,Ambientador Vela Frutos Vermelhos 165gr,,2.29,13.88,0,kg,€/Kg,,,https://driveimg1.intermarche.com/pt/Content/images/boitmal/produit/zoom/ED82478F69E96AFE2954E4F3494716DD.jpg,,,2026-01-14T23:59:59Z,PROSPECTUS,13,2,,,,
42033,5604260302949,400.0,PorSi,Alimento Humido Gato Molho Saquetas 4x100g,Embalagem de 4 x 100 g,1.79,4.48,0,kg,€/Kg,,,https://driveimg1.intermarche.com/pt/Content/images/boitmal/produit/zoom/E1477336C06998BA798DC88B8101DB0F.jpg,,,2026-01-14T23:59:59Z,PROSPECTUS,13,2,,,,
43079,5604260308804,1500.0,PorSi Select,Alimento Seco Gato Frango Arroz e Carne Fresca 1.5 kg,,4.99,3.33,0,kg,€/Kg,,,https://driveimg1.intermarche.com/pt/Content/images/boitmal/produit/zoom/021A6233551DFB346C3AB926483048ED.jpg,,,2026-01-14T23:59:59Z,PROSPECTUS,13,2,,,,
43385,5604260309443,15.0,Porsi Vivabem,Chá Chai Chá Aromatizado com Outras Especíes Botânicas e Aroma para Infusão,,0.6,40.0,0,kg,€/Kg,,,https://driveimg1.intermarche.com/pt/Content/images/boitmal/produit/zoom/B6230C90BA43545B473B98F1221D3160.jpg,,,2026-01-14T23:59:59Z,PROSPECTUS,13,2,,,,
4484,4002448003533,,Calgon,"Anti calcário para máquina de roupa, embalagem de 15 pastilhas",,6.99,6.99,15,,€/Unidade,,,https://driveimg1.intermarche.com/pt/Content/images/boitmal/produit/zoom/A44E08731433528E1B37AF8859C05AB4.jpg,,,2026-01-14T23:59:59Z,PROSPECTUS,13,2,,,,
46130,3083681137781,600.0,Bonduelle,"Rebentos de Feijão Mungo sem Glúten, bem. 600 gr (3 x 200 gr)",Embalagem de 600g,3.24,5.4,0,kg,€/Kg,,,https://driveimg1.intermarche.com/pt/Content/images/boitmal/produit/zoom/6541F775DDFE3DE4AFA0AEC8441443D2.jpg,,,2026-01-14T23:59:59Z,PROSPECTUS,13,2,,,,
46152,5601082049946,200.0,Belissimo,"Café Moído Torrado Aroma Intenso Int 10, emb. 200 gr",Embalagem de 200g,3.09,15.45,0,kg,€/Kg,,,https://driveimg1.intermarche.com/pt/Content/images/boitmal/produit/zoom/A0F1A3291594B32A3CCF46D3E5879A73.jpg,,,2026-01-14T23:59:59Z,PROSPECTUS,13,2,,,,
46840,5604260318957,750.0,Porsi Vivabem,Iogurte Magro Aroma Manga 6x125g,,1.09,1.45,0,kg,€/Kg,,,https://driveimg1.intermarche.com/pt/Content/images/boitmal/produit/zoom/94673AB82AD98D45564340DC8660A87A.jpg,,,2026-01-14T23:59:59Z,PROSPECTUS,13,2,,,,
477,3010470159051,2000.0,Friskies,"Ração para gato adulto com coelho, frango e legumes",Embalagem de 2kg,6.74,3.37,0,kg,€/Kg,,,https://driveimg1.intermarche.com/pt/Content/images/boitmal/produit/zoom/7DEEDCA72B128992156D55C0C8DE0876.jpg,,,2026-01-14T23:59:59Z,PROSPECTUS,13,2,,,,
47981,5000116126828,360.0,Capitão Iglo,"12 douradinhos de peixe sem glúten, embalagem de 360g",,4.97,13.81,0,kg,€/Kg,,Tipo de stockagem,https://driveimg1.intermarche.com/pt/Content/images/boitmal/produit/zoom/E088C1996A4222DF68B662FD3DF061BC.jpg,,,2026-01-14T23:59:59Z,PROSPECTUS,13,2,,,,
48767,5603722520433,750.0,Mimosa,"Leite uht morango sem lactose, pack 3 x 250 ml",,2.97,3.96,750,L,€/L,,,https://driveimg1.intermarche.com/pt/Content/images/boitmal/produit/zoom/131DD82E3B8B5964AC434CC4107E77EC.jpg,https://driveimg1.intermarche.com/pt/Content/images/boitmal/produit/zoom/C20EBB17C29A9F7AF802FE40FE4174C4.jpg,https://driveimg1.intermarche.com/pt/Content/images/boitmal/produit/zoom/8E7049719679131E7E9A0796D176D29B.jpg,2026-01-14T23:59:59Z,PROSPECTUS,13,2,https://driveimg1.intermarche.com/pt/Content/images/boitmal/produit/zoom/4D7C8BB6B0E88069DB4AB5DBD121C211.jpg,,,
49458,5603722505829,800.0,Mimosa,"Leite com chocolate bem especial 0% lactose, pack 4 x 200 ml",,1.99,2.49,800,L,€/L,,,https://driveimg1.intermarche.com/pt/Content/images/boitmal/produit/zoom/E21E53C8EBF058C15C2446BB9FC00A4B.jpg,,,2026-01-14T23:59:59Z,PROSPECTUS,13,2,,,,
49622,5604260323197,800.0,PorSi,Sopa de Agriao 800g,,2.49,3.11,0,kg,€/Kg,,,https://driveimg1.intermarche.com/pt/Content/images/boitmal/produit/zoom/FAE1AFF13C403BBB959D453F705C562B.jpg,,,2026-01-14T23:59:59Z,PROSPECTUS,13,2,,,,
5008,5601028000383,,Renova,"Lenços de bolso sensi, brancos, 10 unidades",Uma embalagem de 6x10,0.89,0.89,0,,€/Unidade,,,https://driveimg1.intermarche.com/pt/Content/images/boitmal/produit/zoom/A7E56C5340E5213CBF3A606D0311258B.jpg,,,2026-01-14T23:59:59Z,PROSPECTUS,13,2,,,,
50624,5603722520969,200.0,Mimosa,"Nata culinária sem lactose, 200 ml",,1.04,5.2,200,L,€/L,,,https://driveimg1.intermarche.com/pt/Content/images/boitmal/produit/zoom/17C52EE6D7D8FA0AE40E9527FFF803CC.jpg,,,2026-01-14T23:59:59Z,PROSPECTUS,13,2,,,,
51751,8720181338502,435.0,Cif,"Spray remove bolores, 435 ml",,2.49,5.72,435,L,€/L,,,https://driveimg1.intermarche.com/pt/Content/images/boitmal/produit/zoom/380C503403FDBF9BBCD37132FDE8F56E.jpg,,,2026-01-14T23:59:59Z,PROSPECTUS,13,2,,,,
52295,3023290072073,160.0,Lindahls,"Iogurte sólido proteico framboesa, embalagem de 160 g",,0.99,6.19,0,kg,€/Kg,,,https://driveimg1.intermarche.com/pt/Content/images/boitmal/produit/zoom/C87353FCE0F8B5DFB52D6384E482BABB.jpg,,,2026-01-14T23:59:59Z,PROSPECTUS,13,2,,,,
52768,5604260331444,400.0,PorSi,Pizza Barbecue 410g,,2.99,7.48,0,kg,€/Kg,,,https://driveimg1.intermarche.com/pt/Content/images/boitmal/produit/zoom/39D9E063A8D8D5FB0F9223B4491FB7CB.jpg,,,2026-01-14T23:59:59Z,PROSPECTUS,13,2,,,,
52882,8719200267923,1000.0,Planta,"Creme vegetal de barrar com sabor a manteiga, 1 kg",,5.49,5.49,0,kg,€/Kg,,,https://driveimg1.intermarche.com/pt/Content/images/boitmal/produit/zoom/7FA2022C1B0ECE643B6D5766E124CAA0.jpg,https://driveimg1.intermarche.com/pt/Content/images/boitmal/produit/zoom/CA359583CDC4B85860A9620A14431005.jpg,https://driveimg1.intermarche.com/pt/Content/images/boitmal/produit/zoom/CA359583CDC4B85860A9620A14431005.jpg,2026-01-14T23:59:59Z,PROSPECTUS,13,2,https://driveimg1.intermarche.com/pt/Content/images/boitmal/produit/zoom/CA359583CDC4B85860A9620A14431005.jpg,,,
52941,8720181386510,2700.0,Skip,"Detergente líquido máquina de roupa sabão natural, 60 doses",,7.99,2.96,2700,L,€/L,,,https://driveimg1.intermarche.com/pt/Content/images/boitmal/produit/zoom/E86C320C5CE9CDD2DA45593DF7CE710E.jpg,https://driveimg1.intermarche.com/pt/Content/images/boitmal/produit/zoom/F78D7BA1CEEC1BA7836B80E309E4D243.jpg,https://driveimg1.intermarche.com/pt/Content/images/boitmal/produit/zoom/F78D7BA1CEEC1BA7836B80E309E4D243.jpg,2026-01-14T23:59:59Z,PROSPECTUS,13,2,,,,
53044,8720181368769,4320.0,Omo,"Detergente roupa máquina líquido, 96 doses",,8.99,2.08,4320,L,€/L,,,https://driveimg1.intermarche.com/pt/Content/images/boitmal/produit/zoom/30BA46CDC8291B3E0F7206BAD1197FAE.jpg,,,2026-01-14T23:59:59Z,PROSPECTUS,13,2,,,,
5411,5601286277787,500.0,Milaneza,"Massa tagliatelle com ovo, embalagem de 500g",,2.04,4.08,0,kg,€/Kg,,,https://driveimg1.intermarche.com/pt/Content/images/boitmal/produit/zoom/8E5CC70FF32EA78E08FBEFF7CF75AD7B.jpg,,,2026-01-14T23:59:59Z,PROSPECTUS,13,2,,,,
54642,8435495842767,,A+,"Detergente Máquina Roupa Líquido Ocean Dream, 56D",,8.99,8.99,0,,€/Unidade,,,https://driveimg1.intermarche.com/pt/Content/images/boitmal/produit/zoom/E7AE89CC1AED35A9F40B3BB43FB44390.jpg,https://driveimg1.intermarche.com/pt/Content/images/boitmal/produit/zoom/1D0AC6E88574EFCB8CB4DBDB7E50F801.jpg,,2026-01-14T23:59:59Z,PROSPECTUS,13,2,,,,
54657,5604260332434,120.0,PorSi,Puré de Fruta e Aveia 120g,,0.85,7.08,0,kg,€/Kg,,,https://driveimg1.intermarche.com/pt/Content/images/boitmal/produit/zoom/F5E7BD8F51F9FA63436F834A88CF33C0.jpg,,,2026-01-14T23:59:59Z,PROSPECTUS,13,2,,,,
54658,5604260332410,120.0,PorSi,"Puré de Fruta Maçã, Morango e Mirtilo 120g",,0.85,7.08,0,kg,€/Kg,,,https://driveimg1.intermarche.com/pt/Content/images/boitmal/produit/zoom/7E11F4C93F68CB243BC0E189595F3D8D.jpg,,,2026-01-14T23:59:59Z,PROSPECTUS,13,2,,,,
54671,8711327587199,2000.0,Lipton,"Ice tea limao, 2 l",,1.99,1.0,2000,L,€/L,,,https://driveimg1.intermarche.com/pt/Content/images/boitmal/produit/zoom/50E0AE93B7B2DC79031DA2E6F9D15838.jpg,,,2026-01-14T23:59:59Z,PROSPECTUS,13,2,,,,
54735,5601164864719,330.0,Somersby,"Sidra com Álcool Maçã, emb. 33 cl",,0.99,3.0,330,L,€/L,,,https://driveimg1.intermarche.com/pt/Content/images/boitmal/produit/zoom/E33E9C4DA8A55D334C3B66C34E70F9E2.jpg,,,2026-01-14T23:59:59Z,PROSPECTUS,13,2,,,,
54842,8720181536984,,Skip,"Detergente Máquina Roupa Líquido Ciclos Curtos Cuidado Express, 54D",,9.99,9.99,0,,€/Unidade,,,https://driveimg1.intermarche.com/pt/Content/images/boitmal/produit/zoom/8D3D6F071A231FE643F904F474F5FD89.jpg,,,2026-01-14T23:59:59Z,PROSPECTUS,13,2,,,,
56623,5604260333820,,PorSi,Rolo de Cozinha 3 Folhas Maxi Absorvente 3 Rolos,,2.79,2.79,0,,€/Unidade,,,https://driveimg1.intermarche.com/pt/Content/images/boitmal/produit/zoom/22CCB07DB24E393FECE5E5A7EDC5F212.jpg,,,2026-01-14T23:59:59Z,PROSPECTUS,13,2,,,,
56760,5604260342372,640.0,Páturages,Leite Fermentado Líquido Damasco sem Lactose 4x160g,,1.59,2.48,0,kg,€/Kg,,,https://driveimg1.intermarche.com/pt/Content/images/boitmal/produit/zoom/4BADFC9F7A68E41021BDE513F9F63516.jpg,,,2026-01-14T23:59:59Z,PROSPECTUS,13,2,,,,
8535,5601119957190,120.0,Campofrio,"Peito peru forno lenha fatias finas, embalagem de 120g",,2.39,19.92,0,kg,€/Kg,,,https://driveimg1.intermarche.com/pt/Content/images/boitmal/produit/zoom/D0F1C138ED4F65C03D7E0FBA10DC6373.jpg,,,2026-01-14T23:59:59Z,PROSPECTUS,13,2,,,,
10116,8410104702601,,Finish,Limpa máquina loiça regular,,3.99,3.99,1,,€/Unidade,,,https://driveimg1.intermarche.com/pt/Content/images/boitmal/produit/zoom/928CE798A3F3B183700718A418930AB8.jpg,,,2026-01-14T23:59:59Z,PROSPECTUS,13,2,,,,
10351,8411134103338,,Control,6 Preservativos Adapta Nature,,3.84,3.84,0,,€/Unidade,,,https://driveimg1.intermarche.com/pt/Content/images/boitmal/produit/zoom/48CE3E2F5F38469DD564602B7B9F53DF.jpg,https://driveimg1.intermarche.com/pt/Content/images/boitmal/produit/zoom/E904E0E3DEA92FC0A6E00A850118F1A2.jpg,,2026-01-14T23:59:59Z,PROSPECTUS,13,2,,,,
10823,2895063000000,250.0,Castelões,Queijo Curado kg,1 un = 250 gr  (aprox.),2.62,10.49,0,,€/Kg,,,https://driveimg1.intermarche.com/pt/Content/images/boitmal/produit/zoom/75B6363D9B6BD363EA11623977BF1CB2.jpg,,,2026-01-14T23:59:59Z,PROSPECTUS,13,2,,,,
10849,2895261000000,250.0,Dom Pedro,Queijo meio gordo,Vendido ao peso a partir de 250 gr,2.5,9.99,0,,€/Kg,,,https://driveimg1.intermarche.com/pt/Content/images/boitmal/produit/zoom/2E32C351CB5E4755DE882B4BFEA56EE3.jpg,,,2026-01-14T23:59:59Z,PROSPECTUS,13,2,,,,
10859,3023290400395,230.0,Nestlé,"Iogurte mix in kit kat, embalagem de 2 x 115g",,2.19,9.52,0,kg,€/Kg,,,https://driveimg1.intermarche.com/pt/Content/images/boitmal/produit/zoom/46A338E8D7EAC63B8EF63808F7DF5998.jpg,,,2026-01-14T23:59:59Z,PROSPECTUS,13,2,,,,
11471,5601029004076,120.0,Bom Petisco,Atum posta ao natural,Embalagem de 120 g,1.29,10.75,0,kg,€/Kg,,,https://driveimg1.intermarche.com/pt/Content/images/boitmal/produit/zoom/D148E1488041C84EB0524ADACAE78B3A.jpg,,,2026-01-14T23:59:59Z,PROSPECTUS,13,2,,,,
11503,5601050019100,600.0,Danone,"Danacol frutos exóticos, embalagem de 6 x 100 g",,3.09,5.15,0,kg,€/Kg,,,https://driveimg1.intermarche.com/pt/Content/images/boitmal/produit/zoom/2A16EAD58E7A10ECD338C77C33D25273.jpg,,,2026-01-14T23:59:59Z,PROSPECTUS,13,2,,,,
11560,5601146111008,1980.0,Sagres,"Cerveja com álcool radler, pack 6 x 0.33 l",,4.99,2.52,1980,L,€/L,,,https://driveimg1.intermarche.com/pt/Content/images/boitmal/produit/zoom/708BF323B1972784F47829AFBAD50F34.jpg,,,2026-01-14T23:59:59Z,PROSPECTUS,13,2,,,,
11672,5601217126399,1650.0,Woolite,Detergente líquido p/ máquina lavar roupa cores escuras,"Garrafa de 1,65 l",6.99,4.24,1650,L,€/L,,,https://driveimg1.intermarche.com/pt/Content/images/boitmal/produit/zoom/FC5980949C1223101DAEB813C8710D22.jpg,,,2026-01-14T23:59:59Z,PROSPECTUS,13,2,,,,
11727,5601349013673,1000.0,3 marias,"Vinho verde branco, garrafa de 1l",,3.29,3.29,1000,L,€/L,,,https://driveimg1.intermarche.com/pt/Content/images/boitmal/produit/zoom/A81BCAF54881777811300CE8D032B128.jpg,,,2026-01-14T23:59:59Z,PROSPECTUS,13,2,,,,
1195,5601119230224,650.0,Nobre,"Salsichas Extra Suculentas Frasco 7 un, emb. 650 gr",,2.23,3.43,0,kg,€/Kg,,,https://driveimg1.intermarche.com/pt/Content/images/boitmal/produit/zoom/F74C2FC7C8B9C0B3ED0E43FFE3B59991.jpg,,,2026-01-14T23:59:59Z,PROSPECTUS,13,2,,,,
11985,5603802400198,750.0,Fiuza,"Vinho regional tejo 3 castas branco, garrafa de 750 ml",,2.99,3.99,750,L,€/L,,,https://driveimg1.intermarche.com/pt/Content/images/boitmal/produit/zoom/07E915320733FD2784D45AC94F75CC02.jpg,,,2026-01-14T23:59:59Z,PROSPECTUS,13,2,,,,
12066,5604260194063,1000.0,Porsi Vivabem,Bebida de Soja 1l,,0.79,0.79,1000,L,€/L,,,https://driveimg1.intermarche.com/pt/Content/images/boitmal/produit/zoom/16537218BB43EA3E7F5AFCEAEC229452.jpg,,,2026-01-14T23:59:59Z,PROSPECTUS,13,2,,,,
1224,5601146000104,1000.0,Sagres,"Cerveja com álcool, garrafa de 1l",,1.79,1.79,1000,L,€/L,,,https://driveimg1.intermarche.com/pt/Content/images/boitmal/produit/zoom/B73052CDDDC1D5B2607AF6499F6FC79B.jpg,,,2026-01-14T23:59:59Z,PROSPECTUS,13,3,,,,
12426,8411134112804,,Control,12 Preservativos Adapta Finíssimo,,7.69,7.69,0,,€/Unidade,,,https://driveimg1.intermarche.com/pt/Content/images/boitmal/produit/zoom/B91BAE1077CB2520CD7FFEBB885B9986.jpg,https://driveimg1.intermarche.com/pt/Content/images/boitmal/produit/zoom/0249329A134B1716C9019348A212960F.jpg,,2026-01-14T23:59:59Z,PROSPECTUS,13,3,,,,
12468,8435250439584,256.0,Nestlé,"Iogurte mix in smarties morango, embalagem de 2 x 128 g",,2.19,8.55,0,kg,€/Kg,,,https://driveimg1.intermarche.com/pt/Content/images/boitmal/produit/zoom/546EB338CC6149CC0CDDECE6E5ABF48D.jpg,,,2026-01-14T23:59:59Z,PROSPECTUS,13,3,,,,
13201,2893186000000,800.0,Peixaria,Pargo Mulato, 1un = 800 gr (aprox.),5.59,6.99,0,,€/Kg,,,https://driveimg1.intermarche.com/pt/Content/images/boitmal/produit/zoom/11C32BE0B2CE482787FEFB1794945225.jpg,,,2026-01-14T23:59:59Z,PROSPECTUS,13,3,,,,
13577,2893572000000,200.0,Peixaria,Pota Inteira Congelada,1 un= 200 gr (aprox.),1.0,4.99,0,,€/Kg,,Avantages !,https://driveimg1.intermarche.com/pt/Content/images/boitmal/produit/zoom/B2D6321EA80C5271A6C9DE3162C36D95.jpg,,,2026-01-14T23:59:59Z,PROSPECTUS,13,3,,,,
1433,5601260036102,1000.0,Cigala,"Arroz carolino, embalagem de 1 kg",,1.14,1.14,0,kg,€/Kg,,,https://driveimg1.intermarche.com/pt/Content/images/boitmal/produit/zoom/D96A08349D04F12B168FA774344BCEF6.jpg,,,2026-01-14T23:59:59Z,PROSPECTUS,13,3,,,,
14337,3387390320008,141.0,Nestlé,"Barras de Cereais Chocolate Fitness, emb. 141 gr (6 un)",,1.99,14.11,0,kg,€/Kg,,,https://driveimg1.intermarche.com/pt/Content/images/boitmal/produit/zoom/60AE623A4FF700F6FDA38FA5729DE5A4.jpg,,,2026-01-14T23:59:59Z,PROSPECTUS,13,3,,,,
14372,8712100599392,550.0,Calvé,"Ketchup Top Down sem Glúten, emb. 550 gr",,2.59,4.71,0,kg,€/Kg,,,https://driveimg1.intermarche.com/pt/Content/images/boitmal/produit/zoom/6D3218F33B22BC3205033BC41E176600.jpg,https://driveimg1.intermarche.com/pt/Content/images/boitmal/produit/zoom/FE7F103C359D2D1FD7BF3FDC8DD381BA.jpg,https://driveimg1.intermarche.com/pt/Content/images/boitmal/produit/zoom/FE7F103C359D2D1FD7BF3FDC8DD381BA.jpg,2026-01-14T23:59:59Z,PROSPECTUS,13,3,https://driveimg1.intermarche.com/pt/Content/images/boitmal/produit/zoom/FE7F103C359D2D1FD7BF3FDC8DD381BA.jpg,,,
14437,5411188110835,1000.0,Alpro,"Bebida de soja de amêndoa, embalagem de 1 litro",,1.99,1.99,1000,L,€/L,,,https://driveimg1.intermarche.com/pt/Content/images/boitmal/produit/zoom/7737749B389B841C77AB65B76665C756.jpg,,,2026-01-14T23:59:59Z,PROSPECTUS,13,3,,,,
14509,5411188115533,1000.0,Alpro,Bebida de soja baunilha,Embalagem de 1L,1.99,1.99,1000,L,€/L,,,https://driveimg1.intermarche.com/pt/Content/images/boitmal/produit/zoom/218A8B639B241166E3D114746FC92529.jpg,,,2026-01-14T23:59:59Z,PROSPECTUS,13,3,,,,
1453,5601286207579,500.0,Milaneza,"Massa para lasanha com ovo, embalagem de 500g",,1.93,3.86,0,kg,€/Kg,,,https://driveimg1.intermarche.com/pt/Content/images/boitmal/produit/zoom/CF24B89A0856350191ED577D5DB60D92.jpg,,,2026-01-14T23:59:59Z,PROSPECTUS,13,3,,,,
14545,5606293100295,100.0,Vitacress,"Salada aromática, embalagem de 100 g",,1.49,14.9,0,kg,€/Kg,,,https://driveimg1.intermarche.com/pt/Content/images/boitmal/produit/zoom/8B774925D3C426E499C84729B9F86DF2.jpg,,,2026-01-14T23:59:59Z,PROSPECTUS,13,3,,,,
14549,5606293150016,125.0,Vitacress,"Agrião de água, embalagem de 150g",,1.49,11.92,0,kg,€/Kg,,,https://driveimg1.intermarche.com/pt/Content/images/boitmal/produit/zoom/7A505DE44C3569CECA2951FE85691493.jpg,,,2026-01-14T23:59:59Z,PROSPECTUS,13,3,,,,
14721,8008698007389,300.0,Schar,Pão forma cereais sem glúten,Embalagem de 300g,3.34,11.13,0,kg,€/Kg,,,https://driveimg1.intermarche.com/pt/Content/images/boitmal/produit/zoom/B9EE15EBC60873D27B17889958A461C5.jpg,,,2026-01-14T23:59:59Z,PROSPECTUS,13,3,,,,
14854,2891117000000,2350.0,PorSi,Pato inteiro com miúdos,1 un = 2.250 kg (aprox.),10.53,4.48,0,,€/Kg,,,https://driveimg1.intermarche.com/pt/Content/images/boitmal/produit/zoom/E5F2031D60089F4C13D404725928D593.jpg,,,2026-01-14T23:59:59Z,PROSPECTUS,13,3,,,,
1490,5601363001144,130.0,Fritos,"Aperitivos fritos, embalagem 130g",,1.29,9.92,0,kg,€/Kg,,,https://driveimg1.intermarche.com/pt/Content/images/boitmal/produit/zoom/94DEDADD6AD8408E70DBD7678A1BF0DA.jpg,,,2026-01-14T23:59:59Z,PROSPECTUS,13,3,,,,
15013,2892586000000,1000.0,Programa Origens,Couve Roxa,1 un = 1 kg (aprox.),0.99,0.99,0,,€/Kg,,,https://driveimg1.intermarche.com/pt/Content/images/boitmal/produit/zoom/0752C121E89F4808C55CABA6C3E6EA04.jpg,,,2026-01-14T23:59:59Z,PROSPECTUS,13,3,,,,
15566,8410063056180,250.0,Pescanova,"Miolo de Camarão Gigante 15/30 Ultracongelado, emb. 250 gr",,6.99,27.96,0,kg,€/Kg,,Tipo de stockagem,https://driveimg1.intermarche.com/pt/Content/images/boitmal/produit/zoom/BEE1FF3586E000AD085B4D38C7ACD034.jpg,,,2026-01-14T23:59:59Z,PROSPECTUS,13,3,,,,
15980,5601119244368,210.0,Nobre,"Salsichas de Peru Cuida-t+ Frasco 4 un sem Glúten, frasco 210 gr",,2.55,12.14,0,kg,€/Kg,,,https://driveimg1.intermarche.com/pt/Content/images/boitmal/produit/zoom/CFAE20131139C70D365FB7E596D49C5A.jpg,,,2026-01-14T23:59:59Z,PROSPECTUS,13,3,,,,
15981,5601119244375,210.0,Nobre,"Salsichas de Frango Cuida-t+ Frasco 4 un, emb. 210 gr",,2.55,12.14,0,kg,€/Kg,,,https://driveimg1.intermarche.com/pt/Content/images/boitmal/produit/zoom/FF112EFB90E4953B2240BF7E131FD2C0.jpg,,,2026-01-14T23:59:59Z,PROSPECTUS,13,3,,,,
16492,8718951037847,500.0,Ajax,"Limpa vidros pistola, tripla acção, embalagem de 500 ml",,1.97,3.94,500,L,€/L,,,https://driveimg1.intermarche.com/pt/Content/images/boitmal/produit/zoom/835152AD536CA633AE488A10E244161F.jpg,,,2026-01-14T23:59:59Z,PROSPECTUS,13,3,,,,
1680,5602711001625,1000.0,Rar,"Açúcar Amarelo Areado, emb. 1 kg",,1.39,1.39,0,kg,€/Kg,,,https://driveimg1.intermarche.com/pt/Content/images/boitmal/produit/zoom/939DA938A8E29956A82E9882A2E704A7.jpg,,,2026-01-14T23:59:59Z,PROSPECTUS,13,3,,,,
17112,5604260319589,,PorSi,Papel Higiénico 2 Folhas Compacto 24 Rolos,,8.29,8.29,0,,€/Unidade,,,https://driveimg1.intermarche.com/pt/Content/images/boitmal/produit/zoom/C3591F9DBEF2F62E15D213A80066E204.jpg,,,2026-01-14T23:59:59Z,PROSPECTUS,13,3,,,,
17873,8718951037885,500.0,Ajax,"Limpa vidros recarga tripla ação, 500 ml",,1.79,3.58,500,L,€/L,,,https://driveimg1.intermarche.com/pt/Content/images/boitmal/produit/zoom/D0A7A0C399BF07DEEA9FD446034A3D4F.jpg,,,2026-01-14T23:59:59Z,PROSPECTUS,13,3,,,,
19203,5000116110407,240.0,Capitão Iglo,"4 hamburguers frango sem glúten, embalagem de 240g",,4.99,20.79,0,kg,€/Kg,,Tipo de stockagem,https://driveimg1.intermarche.com/pt/Content/images/boitmal/produit/zoom/DBCAABB905B293E30250F00FBA9411C4.jpg,,,2026-01-14T23:59:59Z,PROSPECTUS,13,3,,,,
19702,4008429059278,60.0,Catisfactions,"Snack para gato de galinha e pato, embalagem de 60g",,1.69,28.17,0,kg,€/Kg,,,https://driveimg1.intermarche.com/pt/Content/images/boitmal/produit/zoom/5ED7681CBE5EE32EEFB9EC4EB630A10B.jpg,,,2026-01-14T23:59:59Z,PROSPECTUS,13,3,,,,
19786,5604321021819,150.0,Cemporcento,"Sementes de girassol, embalagem de 150g",,0.99,6.6,0,kg,€/Kg,,,https://driveimg1.intermarche.com/pt/Content/images/boitmal/produit/zoom/FE78488CE3E94A27367B7FA211F80932.jpg,,,2026-01-14T23:59:59Z,PROSPECTUS,13,3,,,,
19940,7613035619456,300.0,Nestlé,"Granola Aveia e Mel, emb. 300 gr",Embalagem de 300g,3.29,10.97,0,kg,€/Kg,,,https://driveimg1.intermarche.com/pt/Content/images/boitmal/produit/zoom/EAEAF515FE565B8F35270BCD3427077E.jpg,,,2026-01-14T23:59:59Z,PROSPECTUS,13,3,,,,
21442,5600744051051,198.0,Saborosa,"Bolacha de manteiga belga com chocolate branco, embalagem de 198 g",,1.79,9.04,0,kg,€/Kg,,,https://driveimg1.intermarche.com/pt/Content/images/boitmal/produit/zoom/95634BC2CC50F334D4F0AE7BB19F8AC6.jpg,,,2026-01-14T23:59:59Z,PROSPECTUS,13,3,,,,
22320,5606669092100,700.0,Brasmar,Salada de Marisco,Embalagem de 700 g,7.59,10.84,0,kg,€/Kg,,Tipo de stockagem,https://driveimg1.intermarche.com/pt/Content/images/boitmal/produit/zoom/241E140617E20CE491D638D40A0F244A.jpg,,,2026-01-14T23:59:59Z,PROSPECTUS,13,3,,,,
2285,5604260270156,420.0,PorSi,Chispalhada 420g,,2.29,5.45,0,kg,€/Kg,,,https://driveimg1.intermarche.com/pt/Content/images/boitmal/produit/zoom/F03072B8C900736917AF65FFF1C2DF00.jpg,,,2026-01-14T23:59:59Z,PROSPECTUS,13,3,,,,
23524,5000204922851,750.0,Pato,"Abrasivo Sanitário Gel Extra Power com Lixívia Marinho, emb. 750 ml",,1.69,2.25,750,L,€/L,,,https://driveimg1.intermarche.com/pt/Content/images/boitmal/produit/zoom/60268FF4016AF8FBA52DB6A9A88D181B.jpg,,,2026-01-14T23:59:59Z,PROSPECTUS,13,3,,,,
24411,8410436297752,1300.0,Sonasol,"Lava tudo rosas e jasmim, 1,3l",,2.24,1.72,1300,L,€/L,,,https://driveimg1.intermarche.com/pt/Content/images/boitmal/produit/zoom/A8DAC5F038BB6C2FB23FB3C7F35CC590.jpg,,,2026-01-14T23:59:59Z,PROSPECTUS,13,3,,,,
24412,8410436297660,1300.0,Sonasol,"Lava tudo aloe vera e flores brancas, 1,3l",,2.24,1.72,1300,L,€/L,,,https://driveimg1.intermarche.com/pt/Content/images/boitmal/produit/zoom/1CF7718543DB6BCDD620E4F3293279BF.jpg,,,2026-01-14T23:59:59Z,PROSPECTUS,13,3,,,,
24414,8410436297691,1300.0,Sonasol,"Lava tudo camomila e flor de laranjeira, 1,3l",,2.24,1.72,1300,L,€/L,,,https://driveimg1.intermarche.com/pt/Content/images/boitmal/produit/zoom/C67C521AD0B096D9F596A17B56363CA4.jpg,,,2026-01-14T23:59:59Z,PROSPECTUS,13,3,,,,
24556,8013355998542,250.0,Gran Pavesi,"Crackers com sal superficie, embalagem de 250g",,1.99,7.96,0,kg,€/Kg,,,https://driveimg1.intermarche.com/pt/Content/images/boitmal/produit/zoom/8FA3A4FE6DB68ABBDA05961A9B5025D6.jpg,,,2026-01-14T23:59:59Z,PROSPECTUS,13,3,,,,
24855,8434165444850,175.0,Cuétara,"Bolacha Flakes Bombing, 175g",,2.24,12.8,0,kg,€/Kg,,,https://driveimg1.intermarche.com/pt/Content/images/boitmal/produit/zoom/E545C5A07242897A6E616877912C3813.jpg,,,2026-01-14T23:59:59Z,PROSPECTUS,13,3,,,,
25262,5000116112166,208.0,Capitão Iglo,"10 nuggets de frango, embalagem de 210g",,2.99,14.38,0,kg,€/Kg,,Tipo de stockagem,https://driveimg1.intermarche.com/pt/Content/images/boitmal/produit/zoom/CF1467DF1CD91C352F5C2C303E0557A7.jpg,,,2026-01-14T23:59:59Z,PROSPECTUS,13,3,,,,
25532,8410376046908,300.0,Gullón,"Bolacha vitalday crocante fruta & fibra, embalagem de 300g",,1.69,5.63,0,kg,€/Kg,,,https://driveimg1.intermarche.com/pt/Content/images/boitmal/produit/zoom/473F8651EAFD9E8ED0ACED0FCD074922.jpg,,,2026-01-14T23:59:59Z,PROSPECTUS,13,3,,,,
25553,5601260338022,250.0,Cigala,"Arroz brajma pronto a comer, embalagem de 250g",,1.35,5.4,0,kg,€/Kg,,,https://driveimg1.intermarche.com/pt/Content/images/boitmal/produit/zoom/0776BD0D44E1FD1476CB30680FD8656D.jpg,,,2026-01-14T23:59:59Z,PROSPECTUS,13,3,,,,
26373,5604260272969,500.0,PorSi,Iogurte Aroma Tutti Frutti 4x125g,,0.79,1.58,0,kg,€/Kg,,,https://driveimg1.intermarche.com/pt/Content/images/boitmal/produit/zoom/13E2CC275953BD792DB7D12BAC2C481D.jpg,,,2026-01-14T23:59:59Z,PROSPECTUS,13,3,,,,
27374,5604260282494,420.0,PorSi,Chouriço com Feijão 420g,,2.29,5.45,0,kg,€/Kg,,,https://driveimg1.intermarche.com/pt/Content/images/boitmal/produit/zoom/3AC459F03DDB54EB14C623907CB3D91B.jpg,,,2026-01-14T23:59:59Z,PROSPECTUS,13,3,,,,
2784,8410199021137,160.0,Ruffles,"Batata frita, embalagem de 160 g",,1.44,9.0,0,kg,€/Kg,,,https://driveimg1.intermarche.com/pt/Content/images/boitmal/produit/zoom/99D56823BC057150117915B487192BF1.jpg,,,2026-01-14T23:59:59Z,PROSPECTUS,13,3,,,,
27950,5604260281404,450.0,Porsi Programa Origens,Mistura Saborosa 450 G,,1.39,3.09,0,kg,€/Kg,,,https://driveimg1.intermarche.com/pt/Content/images/boitmal/produit/zoom/9FC1BB19FC125562EBD7537C69EF7799.jpg,,,2026-01-14T23:59:59Z,PROSPECTUS,13,3,,,,
28634,8013355500745,560.0,Gran Pavesi,Crackers s/ sal superficie,Embalagem de 560g,2.99,5.34,0,kg,€/Kg,,,https://driveimg1.intermarche.com/pt/Content/images/boitmal/produit/zoom/839A0D902441A3BA4A5F1CA3612BBD70.jpg,,,2026-01-14T23:59:59Z,PROSPECTUS,13,3,,,,
29356,8718951202856,500.0,Palmolive,"Gel de banho natural leite e mel, 500 ml",,2.69,5.38,500,L,€/L,,,https://driveimg1.intermarche.com/pt/Content/images/boitmal/produit/zoom/6CB5E843C7A08E2ECE1293E08A53478D.jpg,,,2026-01-14T23:59:59Z,PROSPECTUS,13,3,,,,
29717,5604260246328,1000.0,Porsi Vivabem,Bebida de Soja Sabor Baunilha 1l,,0.94,0.94,1000,L,€/L,,,https://driveimg1.intermarche.com/pt/Content/images/boitmal/produit/zoom/E894C778C537C2728FC25CE8A311F2EA.jpg,,,2026-01-14T23:59:59Z,PROSPECTUS,13,3,,,,
31195,5600826203606,1000.0,Prozis,"Manteiga de Amendoim Crocante, emb. 1 kg",,6.89,6.89,0,kg,€/Kg,,,https://driveimg1.intermarche.com/pt/Content/images/boitmal/produit/zoom/D158C360740DDA183269A20691A88172.jpg,,,2026-01-14T23:59:59Z,PROSPECTUS,13,3,,,,
31426,5604321021802,150.0,Cemporcento,"Sementes de abóbora, 150g",,1.89,12.6,0,kg,€/Kg,,,https://driveimg1.intermarche.com/pt/Content/images/boitmal/produit/zoom/B2A7C76346FE1D5DA58BB5B65882DE46.jpg,,,2026-01-14T23:59:59Z,PROSPECTUS,13,3,,,,
31441,5608394421033,400.0,Origens Bio,"Leite de Coco, emb. 400 ml",Garrafa de 400 ml,2.54,6.35,400,L,€/L,,,https://driveimg1.intermarche.com/pt/Content/images/boitmal/produit/zoom/9E6DA2FF296660A8AA508BA2D6559266.jpg,,,2026-01-14T23:59:59Z,PROSPECTUS,13,3,,,,
31576,8008698024188,250.0,Schar,Schär pão rústico fatiado sem glúten,Embalagem de 250g,2.99,11.96,0,kg,€/Kg,,,https://driveimg1.intermarche.com/pt/Content/images/boitmal/produit/zoom/B45C3E3B1D2C6ED89028C1D52D629213.jpg,,,2026-01-14T23:59:59Z,PROSPECTUS,13,3,,,,
32299,4005900388650,150.0,Nivea Men,"Desodorizante spray black & white men, 150 ml",,2.79,18.6,150,L,€/L,,,https://driveimg1.intermarche.com/pt/Content/images/boitmal/produit/zoom/1CFD17D9EFCFB764EEEE2BAAB79429B4.jpg,,,2026-01-14T23:59:59Z,PROSPECTUS,13,3,,,,
32342,5603722517334,200.0,Milhafre,Queijo açoriano fatias de textura cremosa,Embalagem de 200g,2.19,10.95,0,kg,€/Kg,,,https://driveimg1.intermarche.com/pt/Content/images/boitmal/produit/zoom/171D35F4FE014EB04FB3B5636B039DB0.jpg,,,2026-01-14T23:59:59Z,PROSPECTUS,13,3,,,,
32551,5608527002764,750.0,Casa Ermelinda Freitas,"Vinho Vinha da Fonte Setúbal Tinto, garrafa 75 cl",Garrafa de 0.75 l,2.99,3.99,750,L,€/L,,,https://driveimg1.intermarche.com/pt/Content/images/boitmal/produit/zoom/06E0D835BF6FF987E9BF7993FA3DFA28.jpg,,,2026-01-14T23:59:59Z,PROSPECTUS,13,3,,,,
32565,5600380895194,250.0,Prozis,"Manteiga de Amendoim Noz Pecãn Caramelizada, emb. 250 gr",,3.59,14.36,0,kg,€/Kg,,,https://driveimg1.intermarche.com/pt/Content/images/boitmal/produit/zoom/C400B9F385FAA444CA429121C54800B7.jpg,,,2026-01-14T23:59:59Z,PROSPECTUS,13,3,,,,
33118,5601066200592,500.0,Nacional,"Farinha de espelta integral, 500g",,1.49,2.98,0,kg,€/Kg,,,https://driveimg1.intermarche.com/pt/Content/images/boitmal/produit/zoom/BD820060C71D6DCBA3D46A1963F0F79E.jpg,,,2026-01-14T23:59:59Z,PROSPECTUS,13,3,,,,
33403,5608527002788,750.0,Vinha da Fonte,"Dona Ermelinda Vinha Da Fonte Reserva Tinto 2022, garrafa 75 cl",Garrafa de 0.75 l,3.99,5.32,750,L,€/L,,,https://driveimg1.intermarche.com/pt/Content/images/boitmal/produit/zoom/590F6016E28E664FE16E3D1DD3D4CE94.jpg,,,2026-01-14T23:59:59Z,PROSPECTUS,13,3,,,,
33532,8410375110228,150.0,Bonduelle,"Milho Doce, emb. 150 gr",,1.09,7.27,0,kg,€/Kg,,,https://driveimg1.intermarche.com/pt/Content/images/boitmal/produit/zoom/D0EEA0C89CFBBF992B36A2468831EAC1.jpg,,,2026-01-14T23:59:59Z,PROSPECTUS,13,3,,,,
35824,5604260292158,,PorSi,Papel Higiénico 2 Folhas Compacto 18 Rolos,,5.99,5.99,0,,€/Unidade,,,https://driveimg1.intermarche.com/pt/Content/images/boitmal/produit/zoom/5E73D84E629CABD11A6C65514ABE078A.jpg,,,2026-01-14T23:59:59Z,PROSPECTUS,13,3,,,,
35837,5604260295289,1500.0,PorSi,"Refrigrigerante Laranja c/Gás 1,5l",Garrafa de 1.5 l,0.99,0.66,1500,L,€/L,,,https://driveimg1.intermarche.com/pt/Content/images/boitmal/produit/zoom/B4A0C94B5B92414CCA9A79A6FD16EFDE.jpg,,,2026-01-14T23:59:59Z,PROSPECTUS,13,3,,,,
36242,5000204117585,,Glade,Ambientador elétrico pure clean linen + recarga,1 unidade,4.49,4.49,0,,€/Unidade,,,https://driveimg1.intermarche.com/pt/Content/images/boitmal/produit/zoom/9A7A8E7742D78EC7287B88FEA90BB41B.jpg,,,2026-01-14T23:59:59Z,PROSPECTUS,13,3,,,,
36245,5000204117318,40.0,Glade,"Recargas ambientador elétrico relaxing zen, 2 x 20 ml",,5.19,129.75,40,L,€/L,,,https://driveimg1.intermarche.com/pt/Content/images/boitmal/produit/zoom/6DA8F56BD0A646FD3B917BA73D2BD427.jpg,,,2026-01-14T23:59:59Z,PROSPECTUS,13,3,,,,
36465,5601028023443,,Renova,Lenços de bolso kids,Embalagem sortida com 8 unidades + 2 grátis,1.09,1.09,0,,€/Unidade,,,https://driveimg1.intermarche.com/pt/Content/images/boitmal/produit/zoom/2B0AFA48224382F2654400960136DE54.jpg,https://driveimg1.intermarche.com/pt/Content/images/boitmal/produit/zoom/0CE1F27833749E5A2E2A6631A26FC1E0.jpg,https://driveimg1.intermarche.com/pt/Content/images/boitmal/produit/zoom/10669725004839CB519AC745D1B0A74F.jpg,2026-01-14T23:59:59Z,PROSPECTUS,13,3,https://driveimg1.intermarche.com/pt/Content/images/boitmal/produit/zoom/B68437CAB6470B905C65CD8F71745279.jpg,,,
37460,5900020033963,141.0,Nestlé,"Barras de Cereais Chocolate e Banana Fitness, emb. 141 gr (6 un)",Embalagem de 141 g,1.99,14.11,0,kg,€/Kg,,,https://driveimg1.intermarche.com/pt/Content/images/boitmal/produit/zoom/1E85263A2C5A59452E4D94091A02574C.jpg,,,2026-01-14T23:59:59Z,PROSPECTUS,13,3,,,,
37571,5604260300648,250.0,PorSi,Atum Posta em Azeite 385g,,3.19,12.76,0,kg,€/Kg,,,https://driveimg1.intermarche.com/pt/Content/images/boitmal/produit/zoom/FBF27B44B34B58FECE4729425D4D9194.jpg,,,2026-01-14T23:59:59Z,PROSPECTUS,13,3,,,,
37602,5603722518782,,Castelões,"Queijo curado pequeno, embalagem de 500g",,6.39,6.39,1,,€/Unidade,,,https://driveimg1.intermarche.com/pt/Content/images/boitmal/produit/zoom/5DFFAAD500F2992E98C505840753B8C7.jpg,,,2026-01-14T23:59:59Z,PROSPECTUS,13,3,,,,
37900,5601119305007,210.0,Nobre,"Salsichas Hot Dog Frasco 4 un, emb. 210 gr",,2.55,12.14,0,kg,€/Kg,,,https://driveimg1.intermarche.com/pt/Content/images/boitmal/produit/zoom/68E53CA887C0767923F878238ADB6D84.jpg,,,2026-01-14T23:59:59Z,PROSPECTUS,13,3,,,,
37987,5601809011539,550.0,Riberalves,Lombos de bacalhau 4 meses de cura,Embalagem de 550 g,14.99,27.25,0,kg,€/Kg,,Tipo de stockagem,https://driveimg1.intermarche.com/pt/Content/images/boitmal/produit/zoom/9C6DE71E12945881D3F9808E35022C27.jpg,,,2026-01-14T23:59:59Z,PROSPECTUS,13,3,,,,
37989,8410063071206,1000.0,Pescanova,"Tiras de Pota Panadas, emb. 1 kg",,7.99,7.99,0,kg,€/Kg,,Tipo de stockagem,https://driveimg1.intermarche.com/pt/Content/images/boitmal/produit/zoom/05601F6E04A5D43B974FEF47AA3F0757.jpg,,,2026-01-14T23:59:59Z,PROSPECTUS,13,3,,,,
38044,5603722519253,280.0,Milhafre,"Queijo da ilha graciosa, embalagem de 280 g",,4.19,14.96,0,kg,€/Kg,,,https://driveimg1.intermarche.com/pt/Content/images/boitmal/produit/zoom/4AB7A22349A9E18C9ABB71A77A8F6CE8.jpg,,,2026-01-14T23:59:59Z,PROSPECTUS,13,3,,,,
38308,8410436341011,150.0,Sonasol,Bloco WC Poder Activo Eucalipto,Embalagem 3 x 50 g,4.39,29.27,0,kg,€/Kg,,,https://driveimg1.intermarche.com/pt/Content/images/boitmal/produit/zoom/82ED9D6125B06B5AB3E7C3747C99F060.jpg,,,2026-01-14T23:59:59Z,PROSPECTUS,13,3,,,,
38343,5054563052940,,Parodontax,Escova de dentes interdental suave,1 unidade,3.64,3.64,0,,€/Unidade,,,https://driveimg1.intermarche.com/pt/Content/images/boitmal/produit/zoom/CE8FFD389FBCB9B00F5B954E62C53924.jpg,,,2026-01-14T23:59:59Z,PROSPECTUS,13,3,,,,
38481,5600854623384,200.0,Prozis,"Whey Choco Butter, emb. 200 gr",,4.94,24.7,0,kg,€/Kg,,,https://driveimg1.intermarche.com/pt/Content/images/boitmal/produit/zoom/FDD763E8D4E39CF3E3FF0B59ADF25596.jpg,,,2026-01-14T23:59:59Z,PROSPECTUS,13,3,,,,
38934,5601164863217,500.0,Somersby,"Sidra com Álcool Maçã, emb. 50 cl",,1.29,2.58,500,L,€/L,,,https://driveimg1.intermarche.com/pt/Content/images/boitmal/produit/zoom/A3D6F4DDF9AFF4F9F8F47269DBD60191.jpg,,,2026-01-14T23:59:59Z,PROSPECTUS,13,3,,,,
39574,5604321035960,50.0,Cemporcento,"Marinheiras chia mini, embalagem de 50g",,0.64,12.8,0,kg,€/Kg,,,https://driveimg1.intermarche.com/pt/Content/images/boitmal/produit/zoom/45C552DFE04BB02E8D74BCA135523455.jpg,,,2026-01-14T23:59:59Z,PROSPECTUS,13,3,,,,
39677,5604321031627,400.0,Cemporcento,"Flocos de aveia finos sem glúten, embalagem de 400g",,1.49,3.73,0,kg,€/Kg,,,https://driveimg1.intermarche.com/pt/Content/images/boitmal/produit/zoom/F27865F23D12D2EC899A9AFCC2B0963F.jpg,,,2026-01-14T23:59:59Z,PROSPECTUS,13,3,,,,
39703,5604321032648,400.0,Cemporcento,"Flocos de aveia grossos sem glúten, embalagem de 400g",,1.49,3.73,0,kg,€/Kg,,,https://driveimg1.intermarche.com/pt/Content/images/boitmal/produit/zoom/DA87DA94CF46D15EF3C6356054C87D29.jpg,,,2026-01-14T23:59:59Z,PROSPECTUS,13,3,,,,
40593,5603722519406,480.0,Mimosa,"Iogurte fruta batida morango, 4 x 120 g",,1.69,3.52,0,kg,€/Kg,,,https://driveimg1.intermarche.com/pt/Content/images/boitmal/produit/zoom/41C5135F0F8227064BFED500C982147E.jpg,,,2026-01-14T23:59:59Z,PROSPECTUS,13,3,,,,
40594,5603722519468,480.0,Mimosa,"Iogurte fruta batida banana e morango, 4 x 120 g",,1.69,3.52,0,kg,€/Kg,,,https://driveimg1.intermarche.com/pt/Content/images/boitmal/produit/zoom/783BF0B8040C15143355DB1E8A912AD4.jpg,,,2026-01-14T23:59:59Z,PROSPECTUS,13,3,,,,
40831,8717163675038,150.0,Rexona,"Desodorizante spray invisible, embalagem de 150 ml",,2.69,17.93,150,L,€/L,,,https://driveimg1.intermarche.com/pt/Content/images/boitmal/produit/zoom/72984E844ED2A9B77A3E437C7EFE3233.jpg,,,2026-01-14T23:59:59Z,PROSPECTUS,13,3,,,,
40963,3083681108323,400.0,Bonduelle,"Salteado Rústico, emb. 400 gr",,2.59,6.48,0,kg,€/Kg,,Tipo de stockagem,https://driveimg1.intermarche.com/pt/Content/images/boitmal/produit/zoom/D2BF04E30820A884E11F497F9EA9FC40.jpg,,,2026-01-14T23:59:59Z,PROSPECTUS,13,3,,,,
41221,5604260307951,200.0,Porsi Vivabem,Sementes de Abóbora 200g,,1.69,8.45,0,kg,€/Kg,,,https://driveimg1.intermarche.com/pt/Content/images/boitmal/produit/zoom/490A3FBC8D1728D50D62350E36AD23EB.jpg,,,2026-01-14T23:59:59Z,PROSPECTUS,13,3,,,,
41289,8718951312319,75.0,Colgate,"Pasta de dentes sensation white, 75 ml",,1.99,26.53,75,L,€/L,,,https://driveimg1.intermarche.com/pt/Content/images/boitmal/produit/zoom/22BEC3D6BF2DBA57D9A3EEAAC1E33FD8.jpg,,,2026-01-14T23:59:59Z,PROSPECTUS,13,3,,,,
41328,7613038918822,190.0,Nestlé,"As minhas primeiras receitas, refeição batata, abóbora e peru, 190g",,1.49,7.84,0,kg,€/Kg,,,https://driveimg1.intermarche.com/pt/Content/images/boitmal/produit/zoom/65432E716E47CEE2E7787A598028A0B3.jpg,,,2026-01-14T23:59:59Z,PROSPECTUS,13,3,,,,
41330,7613038917634,190.0,Nestlé,"As minhas primeiras receitas, refeição legumes com vitela, 190g",,1.49,7.84,0,kg,€/Kg,,,https://driveimg1.intermarche.com/pt/Content/images/boitmal/produit/zoom/6D9D7FDC35F5B4D86668DB7DF23AB544.jpg,,,2026-01-14T23:59:59Z,PROSPECTUS,13,3,,,,
41379,5604260306299,170.0,PorSi,Fuet Extra 170g,,2.29,13.47,0,kg,€/Kg,,,https://driveimg1.intermarche.com/pt/Content/images/boitmal/produit/zoom/E72FBE14A87755C6B100EA1587C2FA99.jpg,,,2026-01-14T23:59:59Z,PROSPECTUS,13,3,,,,
41436,5604260305810,70.0,PorSi Select,Presunto Porco Preto (24 Meses de Cura) 70g,,4.99,71.29,0,kg,€/Kg,,,https://driveimg1.intermarche.com/pt/Content/images/boitmal/produit/zoom/3318DC612185CA5EAA119A36B4310A17.jpg,,,2026-01-14T23:59:59Z,PROSPECTUS,13,3,,,,
42026,5604260309146,165.0,PorSi,Ambientador Vela Maçã/canela 165gr,,2.29,13.88,0,kg,€/Kg,,,https://driveimg1.intermarche.com/pt/Content/images/boitmal/produit/zoom/9CF0BFFA1EDFD68C41921BE3AEF0FFDD.jpg,,,2026-01-14T23:59:59Z,PROSPECTUS,13,3,,,,
42130,5604260309214,,PorSi,18 Tealights Aromáticos Frutos Vermelhos,embalagem com 18 unidades,1.85,1.85,0,,€/Unidade,,,https://driveimg1.intermarche.com/pt/Content/images/boitmal/produit/zoom/2FD807E004893E4ED9AD2A7BF4C5EFFD.jpg,,,2026-01-14T23:59:59Z,PROSPECTUS,13,3,,,,
42165,5604260307586,200.0,Porsi Vivabem,Creme Soja Uht Culinário 200ml,,0.99,4.95,200,L,€/L,,,https://driveimg1.intermarche.com/pt/Content/images/boitmal/produit/zoom/3088AAE479B32A9B5AAF6F16464F6A71.jpg,https://driveimg1.intermarche.com/pt/Content/images/boitmal/produit/zoom/84D9CD21A433B6316249CB71F439AA86.jpg,https://driveimg1.intermarche.com/pt/Content/images/boitmal/produit/zoom/84D9CD21A433B6316249CB71F439AA86.jpg,2026-01-14T23:59:59Z,PROSPECTUS,13,3,https://driveimg1.intermarche.com/pt/Content/images/boitmal/produit/zoom/84D9CD21A433B6316249CB71F439AA86.jpg,https://driveimg1.intermarche.com/pt/Content/images/boitmal/produit/zoom/84D9CD21A433B6316249CB71F439AA86.jpg,https://driveimg1.intermarche.com/pt/Content/images/boitmal/produit/zoom/84D9CD21A433B6316249CB71F439AA86.jpg,
42168,5604260306732,420.0,PorSi,Mão de Vaca com Grão 420g,,2.49,5.93,0,kg,€/Kg,,,https://driveimg1.intermarche.com/pt/Content/images/boitmal/produit/zoom/AA6DBC09D448DE7FD9BD3A9AF5ED0CF4.jpg,,,2026-01-14T23:59:59Z,PROSPECTUS,13,3,,,,
4218,3600520297712,50.0,L'oreal Men Expert,"Creme anti.fadiga, hydra energetic",Embalagem de 50 ml,7.8,156.0,50,L,€/L,,,https://driveimg1.intermarche.com/pt/Content/images/boitmal/produit/zoom/F1EAEC07F084865F01DA41D5FBC8B167.jpg,,,2026-01-14T23:59:59Z,PROSPECTUS,13,3,,,,
43267,5607233552624,400.0,Panrico,"Pão de forma 100% farinha de centeio, 400g",,1.89,4.73,0,kg,€/Kg,,,https://driveimg1.intermarche.com/pt/Content/images/boitmal/produit/zoom/D9431B3977ECC1068CCABC331A85A32A.jpg,,,2026-01-14T23:59:59Z,PROSPECTUS,13,3,,,,
43345,5604260309467,15.0,Porsi Vivabem,Infusão Elegância,,0.6,40.0,0,kg,€/Kg,,,https://driveimg1.intermarche.com/pt/Content/images/boitmal/produit/zoom/E093AD1E4D29C01007BB2275EF3AF600.jpg,,,2026-01-14T23:59:59Z,PROSPECTUS,13,3,,,,
43472,5604260309245,50.0,PorSi,Ambientador Difusor Baunilha 50ml,,2.99,59.8,50,L,€/L,,,https://driveimg1.intermarche.com/pt/Content/images/boitmal/produit/zoom/545E110EAFFBEB0469D623F8BCB833AE.jpg,,,2026-01-14T23:59:59Z,PROSPECTUS,13,3,,,,
44264,5603722517136,200.0,Mimosa,"Nata cremosa sem lactose, 200 ml",,1.04,5.2,200,L,€/L,,,https://driveimg1.intermarche.com/pt/Content/images/boitmal/produit/zoom/8BEE16017818634A0906C7EEA760EC96.jpg,,,2026-01-14T23:59:59Z,PROSPECTUS,13,3,,,,
44715,5600961109672,250.0,Prozis,"Manteiga Amendoim Cremosa, emb. 250 gr",,2.49,9.96,0,kg,€/Kg,,,https://driveimg1.intermarche.com/pt/Content/images/boitmal/produit/zoom/3CEEBB25BE3616DCE7F29C8CA9E9FCD3.jpg,,,2026-01-14T23:59:59Z,PROSPECTUS,13,3,,,,
44716,5600961109689,250.0,Prozis,"Manteiga de Amendoim Crocante, emb. 250 gr",,2.49,9.96,0,kg,€/Kg,,,https://driveimg1.intermarche.com/pt/Content/images/boitmal/produit/zoom/E30480D83856A991B8DDEB5DD0E60694.jpg,,,2026-01-14T23:59:59Z,PROSPECTUS,13,3,,,,
44756,8720182022066,350.0,Calvé,"Manteiga amendoim com pedaços, embalagem de 350g",,2.39,6.83,0,kg,€/Kg,,,https://driveimg1.intermarche.com/pt/Content/images/boitmal/produit/zoom/BDB7E894C421031DCDC32452508E8D9C.jpg,,,2026-01-14T23:59:59Z,PROSPECTUS,13,3,,,,
44903,5601066200325,1000.0,Nacional,"Farinha preparada pão caseiro, 1kg",,1.79,1.79,0,kg,€/Kg,,,https://driveimg1.intermarche.com/pt/Content/images/boitmal/produit/zoom/4D17517C7C018E28AA2A4618CB765EB3.jpg,,,2026-01-14T23:59:59Z,PROSPECTUS,13,3,,,,
46517,5000204208917,750.0,Pato,"Abrasivo Sanitário Líquido Ação Total Pinho, emb. 750 ml",,1.94,2.59,750,L,€/L,,,https://driveimg1.intermarche.com/pt/Content/images/boitmal/produit/zoom/08C17A1F547C898E2E6E9CBB3441BB2A.jpg,,,2026-01-14T23:59:59Z,PROSPECTUS,13,4,,,,
46641,8410436364058,,Bref,Bloco Sanitário Blue Active Floral,Embalagem de 3 un.,4.39,4.39,0,,€/Unidade,,,https://driveimg1.intermarche.com/pt/Content/images/boitmal/produit/zoom/A3DC5C4838E8BD49AEB43EB2DC739F2D.jpg,,,2026-01-14T23:59:59Z,PROSPECTUS,13,4,,,,
46652,3083681137996,600.0,Bonduelle,"Lentilhas Cozidas, emb. 3 x 200 gr",,2.59,4.32,0,kg,€/Kg,,,https://driveimg1.intermarche.com/pt/Content/images/boitmal/produit/zoom/342160236AFF7A5B92155F0E89C8A9A0.jpg,,,2026-01-14T23:59:59Z,PROSPECTUS,13,4,,,,
47005,5604260315154,140.0,PorSi,Iogurte Bicompartimentado com Drageias Coloridas 140g,,0.58,4.14,0,kg,€/Kg,,,https://driveimg1.intermarche.com/pt/Content/images/boitmal/produit/zoom/E508BCBD83036F362863D6F44BCBDFC1.jpg,,,2026-01-14T23:59:59Z,PROSPECTUS,13,4,,,,
4715,5000204593198,72.0,Pato,"Discos Sanitários Ativos Recargas Marinho, 2 x 6 doses",Embalagem de 2x36 ml,3.49,48.47,72,L,€/L,,,https://driveimg1.intermarche.com/pt/Content/images/boitmal/produit/zoom/CCC21E7CD2CBE6B4EF157DF845CFFD44.jpg,,,2026-01-14T23:59:59Z,PROSPECTUS,13,4,,,,
47634,5411188135142,1000.0,Alpro,Bebida de Soja Proteína,1 litro,1.99,1.99,1000,L,€/L,,,https://driveimg1.intermarche.com/pt/Content/images/boitmal/produit/zoom/C6D7AB327DA95D73F5EBE65622CAD3F8.jpg,,,2026-01-14T23:59:59Z,PROSPECTUS,13,4,,,,
47661,5603722496981,800.0,Mimosa,"Leite infantil 1 a 3 anos, 4 x 200 ml",,1.88,2.35,800,L,€/L,,,https://driveimg1.intermarche.com/pt/Content/images/boitmal/produit/zoom/1D994EB1FEC01E1F16838498F3D2095C.jpg,,,2026-01-14T23:59:59Z,PROSPECTUS,13,4,,,,
47777,5604260320134,160.0,PorSi,Cápsulas Café Galão Cdg,,3.85,24.06,0,kg,€/Kg,,,https://driveimg1.intermarche.com/pt/Content/images/boitmal/produit/zoom/622B7CF0482B57DB51970F9FB85E34D4.jpg,https://driveimg1.intermarche.com/pt/Content/images/boitmal/produit/zoom/62481A8FF61C1D90AD7A2D41D5674278.jpg,https://driveimg1.intermarche.com/pt/Content/images/boitmal/produit/zoom/62481A8FF61C1D90AD7A2D41D5674278.jpg,2026-01-14T23:59:59Z,PROSPECTUS,13,4,https://driveimg1.intermarche.com/pt/Content/images/boitmal/produit/zoom/62481A8FF61C1D90AD7A2D41D5674278.jpg,https://driveimg1.intermarche.com/pt/Content/images/boitmal/produit/zoom/62481A8FF61C1D90AD7A2D41D5674278.jpg,https://driveimg1.intermarche.com/pt/Content/images/boitmal/produit/zoom/62481A8FF61C1D90AD7A2D41D5674278.jpg,https://driveimg1.intermarche.com/pt/Content/images/boitmal/produit/zoom/62481A8FF61C1D90AD7A2D41D5674278.jpg
4786,5010029000061,430.0,Weetabix,"Cereais Trigo Fibra Integral, emb. 430 gr",,3.89,9.05,0,kg,€/Kg,,,https://driveimg1.intermarche.com/pt/Content/images/boitmal/produit/zoom/232982B37BEBBB4A68E8B55711F4EB74.jpg,,,2026-01-14T23:59:59Z,PROSPECTUS,13,4,,,,
47933,5604260319558,96.0,PorSi,Cápsulas Café Descafeinado Cdgx16,,3.85,40.1,0,kg,€/Kg,,,https://driveimg1.intermarche.com/pt/Content/images/boitmal/produit/zoom/E41919E5BDA62510C85250B2A50FD3A3.jpg,,,2026-01-14T23:59:59Z,PROSPECTUS,13,4,,,,
47934,5604260319565,96.0,PorSi,Cápsulas Café Splendido Cdgx16,,3.85,40.1,0,kg,€/Kg,,,https://driveimg1.intermarche.com/pt/Content/images/boitmal/produit/zoom/55CCF612142A42C8831C49805F97F920.jpg,,,2026-01-14T23:59:59Z,PROSPECTUS,13,4,,,,
48650,5000116126798,533.0,Iglo,"Brócolos, embalagem de 533g",,2.99,5.61,0,kg,€/Kg,,Tipo de stockagem,https://driveimg1.intermarche.com/pt/Content/images/boitmal/produit/zoom/76CD423231FBCBDAF8A979F66D7E1329.jpg,,,2026-01-14T23:59:59Z,PROSPECTUS,13,4,,,,
49234,5604260323630,140.0,Porsi Vivabem,Tostas Mistura sem Glúten,,2.99,21.36,0,kg,€/Kg,,,https://driveimg1.intermarche.com/pt/Content/images/boitmal/produit/zoom/7AFECE3A704D13EC4FB4CB9A9E24EC40.jpg,,,2026-01-14T23:59:59Z,PROSPECTUS,13,4,,,,
49329,5603722501937,800.0,Mimosa,"Leite magro com chocolate, 4 x 200 ml",,1.92,2.4,800,L,€/L,,,https://driveimg1.intermarche.com/pt/Content/images/boitmal/produit/zoom/A3C8DD22A1174D7DB1F7255C4D4FE4CC.jpg,,,2026-01-14T23:59:59Z,PROSPECTUS,13,4,,,,
49623,5604260320561,800.0,PorSi,Sopa de Legumes 800g,,2.49,3.11,0,kg,€/Kg,,,https://driveimg1.intermarche.com/pt/Content/images/boitmal/produit/zoom/C1C15917BAB3C0F8B165F207A81285C6.jpg,,,2026-01-14T23:59:59Z,PROSPECTUS,13,4,,,,
49820,5603722520716,750.0,Mimosa,"Leite uht proteína café, pack 3 x 250 ml",,2.97,3.96,750,L,€/L,,,https://driveimg1.intermarche.com/pt/Content/images/boitmal/produit/zoom/48F4EA7A4852E9424196C65A31FE2582.jpg,https://driveimg1.intermarche.com/pt/Content/images/boitmal/produit/zoom/411D145ABC465CAC7D63421217C7C4BA.jpg,https://driveimg1.intermarche.com/pt/Content/images/boitmal/produit/zoom/D603E1E636FFDC97D12DCCB329B68EBF.jpg,2026-01-14T23:59:59Z,PROSPECTUS,13,4,https://driveimg1.intermarche.com/pt/Content/images/boitmal/produit/zoom/5B12A42DD54A8419BEE9956642FA18F9.jpg,,,
50017,8001010024330,135.0,Ponti,"Molho Pesto Rosso sem Glúten, emb. 135 gr",,2.25,16.67,0,kg,€/Kg,,,https://driveimg1.intermarche.com/pt/Content/images/boitmal/produit/zoom/DE29E94B133B17D1DA3576DCFBD442AD.jpg,,,2026-01-14T23:59:59Z,PROSPECTUS,13,4,,,,
5044,5601036100051,300.0,Elnett,Laca fixação forte,Embalagem de 300 ml,4.99,16.63,300,L,€/L,,,https://driveimg1.intermarche.com/pt/Content/images/boitmal/produit/zoom/836BDFF5C8173F1877DA08FF8577EBF7.jpg,,,2026-01-14T23:59:59Z,PROSPECTUS,13,4,,,,
50450,8710522729755,58.0,Knorr,"Potato pot bacon e cebola, embalagem de 51g",,1.49,25.69,0,kg,€/Kg,,,https://driveimg1.intermarche.com/pt/Content/images/boitmal/produit/zoom/5FCC41200BF97232AB254BAFB79D702D.jpg,,,2026-01-14T23:59:59Z,PROSPECTUS,13,4,,,,
51280,5602348102733,240.0,Izidoro,"Salsichas frankfurt 12 unidades izidoro, embalagem de 240g",,1.49,6.21,0,kg,€/Kg,,,https://driveimg1.intermarche.com/pt/Content/images/boitmal/produit/zoom/F4B7B7DC4DB9CF01DF9A310A71DD546D.jpg,,,2026-01-14T23:59:59Z,PROSPECTUS,13,4,,,,
51332,5600961174878,72.0,Prozis,"Infusão Limão H2O, emb. 72 gr (8 x 9 gr)",,2.69,37.36,0,kg,€/Kg,,,https://driveimg1.intermarche.com/pt/Content/images/boitmal/produit/zoom/995E1850776954BC611E100DE9D61EE2.jpg,,,2026-01-14T23:59:59Z,PROSPECTUS,13,4,,,,
51333,5600961175073,72.0,Prozis,"Infusão Ananás H2O, emb. 8 x 9 gr",,2.69,37.36,0,kg,€/Kg,,,https://driveimg1.intermarche.com/pt/Content/images/boitmal/produit/zoom/DB5CAF53B80C009F3AAD2BB6D35A2A73.jpg,,,2026-01-14T23:59:59Z,PROSPECTUS,13,4,,,,
51369,5000116125791,1400.0,Capitão Iglo,"50 douradinhos de peixe ómega 3 iglo, embalagem de 1.4 kg",,13.99,9.99,0,kg,€/Kg,,Tipo de stockagem,https://driveimg1.intermarche.com/pt/Content/images/boitmal/produit/zoom/6C5BC15FEE115209F2EC3E0B9DBA1CCD.jpg,,,2026-01-14T23:59:59Z,PROSPECTUS,13,4,,,,
51370,5000116127085,1080.0,Capitão Iglo,"50 nuggets de frango queijo, embalagem de 1.08 kg",,14.99,13.88,0,kg,€/Kg,,Tipo de stockagem,https://driveimg1.intermarche.com/pt/Content/images/boitmal/produit/zoom/01D800E519FFA7F5AD97F2A12D06E0B0.jpg,,,2026-01-14T23:59:59Z,PROSPECTUS,13,4,,,,
51516,5000204242676,750.0,Pato,"Abrasivo Sanitário Líquido Forest Biodegradável, emb. 750 ml",,1.69,2.25,750,L,€/L,,,https://driveimg1.intermarche.com/pt/Content/images/boitmal/produit/zoom/8C1893E905FC06A67CD929B9867A4141.jpg,,,2026-01-14T23:59:59Z,PROSPECTUS,13,4,,,,
51913,3073781193190,250.0,A Vaca Que Ri,"Queijo fundido light, 250g",,2.95,11.8,0,kg,€/Kg,,,https://driveimg1.intermarche.com/pt/Content/images/boitmal/produit/zoom/1D30A8CFE9EE0E2B2592E8B377EEF45A.jpg,,,2026-01-14T23:59:59Z,PROSPECTUS,13,4,,,,
51925,8711327587632,2000.0,Lipton,Ice tea lipton chá preto manga zero 2l,,1.99,1.0,2000,L,€/L,,,https://driveimg1.intermarche.com/pt/Content/images/boitmal/produit/zoom/241DBF240C312378317C24947EDC5453.jpg,,,2026-01-14T23:59:59Z,PROSPECTUS,13,4,,,,
51978,5600744051457,198.0,Saborosa,"Bolacha belgas red velvet, embalagem de 198g",,1.79,9.04,0,kg,€/Kg,,,https://driveimg1.intermarche.com/pt/Content/images/boitmal/produit/zoom/24A5A4F6F89B1A1D040BB1FEACE78EF6.jpg,,,2026-01-14T23:59:59Z,PROSPECTUS,13,4,,,,
52049,3073781193091,250.0,A Vaca Que Ri,"Queijo fundido, 250g",,2.95,11.8,0,kg,€/Kg,,,https://driveimg1.intermarche.com/pt/Content/images/boitmal/produit/zoom/95197B9CF404BE8AF1D5A1B4E7B898B7.jpg,,,2026-01-14T23:59:59Z,PROSPECTUS,13,4,,,,
52377,8720181385131,,Skip,Detergente Máquina Roupa Líquido Sabão Natural,100 Doses,12.99,12.99,0,,€/Unidade,,,https://driveimg1.intermarche.com/pt/Content/images/boitmal/produit/zoom/B7482844827C04E8BE654EF9B7B49DD3.jpg,,,2026-01-14T23:59:59Z,PROSPECTUS,13,4,,,,
52593,8720181385049,,Skip,Detergente Máquina Roupa Líquido Sensitive,100 Doses,15.99,15.99,0,,€/Unidade,,,https://driveimg1.intermarche.com/pt/Content/images/boitmal/produit/zoom/AFC8244D618B3035788FED7EABC12BA4.jpg,,,2026-01-14T23:59:59Z,PROSPECTUS,13,4,,,,
52764,5604260331161,350.0,Porsi Vivabem,Bebida Láctea Proteica Baunilha 350g/ 330ml,,1.25,3.57,0,kg,€/Kg,,,https://driveimg1.intermarche.com/pt/Content/images/boitmal/produit/zoom/A1156CC28BC5B34A84F4B088F653261C.jpg,,,2026-01-14T23:59:59Z,PROSPECTUS,13,4,,,,
52767,5604260331413,400.0,PorSi,Pizza Atum e Bacon 410g,,2.95,7.38,0,kg,€/Kg,,,https://driveimg1.intermarche.com/pt/Content/images/boitmal/produit/zoom/848C27FFB9CEE0FCF3E89D63EE20879D.jpg,,,2026-01-14T23:59:59Z,PROSPECTUS,13,4,,,,
52781,8711327418356,60.0,Knorr,"Pasta pot bolonhesa, 60g",,1.49,24.83,0,kg,€/Kg,,,https://driveimg1.intermarche.com/pt/Content/images/boitmal/produit/zoom/55EAB61CCD2927CA975EDAD133C32FEE.jpg,,,2026-01-14T23:59:59Z,PROSPECTUS,13,4,,,,
52785,5900020043504,310.0,Nestlé,"Cereais de Trigo, Aveia e Quinoa de Mel Fibra sem Açúcar, emb. 310 gr",,3.34,10.77,0,kg,€/Kg,,,https://driveimg1.intermarche.com/pt/Content/images/boitmal/produit/zoom/8279A6B5BC166AA60A43E6EF7802287B.jpg,,,2026-01-14T23:59:59Z,PROSPECTUS,13,4,,,,
52786,5900020043481,310.0,Nestlé,"Cereais de Trigo, Aveia e Quinoa de Cacau Proteína sem Açúcar, emb. 310 gr",,3.34,10.77,0,kg,€/Kg,,,https://driveimg1.intermarche.com/pt/Content/images/boitmal/produit/zoom/619233658842A9E70E868A5A69A9679E.jpg,,,2026-01-14T23:59:59Z,PROSPECTUS,13,4,,,,
52787,5900020044129,80.0,Nestlé,"Barras de Trigo, Aveia e Quinoa de Mel Fibra sem Açúcar, emb. 80 gr (4 un)",,1.79,22.38,0,kg,€/Kg,,,https://driveimg1.intermarche.com/pt/Content/images/boitmal/produit/zoom/187D25227C186EA7E6F2778C2AF07CC6.jpg,,,2026-01-14T23:59:59Z,PROSPECTUS,13,4,,,,
52788,5900020043832,80.0,Nestlé,"Barras Proteicas Cacau sem Açúcar,emb. 80 gr (4 un)",,1.79,22.38,0,kg,€/Kg,,,https://driveimg1.intermarche.com/pt/Content/images/boitmal/produit/zoom/7E4A3C5552FC27CE6A83D366162140DD.jpg,,,2026-01-14T23:59:59Z,PROSPECTUS,13,4,,,,
52848,8410063094564,1000.0,Pescanova,"Nuggets de Pescada Panada sem Glúten, emb. 1 kg",,7.79,7.79,0,kg,€/Kg,,Tipo de stockagem,https://driveimg1.intermarche.com/pt/Content/images/boitmal/produit/zoom/5276D77CD9BBF475970EE1C857741542.jpg,https://driveimg1.intermarche.com/pt/Content/images/boitmal/produit/zoom/16DCF1CA65B81C53FF13A02B354ADA88.jpg,https://driveimg1.intermarche.com/pt/Content/images/boitmal/produit/zoom/16DCF1CA65B81C53FF13A02B354ADA88.jpg,2026-01-14T23:59:59Z,PROSPECTUS,13,4,https://driveimg1.intermarche.com/pt/Content/images/boitmal/produit/zoom/16DCF1CA65B81C53FF13A02B354ADA88.jpg,,,
52883,8719200267824,1000.0,Planta,"Creme vegetal para barrar original, 1 kg",,5.49,5.49,0,kg,€/Kg,,,https://driveimg1.intermarche.com/pt/Content/images/boitmal/produit/zoom/936FEB2670E44E85562B9564D40B3E6A.jpg,https://driveimg1.intermarche.com/pt/Content/images/boitmal/produit/zoom/CBB4812E883E0A943660F7C5BD667E18.jpg,https://driveimg1.intermarche.com/pt/Content/images/boitmal/produit/zoom/CBB4812E883E0A943660F7C5BD667E18.jpg,2026-01-14T23:59:59Z,PROSPECTUS,13,4,,,,
52886,5603722523113,200.0,Mimosa,"Natas para carne, 200 ml",,1.04,5.2,200,L,€/L,,,https://driveimg1.intermarche.com/pt/Content/images/boitmal/produit/zoom/4EBFFD3487ED8CD46A9B8FA3FCE4C121.jpg,https://driveimg1.intermarche.com/pt/Content/images/boitmal/produit/zoom/974E5E2703AF4694FB78F37DC9D40DC9.jpg,https://driveimg1.intermarche.com/pt/Content/images/boitmal/produit/zoom/974E5E2703AF4694FB78F37DC9D40DC9.jpg,2026-01-14T23:59:59Z,PROSPECTUS,13,4,,,,
52889,8720181385094,945.0,Skip,"Detergente líquido máquina de roupa baby, 21 doses",,3.99,4.22,945,L,€/L,,,https://driveimg1.intermarche.com/pt/Content/images/boitmal/produit/zoom/88B9AA7AC23F4BC407E554F7DDCFF45B.jpg,https://driveimg1.intermarche.com/pt/Content/images/boitmal/produit/zoom/F71A2C4911172C11157AB331E2B3BEF3.jpg,https://driveimg1.intermarche.com/pt/Content/images/boitmal/produit/zoom/F71A2C4911172C11157AB331E2B3BEF3.jpg,2026-01-14T23:59:59Z,PROSPECTUS,13,4,,,,
52942,8720181385070,2520.0,Skip,"Detergente líquido máquina de roupa cores, 56 doses",,9.49,3.77,2520,L,€/L,,,https://driveimg1.intermarche.com/pt/Content/images/boitmal/produit/zoom/88CC1094FF0E3EE4912CFD63A761A185.jpg,https://driveimg1.intermarche.com/pt/Content/images/boitmal/produit/zoom/DA89C34C561727E74F60C33922AB0C9D.jpg,https://driveimg1.intermarche.com/pt/Content/images/boitmal/produit/zoom/DA89C34C561727E74F60C33922AB0C9D.jpg,2026-01-14T23:59:59Z,PROSPECTUS,13,4,,,,
52964,8445290299031,340.0,Purina One,"Comida Húmida para Cão Adulto Delicate Salmão, emb. 4 x 85 gr",,2.24,6.59,0,kg,€/Kg,,,https://driveimg1.intermarche.com/pt/Content/images/boitmal/produit/zoom/32231F745A365BE95601B28982095381.jpg,,,2026-01-14T23:59:59Z,PROSPECTUS,13,4,,,,
53049,8445290589316,190.0,Nestlé,"Refeição para Bebé Peixe e Vegetais +8M, emb. 190 gr",,1.49,7.84,0,kg,€/Kg,,,https://driveimg1.intermarche.com/pt/Content/images/boitmal/produit/zoom/7E5BF3B7685558DA7A110F72D148811C.jpg,,,2026-01-14T23:59:59Z,PROSPECTUS,13,4,,,,
53229,8445290832917,190.0,Nestlé,"Refeição para Bebé Arroz e Frango +6M, emb. 190 gr",,1.49,7.84,0,kg,€/Kg,,,https://driveimg1.intermarche.com/pt/Content/images/boitmal/produit/zoom/A86A2FFA11A081C4BF9A01BDE75A344F.jpg,,,2026-01-14T23:59:59Z,PROSPECTUS,13,4,,,,
53240,8720181384264,2340.0,Skip,"Detergente líquido máquina de roupa 2 em 1 ultimate, 52 doses",,10.99,4.7,2340,L,€/L,,,https://driveimg1.intermarche.com/pt/Content/images/boitmal/produit/zoom/97E245FD41D574FFA74F6BFC378A3262.jpg,https://driveimg1.intermarche.com/pt/Content/images/boitmal/produit/zoom/ADA1267F1850FE173AC42CD30CA77DD5.jpg,https://driveimg1.intermarche.com/pt/Content/images/boitmal/produit/zoom/ADA1267F1850FE173AC42CD30CA77DD5.jpg,2026-01-14T23:59:59Z,PROSPECTUS,13,4,,,,
53269,8445290014207,2800.0,Purina One,"Ração para Gato Esterilizado Com Salmão, 2.8 kg",,15.59,5.57,0,kg,€/Kg,,,https://driveimg1.intermarche.com/pt/Content/images/boitmal/produit/zoom/73F43E5C853144BDD9B977AA60C331CD.jpg,,,2026-01-14T23:59:59Z,PROSPECTUS,13,4,,,,
53303,5000204334128,,Glade,"Ambientador Eléctrico Recarga Dupla Vanilla, 2 un.",,5.19,5.19,0,,€/Unidade,,,https://driveimg1.intermarche.com/pt/Content/images/boitmal/produit/zoom/5B811D73CD0E7F1BC797BFD680288F34.jpg,https://driveimg1.intermarche.com/pt/Content/images/boitmal/produit/zoom/1801FAE8A25492DEC1A53462DB0E272F.jpg,https://driveimg1.intermarche.com/pt/Content/images/boitmal/produit/zoom/1801FAE8A25492DEC1A53462DB0E272F.jpg,2026-01-14T23:59:59Z,PROSPECTUS,13,4,https://driveimg1.intermarche.com/pt/Content/images/boitmal/produit/zoom/1801FAE8A25492DEC1A53462DB0E272F.jpg,,,
53672,5054563155535,75.0,Parodontax,"Pasta de Dentes Gengivas, Sensibilidade, Hálito e Branqueadora",Embalagem de 75ml,5.19,69.2,75,L,€/L,,,https://driveimg1.intermarche.com/pt/Content/images/boitmal/produit/zoom/87A987E57450CCF1EBBCAD737517FAB5.jpg,https://driveimg1.intermarche.com/pt/Content/images/boitmal/produit/zoom/45919E21211034CFC9DCF75D551CD73E.jpg,https://driveimg1.intermarche.com/pt/Content/images/boitmal/produit/zoom/45919E21211034CFC9DCF75D551CD73E.jpg,2026-01-14T23:59:59Z,PROSPECTUS,13,4,https://driveimg1.intermarche.com/pt/Content/images/boitmal/produit/zoom/45919E21211034CFC9DCF75D551CD73E.jpg,https://driveimg1.intermarche.com/pt/Content/images/boitmal/produit/zoom/45919E21211034CFC9DCF75D551CD73E.jpg,https://driveimg1.intermarche.com/pt/Content/images/boitmal/produit/zoom/45919E21211034CFC9DCF75D551CD73E.jpg,
53723,8001480020542,1000.0,Neoblanc,Lixivia Perfume Do Campo,Embalagem de 1000ml,1.59,1.59,1000,L,€/L,,,https://driveimg1.intermarche.com/pt/Content/images/boitmal/produit/zoom/BC4CD59FA3E25633C5221C9F6EAC34B0.jpg,,,2026-01-14T23:59:59Z,PROSPECTUS,13,4,,,,
53919,2696282000000,250.0,Pastelaria,"Baguete Constance, 250 g",,0.79,3.16,0,kg,€/Kg,,,https://driveimg1.intermarche.com/pt/Content/images/boitmal/produit/zoom/E31381B4AE9393D5575E71A4567985AE.jpg,,,2026-01-14T23:59:59Z,PROSPECTUS,13,4,,,,
5400,5601283401352,60.0,Gorila,"Pastilhas Elásticas Sortidas, emb. 60 gr",Embalagem de 60 g,0.87,14.5,0,kg,€/Kg,,,https://driveimg1.intermarche.com/pt/Content/images/boitmal/produit/zoom/916E1AFDE807D8FD589FCBE12701E468.jpg,,,2026-01-14T23:59:59Z,PROSPECTUS,13,4,,,,
54240,8720182870933,750.0,Cif,"Spray wc power & shine, 750ml",,2.99,3.99,750,L,€/L,,,https://driveimg1.intermarche.com/pt/Content/images/boitmal/produit/zoom/AF06DD56DD26D88A17AF72D8DF21ED04.jpg,,,2026-01-14T23:59:59Z,PROSPECTUS,13,4,,,,
54320,8718951559721,100.0,Colgate,"Pasta De Dentes Maximum Caries Protection, 100ml",,2.14,21.4,100,L,€/L,,,https://driveimg1.intermarche.com/pt/Content/images/boitmal/produit/zoom/FB112999317664A7E18AAA81FF2A5D06.jpg,https://driveimg1.intermarche.com/pt/Content/images/boitmal/produit/zoom/3694932EDFE660C6F958943C13CEE297.jpg,https://driveimg1.intermarche.com/pt/Content/images/boitmal/produit/zoom/3694932EDFE660C6F958943C13CEE297.jpg,2026-01-14T23:59:59Z,PROSPECTUS,13,4,https://driveimg1.intermarche.com/pt/Content/images/boitmal/produit/zoom/3694932EDFE660C6F958943C13CEE297.jpg,,,
54321,8718951477957,100.0,Colgate,"Pasta De Dentes Tripla Ação, 100ml",,2.14,21.4,100,L,€/L,,,https://driveimg1.intermarche.com/pt/Content/images/boitmal/produit/zoom/314A8AD6D21192FE5E061EE56C598725.jpg,https://driveimg1.intermarche.com/pt/Content/images/boitmal/produit/zoom/9ADDEB220D16C8DAE54C517CBC09DC55.jpg,https://driveimg1.intermarche.com/pt/Content/images/boitmal/produit/zoom/9ADDEB220D16C8DAE54C517CBC09DC55.jpg,2026-01-14T23:59:59Z,PROSPECTUS,13,4,https://driveimg1.intermarche.com/pt/Content/images/boitmal/produit/zoom/9ADDEB220D16C8DAE54C517CBC09DC55.jpg,,,
54328,3600542542807,320.0,Fructis,"Máscara Bomb Biotina Fortificante, 320ml",,4.89,15.28,320,L,€/L,,,https://driveimg1.intermarche.com/pt/Content/images/boitmal/produit/zoom/54C6AAC5D738787A8D6AA6B8C5B50AF4.jpg,https://driveimg1.intermarche.com/pt/Content/images/boitmal/produit/zoom/90233AC2CF43F9F47E12A04B7C00DD81.jpg,,2026-01-14T23:59:59Z,PROSPECTUS,13,4,,,,
54333,8714789947235,300.0,Palmolive,"Sabonete Líquido Recarga Leite E Mel, 300ml",,1.79,5.97,300,L,€/L,,,https://driveimg1.intermarche.com/pt/Content/images/boitmal/produit/zoom/2505D6DB8402134EEB78BB03E536D0FF.jpg,,,2026-01-14T23:59:59Z,PROSPECTUS,13,4,,,,
54373,8435495842828,,A+,"Detergente Máquina Roupa Líquido Optimal, 56D",,8.99,8.99,0,,€/Unidade,,,https://driveimg1.intermarche.com/pt/Content/images/boitmal/produit/zoom/1E48C4CC1DB3FDB2A49FC1D0EA8EC591.jpg,,,2026-01-14T23:59:59Z,PROSPECTUS,13,4,,,,
54395,8718951658646,75.0,Colgate,"Pasta De Dentes Branqueadora Max White Carvão, 75ml",,3.99,53.2,75,L,€/L,,,https://driveimg1.intermarche.com/pt/Content/images/boitmal/produit/zoom/A35D809DC5FF4DBEACFD43CCD16D7A2C.jpg,,,2026-01-14T23:59:59Z,PROSPECTUS,13,4,,,,
