identifier,produitEan13,capacite,marque,libelle,conditionnement,prix,unitPrice,volume,typeProduit_uniteByCode,unit_value,pictogrammes_0,pictogrammes_libelleCategorie,images_0,images_1,images_2,images_3,images_4,images_5,avantages_dateFin,avantages_categorie,nro_paginas,page,images_6
13866,2891048000000,1000.0,Porco,Bifanas,Vendido ao peso a partir de 1 kg,4.49,4.49,0,,€/Kg,,,https://driveimg1.intermarche.com/pt/Content/images/boitmal/produit/zoom/72DE0DA6B485199AC995C629E3E4D279.jpg,,,,,,2025-10-15T23:59:59+01:00,PROSPECTUS,13,1,
19414,5601028024716,,Renova,"Papel Higiénico Puríssimo 3 Folhas, embalagem c/ 12 rolos",,4.99,4.99,0,,€/Unidade,,,https://driveimg1.intermarche.com/pt/Content/images/boitmal/produit/zoom/6371FB49C9F37CFE36AA4E28DFBAAFF4.jpg,,,,,,2025-10-15T23:59:59+01:00,PROSPECTUS,13,1,
13566,2893560000000,250.0,Congelado de Aquicultura,Camarão Congelado 20/30,1 un = 250 gr  (aprox.),2.25,8.99,0,,€/Kg,,Avantages !,https://driveimg1.intermarche.com/pt/Content/images/boitmal/produit/zoom/863DB9F10BE616A55736AB7A17BC6BB5.jpg,,,,,,2025-10-15T23:59:59+01:00,PROSPECTUS,13,1,
14038,2696013000000,80.0,Padaria,Bola mistura,1 unidade= 80 g,0.19,2.38,0,kg,€/Kg,,,https://driveimg1.intermarche.com/pt/Content/images/boitmal/produit/zoom/509539D5119FE663643D444B9A3F9D6A.jpg,,,,,,2025-10-15T23:59:59+01:00,PROSPECTUS,13,1,
35947,5604260285716,,Por Si,Rolo De Cozinha Xxl 1 Rolo,,0.99,0.99,0,,€/Unidade,,,https://driveimg1.intermarche.com/pt/Content/images/boitmal/produit/zoom/B5A0A287774C2797FBCEA13262E75167.jpg,,,,,,2025-10-15T23:59:59+01:00,PROSPECTUS,13,1,
12972,2892040000000,200.0,Fruta,Banana,1 un = 200 gr (aprox.),0.2,0.99,0,,€/Kg,,,https://driveimg1.intermarche.com/pt/Content/images/boitmal/produit/zoom/1515327A77B72426B2932390DFBE18E5.jpg,,,,,,2025-10-15T23:59:59+01:00,PROSPECTUS,13,1,
11816,5601970444310,5000.0,Navegante,"Vinho branco, região do alentejo, bag in the box",Embalagem de 5 l,8.24,1.65,5000,L,€/L,,,https://driveimg1.intermarche.com/pt/Content/images/boitmal/produit/zoom/55F12FECE890488F3CE6E9354AA972D6.jpg,,,,,,2025-10-15T23:59:59+01:00,PROSPECTUS,13,1,
15489,7613031884247,4000.0,Friskies,"Ração para gato adulto com vaca, frango, embalagem de 4kg",,10.79,2.7,0,kg,€/Kg,,,https://driveimg1.intermarche.com/pt/Content/images/boitmal/produit/zoom/AA74DE430E0D577781082E763F8D5C13.jpg,,,,,,2025-10-15T23:59:59+01:00,PROSPECTUS,13,1,
52600,5601217137951,1710.0,Quanto,"Amaciador roupa concentrado ouro e orquídea branca, 95 doses",,3.99,2.33,1710,L,€/L,,,https://driveimg1.intermarche.com/pt/Content/images/boitmal/produit/zoom/D5BBE20226E42754DBBAD723FC764C65.jpg,,,,,,2025-10-15T23:59:59+01:00,PROSPECTUS,13,1,
31516,8435257039107,1280.0,Nestlé,"Yoggi liquido morango, embalagem de 8x160g",,3.89,3.04,0,kg,€/Kg,,,https://driveimg1.intermarche.com/pt/Content/images/boitmal/produit/zoom/919C3780A665F064AD1803A3631A5911.jpg,,,,,,2025-10-15T23:59:59+01:00,PROSPECTUS,13,1,
6267,8016825926687,75.0,Aquafresh,Pasta dentífrica menta fresca,Embalagem de 75 ml,1.84,24.53,75,L,€/L,,,https://driveimg1.intermarche.com/pt/Content/images/boitmal/produit/zoom/5AF61545461116CEF40994D7E37A4C54.jpg,,,,,,2025-10-15T23:59:59+01:00,PROSPECTUS,13,1,
55312,3021761208204,360.0,Gogo,"Pack Saquetas de Fruta Maçã e Frutos Vermelhos, 4 x 90g",,1.92,5.33,0,kg,€/Kg,,,https://driveimg1.intermarche.com/pt/Content/images/boitmal/produit/zoom/66FA2FD0AEAE213271A8F30ABA7BE068.jpg,,,,,,2025-10-15T23:59:59+01:00,PROSPECTUS,13,1,
8415,8410500007836,600.0,Danone,"Actimel iogurte líquido tutti frutti, embalagem de 6 x 100g",,2.99,4.98,0,kg,€/Kg,,,https://driveimg1.intermarche.com/pt/Content/images/boitmal/produit/zoom/0712AE23BC1EFB6DA91FF7C37F68326A.jpg,,,,,,2025-10-15T23:59:59+01:00,PROSPECTUS,13,1,
2778,8410168399939,4000.0,Friskies,"Ração para gato adulto com coelho, embalagem de 4 kg",,10.79,2.7,0,kg,€/Kg,,,https://driveimg1.intermarche.com/pt/Content/images/boitmal/produit/zoom/48E426D2CA0EFD97E75332E6A0553A7B.jpg,,,,,,2025-10-15T23:59:59+01:00,PROSPECTUS,13,1,
12978,2892462000000,400.0,Legumes,Alface Frisada,1 un= 400 g (aprox.),0.68,1.69,0,,€/Kg,,,https://driveimg1.intermarche.com/pt/Content/images/boitmal/produit/zoom/11753DE36CD8D1B450ED5A40B08A088C.jpg,,,,,,2025-10-15T23:59:59+01:00,PROSPECTUS,13,1,
42864,5604260298280,750.0,Selecção de Enófilos,Espumante meio seco,Garrafa de 750 ml,3.14,4.19,750,L,€/L,,,https://driveimg1.intermarche.com/pt/Content/images/boitmal/produit/zoom/AB830930C23CDD2AF027FCDF3672C11A.jpg,,,,,,2025-10-15T23:59:59+01:00,PROSPECTUS,13,1,
15161,5604260274246,1000.0,PorSi,Cenouras Programa Origens,Embalagem de 1 kg,0.89,0.89,0,kg,€/Kg,,,https://driveimg1.intermarche.com/pt/Content/images/boitmal/produit/zoom/558C3AC1450C10C8B2395D06441C5423.jpg,,,,,,2025-10-15T23:59:59+01:00,PROSPECTUS,13,1,
13783,2892309000000,250.0,Fruta,Uva Branca,1 un = 250 gr  (aprox.),0.62,2.49,0,,€/Kg,,,https://driveimg1.intermarche.com/pt/Content/images/boitmal/produit/zoom/46D5C18E4CCEA1EBE0EC2064D73FB81C.jpg,,,,,,2025-10-15T23:59:59+01:00,PROSPECTUS,13,1,
12888,2892090000000,500.0,Fruta,Manga Avião,1 un=500 gr (aprox.),1.95,3.89,0,,€/Kg,,,https://driveimg1.intermarche.com/pt/Content/images/boitmal/produit/zoom/A3E5B8447376E0E91C2C4BB7B1444B76.jpg,https://driveimg1.intermarche.com/pt/Content/images/boitmal/produit/zoom/842EA0C904154D230A3A6F63A245D264.jpg,,,,,2025-10-15T23:59:59+01:00,PROSPECTUS,13,1,
13886,2891108000000,1000.0,Frango,Bife de Frango,Vendido ao peso a partir de 1 kg,8.99,8.99,0,,€/Kg,,,https://driveimg1.intermarche.com/pt/Content/images/boitmal/produit/zoom/519BDC237EE2CC43FB5B010D4FF5A15B.jpg,,,,,,2025-10-15T23:59:59+01:00,PROSPECTUS,13,1,
34877,5604260285464,1500.0,PorSi,Maçã royal gala categoria II Programa Origens,Embalagem de 1.5 kg,1.89,1.26,0,kg,€/Kg,,,https://driveimg1.intermarche.com/pt/Content/images/boitmal/produit/zoom/F091E3663EBAE6E7A8981702DFBCC609.jpg,,,,,,2025-10-15T23:59:59+01:00,PROSPECTUS,13,1,
11463,5601018001642,250.0,Gresso,"Manteiga com sal, embalagem de 250g",,2.14,8.56,0,kg,€/Kg,,,https://driveimg1.intermarche.com/pt/Content/images/boitmal/produit/zoom/3A5F1036925C0C6B8D6C067104A96CDE.jpg,https://driveimg1.intermarche.com/pt/Content/images/boitmal/produit/zoom/7AC5179CFF33BEA38B382077FB05A477.jpg,,,,,2025-10-15T23:59:59+01:00,PROSPECTUS,13,1,
251,2696001000000,400.0,Padaria,Baguete,400 g,0.79,1.98,0,kg,€/Kg,,,https://driveimg1.intermarche.com/pt/Content/images/boitmal/produit/zoom/42C2E126B9E5B84C243F0668DEC3869F.jpg,,,,,,2025-10-15T23:59:59+01:00,PROSPECTUS,13,1,
13814,2892558000000,250.0,Legumes,Feijão Verde,1 un = 250 gr  (aprox.),1.0,3.99,0,,€/Kg,,,https://driveimg1.intermarche.com/pt/Content/images/boitmal/produit/zoom/5688B97D5E073F1C8E51E2F8542D9EC1.jpg,,,,,,2025-10-15T23:59:59+01:00,PROSPECTUS,13,1,
18864,5604260280506,500.0,PorSi,Iogurte Tipo Grego Stracciatella 4X125G,,1.79,3.58,0,kg,€/Kg,,,https://driveimg1.intermarche.com/pt/Content/images/boitmal/produit/zoom/334F1D6FB360E4136373288319BA5409.jpg,,,,,,2025-10-15T23:59:59+01:00,PROSPECTUS,13,1,
37515,5604260294367,1000.0,PorSi,Arroz Agulha Europa 1000G,,1.19,1.19,0,kg,€/Kg,,,https://driveimg1.intermarche.com/pt/Content/images/boitmal/produit/zoom/3AE7BF941A236F6D331254BF58EBAFEF.jpg,,,,,,2025-10-15T23:59:59+01:00,PROSPECTUS,13,1,
43864,5604260310296,1500.0,PorSi,"Lima-Limão Zero 1,5L",,0.67,0.45,1500,L,€/L,,,https://driveimg1.intermarche.com/pt/Content/images/boitmal/produit/zoom/59A3DE48DE214FDE3CF11677F5E9C81B.jpg,,,,,,2025-10-15T23:59:59+01:00,PROSPECTUS,13,1,
12066,5604260194063,1000.0,Porsi Vivabem,Bebida De Soja 1L,,0.79,0.79,1000,L,€/L,,,https://driveimg1.intermarche.com/pt/Content/images/boitmal/produit/zoom/16537218BB43EA3E7F5AFCEAEC229452.jpg,,,,,,2025-10-15T23:59:59+01:00,PROSPECTUS,13,1,
13894,2891044000000,1000.0,Porco,Entremeada sem Entrecosto,Vendido ao peso a partir de 1 kg,4.49,4.49,0,,€/Kg,,,https://driveimg1.intermarche.com/pt/Content/images/boitmal/produit/zoom/033DDCE7C7F9A9CD99F0A4BEB2F74462.jpg,,,,,,2025-10-15T23:59:59+01:00,PROSPECTUS,13,1,
1730,5604260000319,250.0,PorSi,Massa Cuscus 250G,,0.48,1.92,0,kg,€/Kg,,,https://driveimg1.intermarche.com/pt/Content/images/boitmal/produit/zoom/46EBB016676D295FEB6BDF8AF4C79600.jpg,,,,,,2025-10-15T23:59:59+01:00,PROSPECTUS,13,1,
36272,5604260300723,414.0,PorSi,Maionese Top Down 414G,,1.68,4.06,0,kg,€/Kg,,,https://driveimg1.intermarche.com/pt/Content/images/boitmal/produit/zoom/8FCA627AE2DB4595C7AF33E2C707EA97.jpg,,,,,,2025-10-15T23:59:59+01:00,PROSPECTUS,13,1,
13821,2892597000000,200.0,Legumes,Tomate Cacho,1 un = 200 gr (aprox.),0.32,1.59,0,,€/Kg,,,https://driveimg1.intermarche.com/pt/Content/images/boitmal/produit/zoom/FD67F77AFAB450B6A4FA38E0279E6686.jpg,,,,,,2025-10-15T23:59:59+01:00,PROSPECTUS,13,1,
13892,2891041000000,1000.0,Porco,Costeletas do Lombo,Vendido ao peso a partir de 1 kg,4.39,4.39,0,,€/Kg,,,https://driveimg1.intermarche.com/pt/Content/images/boitmal/produit/zoom/589E4AFE71E19AF7FEB32FB0C0E176FF.jpg,,,,,,2025-10-15T23:59:59+01:00,PROSPECTUS,13,1,
13897,2891053000000,1000.0,Porco,Lombo sem Osso,Vendido ao peso a partir de 1 kg,4.99,4.99,0,,€/Kg,,,https://driveimg1.intermarche.com/pt/Content/images/boitmal/produit/zoom/415564DA70574ED3C1D7475F1F28BDB6.jpg,,,,,,2025-10-15T23:59:59+01:00,PROSPECTUS,13,1,
1726,5604260000272,250.0,PorSi,Massa Pevide 250G,,0.48,1.92,0,kg,€/Kg,,,https://driveimg1.intermarche.com/pt/Content/images/boitmal/produit/zoom/A4A2080D7D2A6FF3E0E1E1CA80D0F6AC.jpg,,,,,,2025-10-15T23:59:59+01:00,PROSPECTUS,13,1,
55263,8445291133372,220.0,Sical,"Café Moído Moagem Universal Tradição Int 11, 220g",,3.34,15.18,0,kg,€/Kg,,,https://driveimg1.intermarche.com/pt/Content/images/boitmal/produit/zoom/2C71B4BE8C62CE03863B42CCFD75F09E.jpg,,,,,,2025-10-15T23:59:59+01:00,PROSPECTUS,13,1,
9403,5604260042302,150.0,PorSi,Batatas Fritas Lisas Light 150G,,1.09,7.27,0,kg,€/Kg,,,https://driveimg1.intermarche.com/pt/Content/images/boitmal/produit/zoom/73A0C67508D9BE1C1394925C4F7C5FE3.jpg,,,,,,2025-10-15T23:59:59+01:00,PROSPECTUS,13,1,
959,5601019012418,1000.0,Guloso,Polpa de Tomate,Embalagem de 1 kg,1.79,1.79,0,kg,€/Kg,,,https://driveimg1.intermarche.com/pt/Content/images/boitmal/produit/zoom/3946132CDF77B4B5ABC4B3B587DC5572.jpg,,,,,,2025-10-15T23:59:59+01:00,PROSPECTUS,13,1,
15010,2892545000000,1000.0,Programa Origens,Couve Flor,1 un = 1 kg (aprox.),1.99,1.99,0,,€/Kg,,,https://driveimg1.intermarche.com/pt/Content/images/boitmal/produit/zoom/93AF9BD404AC9C131A6A0C88150C31D1.jpg,,,,,,2025-10-15T23:59:59+01:00,PROSPECTUS,13,1,
2779,8410180108038,185.0,Artiach,Bolachas infantil dinossauros,Embalagem de 190g,1.69,9.14,0,kg,€/Kg,,,https://driveimg1.intermarche.com/pt/Content/images/boitmal/produit/zoom/93FFBED3F451AE6676EBADF170E0F9AC.jpg,,,,,,2025-10-15T23:59:59+01:00,PROSPECTUS,13,1,
40925,8710522652138,240.0,Calvé,"Maionese top down, embalagem de 240g",,1.48,6.17,0,kg,€/Kg,,,https://driveimg1.intermarche.com/pt/Content/images/boitmal/produit/zoom/ECF2C8ABFC985CAC5B87AA78A2E96931.jpg,https://driveimg1.intermarche.com/pt/Content/images/boitmal/produit/zoom/8E23B17512BCD2C444A6228885CC4217.jpg,https://driveimg1.intermarche.com/pt/Content/images/boitmal/produit/zoom/8E23B17512BCD2C444A6228885CC4217.jpg,https://driveimg1.intermarche.com/pt/Content/images/boitmal/produit/zoom/8E23B17512BCD2C444A6228885CC4217.jpg,https://driveimg1.intermarche.com/pt/Content/images/boitmal/produit/zoom/8E23B17512BCD2C444A6228885CC4217.jpg,,2025-10-15T23:59:59+01:00,PROSPECTUS,13,1,
49463,8445290250322,600.0,Nestum,Flocos Cereais Mel,Embalagem de 600g,3.79,6.32,0,kg,€/Kg,,,https://driveimg1.intermarche.com/pt/Content/images/boitmal/produit/zoom/4A0A62606AC144021ED115E1FAB3D0CE.jpg,,,,,,2025-10-15T23:59:59+01:00,PROSPECTUS,13,1,
51094,5605378209106,500.0,Legumes,Cebola Doce,500 g,1.39,2.78,0,kg,€/Kg,,,https://driveimg1.intermarche.com/pt/Content/images/boitmal/produit/zoom/A3A195161818002B079AE373F23C98D9.jpg,,,,,,2025-10-15T23:59:59+01:00,PROSPECTUS,13,1,
56582,5604260337750,1000.0,PorSi,Brócolos 1Kg,,1.89,1.89,0,kg,€/Kg,,Tipo de stockagem,https://driveimg1.intermarche.com/pt/Content/images/boitmal/produit/zoom/9D5046E678518F31B4F861D9D4B728E2.jpg,,,,,,2025-10-15T23:59:59+01:00,PROSPECTUS,13,1,
980,5601024134488,750.0,Oliveira da Serra,Azeite virgem extra clássico,Embalagem de 750 ml,5.69,7.59,750,L,€/L,,,https://driveimg1.intermarche.com/pt/Content/images/boitmal/produit/zoom/01EF39EFE8396CC9ACA95DC25E9D3412.jpg,,,,,,2025-10-15T23:59:59+01:00,PROSPECTUS,13,1,
1189,5601119007987,250.0,Nobre,"Salsichas de porco, lata de 250g",,1.67,6.68,0,kg,€/Kg,,,https://driveimg1.intermarche.com/pt/Content/images/boitmal/produit/zoom/0B023C2ECBDBE7AB09A89A8810925D65.jpg,,,,,,2025-10-15T23:59:59+01:00,PROSPECTUS,13,1,
12943,2892087000000,1500.0,Fruta,Mamão,"1 un = 1,5 kg (aprox.)",5.84,3.89,0,,€/Kg,,,https://driveimg1.intermarche.com/pt/Content/images/boitmal/produit/zoom/E92859558CF3617793775ADAD1A11B14.jpg,,,,,,2025-10-15T23:59:59+01:00,PROSPECTUS,13,1,
14726,8711100080060,400.0,Maizena,"Farinha, embalagem de 400g",,1.64,4.1,0,kg,€/Kg,,,https://driveimg1.intermarche.com/pt/Content/images/boitmal/produit/zoom/510CA0D1320DDBD17C988D55861FD3B8.jpg,,,,,,2025-10-15T23:59:59+01:00,PROSPECTUS,13,1,
15060,2892453000000,1000.0,Programa Origens,Abóbora Butternut,1 un = 1 kg (aprox.),0.99,0.99,0,,€/Kg,,,https://driveimg1.intermarche.com/pt/Content/images/boitmal/produit/zoom/B52C2C8A1B11C26BA2F358A3355C1A17.jpg,,,,,,2025-10-15T23:59:59+01:00,PROSPECTUS,13,1,
15067,2892316000000,250.0,Fruta,Uva Preta,Vendido a partir de 250 gr,0.72,2.89,0,,€/Kg,,,https://driveimg1.intermarche.com/pt/Content/images/boitmal/produit/zoom/4F4795348FA586A8E3CABDD66C4FA2E8.jpg,,,,,,2025-10-15T23:59:59+01:00,PROSPECTUS,13,1,
15245,2696042000000,400.0,Garcia & Filhos,Pão Forno Pedra Centeio,1 un = 400 g (aprox.),0.99,2.48,0,kg,€/Kg,,,https://driveimg1.intermarche.com/pt/Content/images/boitmal/produit/zoom/6D616B226A0E2D6B7496AEBEF79D3344.jpg,,,,,,2025-10-15T23:59:59+01:00,PROSPECTUS,13,1,
17402,8412600027233,700.0,Bimbo,Pão forma familiar normal,embalagem de 700 g,1.99,2.84,0,kg,€/Kg,,,https://driveimg1.intermarche.com/pt/Content/images/boitmal/produit/zoom/BD26753EF23D0DF0FDC14FCDC181B902.jpg,,,,,,2025-10-15T23:59:59+01:00,PROSPECTUS,13,1,
1966,5604260061563,210.0,PorSi,Wafer Chocolate 210G,,1.17,5.57,0,kg,€/Kg,,,https://driveimg1.intermarche.com/pt/Content/images/boitmal/produit/zoom/E154175D8E403083CFB63244310CB908.jpg,,,,,,2025-10-15T23:59:59+01:00,PROSPECTUS,13,1,
2249,5604260267682,500.0,Kingsbräu,"Cerveja Lata 0,5L",,0.62,1.24,500,L,€/L,,,https://driveimg1.intermarche.com/pt/Content/images/boitmal/produit/zoom/FC48C06C2E921680338523A8F8F52E6A.jpg,,,,,,2025-10-15T23:59:59+01:00,PROSPECTUS,13,1,
27374,5604260282494,420.0,PorSi,Chouriço Com Feijão 420G,,2.29,5.45,0,kg,€/Kg,,,https://driveimg1.intermarche.com/pt/Content/images/boitmal/produit/zoom/3AC459F03DDB54EB14C623907CB3D91B.jpg,,,,,,2025-10-15T23:59:59+01:00,PROSPECTUS,13,1,
35559,5601151973738,3500.0,Pepsi,"Refrigerante com gás max zero, pack de 2 x 1.75 l",,2.7,0.77,3500,L,€/L,,,https://driveimg1.intermarche.com/pt/Content/images/boitmal/produit/zoom/698445C2558FCB105ECA616759C001D7.jpg,,,,,,2025-10-15T23:59:59+01:00,PROSPECTUS,13,1,
405,8712566410910,275.0,Calvé,"Ketchup, embalagem de 275g",,1.48,5.38,0,kg,€/Kg,,,https://driveimg1.intermarche.com/pt/Content/images/boitmal/produit/zoom/9E63EED4B27A252289B8979C188F5B40.jpg,https://driveimg1.intermarche.com/pt/Content/images/boitmal/produit/zoom/0D7B165FF00CA45BD8F6AC077E3CA1EC.jpg,https://driveimg1.intermarche.com/pt/Content/images/boitmal/produit/zoom/0D7B165FF00CA45BD8F6AC077E3CA1EC.jpg,https://driveimg1.intermarche.com/pt/Content/images/boitmal/produit/zoom/0D7B165FF00CA45BD8F6AC077E3CA1EC.jpg,,,2025-10-15T23:59:59+01:00,PROSPECTUS,13,1,
42576,5604260304615,200.0,PorSi,Molho Bechamel 200Ml,,0.89,4.45,200,L,€/L,,,https://driveimg1.intermarche.com/pt/Content/images/boitmal/produit/zoom/6EB95311E9A7982125D3313FC46AEA69.jpg,https://driveimg1.intermarche.com/pt/Content/images/boitmal/produit/zoom/873E688259483F162720EC00DE7C700F.jpg,https://driveimg1.intermarche.com/pt/Content/images/boitmal/produit/zoom/873E688259483F162720EC00DE7C700F.jpg,https://driveimg1.intermarche.com/pt/Content/images/boitmal/produit/zoom/873E688259483F162720EC00DE7C700F.jpg,https://driveimg1.intermarche.com/pt/Content/images/boitmal/produit/zoom/873E688259483F162720EC00DE7C700F.jpg,,2025-10-15T23:59:59+01:00,PROSPECTUS,13,1,
43646,8710847961182,360.0,Linic,"Champô para homem anti caspa controlo de oleosidade, embalagem de 360 ml",,4.94,13.72,360,L,€/L,,,https://driveimg1.intermarche.com/pt/Content/images/boitmal/produit/zoom/4EC0FE1518ACC7EF03C938B6AC4530E4.jpg,,,,,,2025-10-15T23:59:59+01:00,PROSPECTUS,13,1,
43847,5604260303601,2000.0,PorSi,Sal Para Máquina De Lavar Loiça 2Kg,,0.79,0.4,0,kg,€/Kg,,,https://driveimg1.intermarche.com/pt/Content/images/boitmal/produit/zoom/D82E0D3BEDB9300391E79B76131FD377.jpg,https://driveimg1.intermarche.com/pt/Content/images/boitmal/produit/zoom/B794A5967EB64687E479EB017EFD747A.jpg,,,,,2025-10-15T23:59:59+01:00,PROSPECTUS,13,1,
46162,3083681106480,400.0,Bonduelle,"Salteado parisino, embalagem de 400g",,2.59,6.48,0,kg,€/Kg,,Tipo de stockagem,https://driveimg1.intermarche.com/pt/Content/images/boitmal/produit/zoom/4DE85AF2C08839F22568D1C815770BA6.jpg,,,,,,2025-10-15T23:59:59+01:00,PROSPECTUS,13,1,
46352,5604260315178,600.0,PorSi,Iogurte Líquido Infantil Morango 6X100G,,1.09,1.82,0,kg,€/Kg,,,https://driveimg1.intermarche.com/pt/Content/images/boitmal/produit/zoom/C930411C42FFDB4DA77093EFBEF21604.jpg,,,,,,2025-10-15T23:59:59+01:00,PROSPECTUS,13,1,
991,5601029004090,120.0,Bom Petisco,"Atum posta em azeite, embalagem de 120g",,1.66,13.83,0,kg,€/Kg,,,https://driveimg1.intermarche.com/pt/Content/images/boitmal/produit/zoom/7303762D9C0618FC9C75C481CF52C5DB.jpg,,,,,,2025-10-15T23:59:59+01:00,PROSPECTUS,13,1,
1010,5601038300091,240.0,Knorr,"Caldo de galinha 24 cubos, embalagem de 240g",,2.49,10.38,0,kg,€/Kg,,,https://driveimg1.intermarche.com/pt/Content/images/boitmal/produit/zoom/4E25834255892D5C9C1047A286FE9847.jpg,,,,,,2025-10-15T23:59:59+01:00,PROSPECTUS,13,1,
10910,3250390010586,250.0,Páturages,Queijo camembert 45% mg,Embalagem de 250 g,1.99,7.96,0,kg,€/Kg,,,https://driveimg1.intermarche.com/pt/Content/images/boitmal/produit/zoom/7C9F5B55F7320E544E58C79F8FBB96B2.jpg,,,,,,2025-10-15T23:59:59+01:00,PROSPECTUS,13,1,
11650,5601192201104,200.0,Agros,Nata uht 200 ml,,0.89,4.45,200,L,€/L,,,https://driveimg1.intermarche.com/pt/Content/images/boitmal/produit/zoom/478AC7EFE77B8590BBD8EF6C88C17807.jpg,,,,,,2025-10-15T23:59:59+01:00,PROSPECTUS,13,1,
13839,2891006000000,800.0,Novilho,Bife da Pá,Vendido ao peso a partir de 800 g,9.59,11.99,0,,€/Kg,,,https://driveimg1.intermarche.com/pt/Content/images/boitmal/produit/zoom/5626B1315F40E59D057B37FBCA18064B.jpg,,,,,,2025-10-15T23:59:59+01:00,PROSPECTUS,13,1,
1467,5601286236784,500.0,Milaneza,"Massa de espirais, embalagem de 500g",,1.04,2.08,0,kg,€/Kg,,,https://driveimg1.intermarche.com/pt/Content/images/boitmal/produit/zoom/90F3AD9985391E2BB3C76374F1217643.jpg,,,,,,2025-10-15T23:59:59+01:00,PROSPECTUS,13,1,
1468,5601286250780,500.0,Milaneza,"Massa maçarronete riscado, embalagem de 500g",,1.04,2.08,0,kg,€/Kg,,,https://driveimg1.intermarche.com/pt/Content/images/boitmal/produit/zoom/BA4109E5185276DFC6B9D6597899335A.jpg,,,,,,2025-10-15T23:59:59+01:00,PROSPECTUS,13,1,
17896,5601082053523,220.0,Delta,Café moagem universal portugal,Embalagem de 220g,3.59,16.32,0,kg,€/Kg,,,https://driveimg1.intermarche.com/pt/Content/images/boitmal/produit/zoom/8DECD8723F3B1FF05BE365D14A112688.jpg,,,,,,2025-10-15T23:59:59+01:00,PROSPECTUS,13,1,
19162,5604260276806,500.0,PorSi,Iogurte Tipo Grego Natural Açucarado 4X125G,,1.65,3.3,0,kg,€/Kg,,,https://driveimg1.intermarche.com/pt/Content/images/boitmal/produit/zoom/49BC1F6A4C2D86DE972031A4D090566C.jpg,,,,,,2025-10-15T23:59:59+01:00,PROSPECTUS,13,1,
19415,5601028019798,,Renova,"Rolo de cozinha design xxl, 3 rolos",,1.99,1.99,3,,€/Unidade,,,https://driveimg1.intermarche.com/pt/Content/images/boitmal/produit/zoom/9A25E60B9B6B556C2D19CB0AC3EE543B.jpg,,,,,,2025-10-15T23:59:59+01:00,PROSPECTUS,13,1,
19940,7613035619456,300.0,Nestlé,Granola aveia fitness mel,Embalagem de 300g,3.29,10.97,0,kg,€/Kg,,,https://driveimg1.intermarche.com/pt/Content/images/boitmal/produit/zoom/EAEAF515FE565B8F35270BCD3427077E.jpg,,,,,,2025-10-15T23:59:59+01:00,PROSPECTUS,13,1,
2282,5604260270125,420.0,PorSi,Feijoada 420G,,2.49,5.93,0,kg,€/Kg,,,https://driveimg1.intermarche.com/pt/Content/images/boitmal/produit/zoom/1550146A03450A86199E288248628A63.jpg,,,,,,2025-10-15T23:59:59+01:00,PROSPECTUS,13,1,
2283,5604260270132,420.0,PorSi,Feijão Com Dobrada 420G,,2.29,5.45,0,kg,€/Kg,,,https://driveimg1.intermarche.com/pt/Content/images/boitmal/produit/zoom/5A7A5CA29F40C916CF24C89F371261F1.jpg,,,,,,2025-10-15T23:59:59+01:00,PROSPECTUS,13,1,
24393,5601028000352,,Renova,Guardanapos Red Label 1 folha |Branco,Dim: 30x32cm |70 unidades,0.65,0.65,0,,€/Unidade,,,https://driveimg1.intermarche.com/pt/Content/images/boitmal/produit/zoom/8EB475C9EAB7F71BAD24D03BE60490C5.jpg,,,,,,2025-10-15T23:59:59+01:00,PROSPECTUS,13,1,
36924,5604260296651,1500.0,PorSi,"Lima-Limão 1,5L",,0.74,0.49,1500,L,€/L,,,https://driveimg1.intermarche.com/pt/Content/images/boitmal/produit/zoom/2A1424B586D4DC563639874DB1FA87A8.jpg,,,,,,2025-10-15T23:59:59+01:00,PROSPECTUS,13,1,
40347,8410076471604,350.0,Old El Paso,"6 tortilhas de trigo wrap, embalagem de 350g",,2.69,7.69,0,kg,€/Kg,,,https://driveimg1.intermarche.com/pt/Content/images/boitmal/produit/zoom/1EB2056E778DEB67B0CA58563B07CF9B.jpg,,,,,,2025-10-15T23:59:59+01:00,PROSPECTUS,13,1,
40788,5604260303700,,PorSi,"Amaciador roupa concentrado lírios e morango, 60 doses",,2.19,2.19,0,,€/Unidade,,,https://driveimg1.intermarche.com/pt/Content/images/boitmal/produit/zoom/F0388E5FB215AA074292F8ECB3246921.jpg,,,,,,2025-10-15T23:59:59+01:00,PROSPECTUS,13,1,
42019,5604260306398,500.0,PorSi,Iogurte Tipo Grego Maracujá 4X125G,,1.65,3.3,0,kg,€/Kg,,,https://driveimg1.intermarche.com/pt/Content/images/boitmal/produit/zoom/0161BD1FBB39AF016EB0BBE025FEDDC9.jpg,,,,,,2025-10-15T23:59:59+01:00,PROSPECTUS,13,1,
44258,5410126716016,250.0,Lotus,"Bolachas biscoff, embalagem de 250g",,1.89,7.56,0,kg,€/Kg,,,https://driveimg1.intermarche.com/pt/Content/images/boitmal/produit/zoom/991677C76CFA3916388F6515CFE95FE5.jpg,,,,,,2025-10-15T23:59:59+01:00,PROSPECTUS,13,1,
44645,8710604741859,36.0,Knorr,"Esparguete à carbonara 1, 2, 3...sabor!, embalagem de 36g",,1.19,33.06,0,kg,€/Kg,,,https://driveimg1.intermarche.com/pt/Content/images/boitmal/produit/zoom/3A9ADB7151712EC69C622800C5116043.jpg,,,,,,2025-10-15T23:59:59+01:00,PROSPECTUS,13,1,
45715,5604260310722,150.0,PorSi,Bolacha Com Cobertura Chocolate De Leite 150G,,1.99,13.27,0,kg,€/Kg,,,https://driveimg1.intermarche.com/pt/Content/images/boitmal/produit/zoom/316BF2EFAABDC61698C845DF2D1BBE17.jpg,,,,,,2025-10-15T23:59:59+01:00,PROSPECTUS,13,1,
46475,5604260315536,1200.0,PorSi,"Alimento Humido Cão Almondega Vaca 1,2Kg",,1.69,1.41,0,kg,€/Kg,,,https://driveimg1.intermarche.com/pt/Content/images/boitmal/produit/zoom/0F4118D57B1D9BD4E229C42E351F365D.jpg,,,,,,2025-10-15T23:59:59+01:00,PROSPECTUS,13,1,
47635,8412600018316,300.0,Bimbo,Bimbo® bagels clássico 4 un.,Embalagem de 300g,2.34,7.8,0,kg,€/Kg,,,https://driveimg1.intermarche.com/pt/Content/images/boitmal/produit/zoom/A909D7B45AB188586A83F78F8C44D74E.jpg,,,,,,2025-10-15T23:59:59+01:00,PROSPECTUS,13,1,
4785,5000396036138,218.0,McVities,"Bolachas fruit & forma, maçã e canela, embalagem de 220g",,1.99,9.13,0,kg,€/Kg,,,https://driveimg1.intermarche.com/pt/Content/images/boitmal/produit/zoom/4769CC9B7DCE0DA17354265C7FF7343C.jpg,,,,,,2025-10-15T23:59:59+01:00,PROSPECTUS,13,1,
48011,5603722520068,800.0,Agros,"Leite com chocolate meio gordo sem lactose, 4 x 200 ml",,1.99,2.49,800,L,€/L,,,https://driveimg1.intermarche.com/pt/Content/images/boitmal/produit/zoom/534AAD13A7F896FDBA98EB7001B680B9.jpg,,,,,,2025-10-15T23:59:59+01:00,PROSPECTUS,13,1,
49767,5601151969106,1000.0,Frize,"Água com gás ananás, pack 4 x 0.25 l",,2.09,2.09,1000,L,€/L,,,https://driveimg1.intermarche.com/pt/Content/images/boitmal/produit/zoom/894FBD4D289713EED7DB570E33675A74.jpg,,,,,,2025-10-15T23:59:59+01:00,PROSPECTUS,13,1,
49831,8445290157348,390.0,Nesquik,"Achocolatado em pó, embalagem de 390g",,3.49,8.95,0,kg,€/Kg,,,https://driveimg1.intermarche.com/pt/Content/images/boitmal/produit/zoom/1C8D0ADDD419DD646B2CF36E18D3378F.jpg,,,,,,2025-10-15T23:59:59+01:00,PROSPECTUS,13,1,
53361,5029053580753,,Scottex,Papel Higienico Sensitive 18 rolos,,5.99,5.99,0,,€/Unidade,,,https://driveimg1.intermarche.com/pt/Content/images/boitmal/produit/zoom/9968833B676A4DAAFF241D4D3185820C.jpg,https://driveimg1.intermarche.com/pt/Content/images/boitmal/produit/zoom/449A7C060AED192A33CF62B9797621C7.jpg,https://driveimg1.intermarche.com/pt/Content/images/boitmal/produit/zoom/449A7C060AED192A33CF62B9797621C7.jpg,https://driveimg1.intermarche.com/pt/Content/images/boitmal/produit/zoom/449A7C060AED192A33CF62B9797621C7.jpg,https://driveimg1.intermarche.com/pt/Content/images/boitmal/produit/zoom/449A7C060AED192A33CF62B9797621C7.jpg,https://driveimg1.intermarche.com/pt/Content/images/boitmal/produit/zoom/449A7C060AED192A33CF62B9797621C7.jpg,2025-10-15T23:59:59+01:00,PROSPECTUS,13,1,
54448,8710522323007,400.0,Tresemmé,"Champô liso keratina smooth, 400ml",,3.79,9.48,400,L,€/L,,,https://driveimg1.intermarche.com/pt/Content/images/boitmal/produit/zoom/A0CFCB6F402225ED49AAA65602D62346.jpg,,,,,,2025-10-15T23:59:59+01:00,PROSPECTUS,13,1,
55018,5601027117303,430.0,Bimbo,"Pão de forma com Côdea, 430g",,1.74,4.05,0,kg,€/Kg,,,https://driveimg1.intermarche.com/pt/Content/images/boitmal/produit/zoom/8757FB8F05D49E0A715282DD0C0165A7.jpg,https://driveimg1.intermarche.com/pt/Content/images/boitmal/produit/zoom/4C17DB6C614697DA1B5FB0CE80A911CD.jpg,https://driveimg1.intermarche.com/pt/Content/images/boitmal/produit/zoom/4C17DB6C614697DA1B5FB0CE80A911CD.jpg,,,,2025-10-15T23:59:59+01:00,PROSPECTUS,13,1,
56253,5604260337460,150.0,PorSi,Batatas Fritas Onduladas Com Sabor A Mel E Mostarda 150G,,1.49,9.93,0,kg,€/Kg,,,https://driveimg1.intermarche.com/pt/Content/images/boitmal/produit/zoom/C6C0BCC7F09323B008FD6E4D3A34617D.jpg,,,,,,2025-10-15T23:59:59+01:00,PROSPECTUS,13,1,
56389,5604260336432,200.0,PorSi,Peito Peru Fatiado 200G,,2.49,12.45,0,kg,€/Kg,,,https://driveimg1.intermarche.com/pt/Content/images/boitmal/produit/zoom/6BCF748A310349772B1D8A2B94DD82B0.jpg,,,,,,2025-10-15T23:59:59+01:00,PROSPECTUS,13,1,
5966,5604260272792,5000.0,PorSi,Lixívia Perfumada  5L,,1.99,0.4,5000,L,€/L,,,https://driveimg1.intermarche.com/pt/Content/images/boitmal/produit/zoom/2B3492AFD036B535D5871D4B50DFD280.jpg,,,,,,2025-10-15T23:59:59+01:00,PROSPECTUS,13,1,
8396,5601049614330,250.0,Milhafre,"Manteiga com sal, embalagem de 250g",,2.49,9.96,0,kg,€/Kg,,,https://driveimg1.intermarche.com/pt/Content/images/boitmal/produit/zoom/8DCB9F2F3B36086D35B7173891ABA268.jpg,,,,,,2025-10-15T23:59:59+01:00,PROSPECTUS,13,1,
882,5410041001204,100.0,Tuc,"Bolachas aperitivas, simples, embalagem de 100g",,0.99,9.9,0,kg,€/Kg,,,https://driveimg1.intermarche.com/pt/Content/images/boitmal/produit/zoom/DB0E5412E4B7AABA821CD2AF0DA3E461.jpg,,,,,,2025-10-15T23:59:59+01:00,PROSPECTUS,13,1,
951,5601010131217,120.0,Ramirez,"Atum posta em óleo, embalagem de 120g",,1.98,16.5,0,kg,€/Kg,,,https://driveimg1.intermarche.com/pt/Content/images/boitmal/produit/zoom/A9FA65BDF4D5D30164F11C66D8B5677D.jpg,,,,,,2025-10-15T23:59:59+01:00,PROSPECTUS,13,1,
957,5601019012135,210.0,Guloso,Polpa de tomate,Embalagem de 210g,0.59,2.81,0,kg,€/Kg,,,https://driveimg1.intermarche.com/pt/Content/images/boitmal/produit/zoom/84073905ED6F4B7EB83344289811A248.jpg,,,,,,2025-10-15T23:59:59+01:00,PROSPECTUS,13,1,
10463,5604260324163,250.0,PorSi,Gel Intimo,Embalagem de 250 ml,1.79,7.16,250,L,€/L,,,https://driveimg1.intermarche.com/pt/Content/images/boitmal/produit/zoom/B588051D80FCE942C70A87697EAC487E.jpg,,,,,,2025-10-15T23:59:59+01:00,PROSPECTUS,13,1,
11744,5601385503367,,Aquafresh,Escova de Dentes Júnior,1 unidade,2.46,2.46,0,,€/Unidade,,,https://driveimg1.intermarche.com/pt/Content/images/boitmal/produit/zoom/E21B5A9C6DF80B154353F4559B6F4F4D.jpg,,,,,,2025-10-15T23:59:59+01:00,PROSPECTUS,13,2,
11942,5603533492202,1000.0,Frize,"Água com gás groselha, pack 4 x 0.25 l",,2.09,2.09,1000,L,€/L,,,https://driveimg1.intermarche.com/pt/Content/images/boitmal/produit/zoom/9F272D120CD1620A52E8FDFD1398797A.jpg,,,,,,2025-10-15T23:59:59+01:00,PROSPECTUS,13,2,
12109,5604260266623,315.0,PorSi,Croissants Recheados Cacau E Avelã,,1.57,4.98,0,kg,€/Kg,,,https://driveimg1.intermarche.com/pt/Content/images/boitmal/produit/zoom/214A50F57E12C1081CB4314DCEE96F82.jpg,,,,,,2025-10-15T23:59:59+01:00,PROSPECTUS,13,2,
1218,5601126039148,1000.0,Sical,"Café 5 estrelas grão, embalagem de 1 kg",,15.39,15.39,0,kg,€/Kg,,,https://driveimg1.intermarche.com/pt/Content/images/boitmal/produit/zoom/F30913D07FB49FD462FB35C8623DC586.jpg,https://driveimg1.intermarche.com/pt/Content/images/boitmal/produit/zoom/352FFCFAE868D5178905BD9725C43B6E.jpg,,,,,2025-10-15T23:59:59+01:00,PROSPECTUS,13,2,
13094,2893070000000,150.0,Peixaria,Carapau Médio Fresco,1 un = 150 gr (aprox.),0.52,3.49,0,,€/Kg,,,https://driveimg1.intermarche.com/pt/Content/images/boitmal/produit/zoom/9E2B2401113767EAD496436587CA5A46.jpg,,,,,,2025-10-15T23:59:59+01:00,PROSPECTUS,13,2,
1331,5601165006255,259.0,Calvé,"Molho de alho, embalagem de 260g",,1.94,7.49,0,kg,€/Kg,,,https://driveimg1.intermarche.com/pt/Content/images/boitmal/produit/zoom/250292652676F63A9916D46B501BCEC4.jpg,https://driveimg1.intermarche.com/pt/Content/images/boitmal/produit/zoom/5F13F0DF96776682A865C5AC21E8DB42.jpg,https://driveimg1.intermarche.com/pt/Content/images/boitmal/produit/zoom/5F13F0DF96776682A865C5AC21E8DB42.jpg,https://driveimg1.intermarche.com/pt/Content/images/boitmal/produit/zoom/5F13F0DF96776682A865C5AC21E8DB42.jpg,https://driveimg1.intermarche.com/pt/Content/images/boitmal/produit/zoom/5F13F0DF96776682A865C5AC21E8DB42.jpg,,2025-10-15T23:59:59+01:00,PROSPECTUS,13,2,
14195,5604260271115,270.0,PorSi,Iogurte Cremoso Sob Camada Amora E Mirtilo 2X135G,,1.19,4.41,0,kg,€/Kg,,,https://driveimg1.intermarche.com/pt/Content/images/boitmal/produit/zoom/4B3E7A48E8D8E096D92C89C4D9CBDBB5.jpg,,,,,,2025-10-15T23:59:59+01:00,PROSPECTUS,13,2,
14372,8712100599392,550.0,Calvé,"Ketchup top down, embalagem de 550g",,2.59,4.71,0,kg,€/Kg,,,https://driveimg1.intermarche.com/pt/Content/images/boitmal/produit/zoom/6D3218F33B22BC3205033BC41E176600.jpg,https://driveimg1.intermarche.com/pt/Content/images/boitmal/produit/zoom/FE7F103C359D2D1FD7BF3FDC8DD381BA.jpg,https://driveimg1.intermarche.com/pt/Content/images/boitmal/produit/zoom/FE7F103C359D2D1FD7BF3FDC8DD381BA.jpg,https://driveimg1.intermarche.com/pt/Content/images/boitmal/produit/zoom/FE7F103C359D2D1FD7BF3FDC8DD381BA.jpg,,,2025-10-15T23:59:59+01:00,PROSPECTUS,13,2,
15353,5604260270767,800.0,PorSi,Tentaculos Pota 800G,,5.99,7.49,0,kg,€/Kg,,Tipo de stockagem,https://driveimg1.intermarche.com/pt/Content/images/boitmal/produit/zoom/49398B6B79D4038703598D2AD5AB070C.jpg,,,,,,2025-10-15T23:59:59+01:00,PROSPECTUS,13,2,
15398,5604260278039,1500.0,PorSi,Amaciador  p/ roupa concentrado Aromaterapia,Embalagem com 60 doses,2.19,1.46,1500,L,€/L,,,https://driveimg1.intermarche.com/pt/Content/images/boitmal/produit/zoom/A34CA50BD5140F3567823C4B325B98EF.jpg,,,,,,2025-10-15T23:59:59+01:00,PROSPECTUS,13,2,
16072,2696083000000,62.0,Panpor,Carcaça de Cereais,,0.29,4.68,0,kg,€/Kg,,,https://driveimg1.intermarche.com/pt/Content/images/boitmal/produit/zoom/64BBBB65E56708FCB9DD0C80C78538ED.jpg,,,,,,2025-10-15T23:59:59+01:00,PROSPECTUS,13,2,
16695,7622210480002,154.0,Oreo,Bolacha golden,Embalagem de 154 g,1.49,9.68,0,kg,€/Kg,,,https://driveimg1.intermarche.com/pt/Content/images/boitmal/produit/zoom/838CC6F368FD2767C7E228B5A889ABC3.jpg,,,,,,2025-10-15T23:59:59+01:00,PROSPECTUS,13,2,
1677,5602711001311,1000.0,Rar,"Açúcar granulado embalado em papel, 1kg",,1.09,1.09,0,kg,€/Kg,,,https://driveimg1.intermarche.com/pt/Content/images/boitmal/produit/zoom/B32F457E1AFE2BD9F726B62129876B87.jpg,,,,,,2025-10-15T23:59:59+01:00,PROSPECTUS,13,2,
1680,5602711001625,1000.0,Rar,"Açúcar areado amarelo, embalagem de 1kg",,1.39,1.39,0,kg,€/Kg,,,https://driveimg1.intermarche.com/pt/Content/images/boitmal/produit/zoom/939DA938A8E29956A82E9882A2E704A7.jpg,,,,,,2025-10-15T23:59:59+01:00,PROSPECTUS,13,2,
1684,5602711107495,500.0,Rar,"Açúcar mascavado claro, embalagem de 500g",,1.69,3.38,0,kg,€/Kg,,,https://driveimg1.intermarche.com/pt/Content/images/boitmal/produit/zoom/399202B3EC363C102FC9F508496AC3C9.jpg,,,,,,2025-10-15T23:59:59+01:00,PROSPECTUS,13,2,
17115,5000116110155,640.0,Capitão Iglo,8 hamburguers s/ glúten vaca,Embalagem de 640g,7.99,12.48,0,kg,€/Kg,,Tipo de stockagem,https://driveimg1.intermarche.com/pt/Content/images/boitmal/produit/zoom/6FAFE9FC4DDEB6CE7DCD2D721BE41E81.jpg,,,,,,2025-10-15T23:59:59+01:00,PROSPECTUS,13,2,
17150,8436048440416,120.0,Artiach,"Bolacha infantil dinossaurus mini chocolate, 120g",,1.09,9.08,0,kg,€/Kg,,,https://driveimg1.intermarche.com/pt/Content/images/boitmal/produit/zoom/46F94A7518C844EE70B5292A81BC29E5.jpg,,,,,,2025-10-15T23:59:59+01:00,PROSPECTUS,13,2,
17244,5604260278985,270.0,PorSi,Iogurte Cremoso Sob Camada Pêssego 2X135G,,1.19,4.41,0,kg,€/Kg,,,https://driveimg1.intermarche.com/pt/Content/images/boitmal/produit/zoom/8442F6F00AC2C6059F58275837D337CE.jpg,,,,,,2025-10-15T23:59:59+01:00,PROSPECTUS,13,2,
1725,5604260000265,250.0,PorSi,Massa Bagos 250G,,0.48,1.92,0,kg,€/Kg,,,https://driveimg1.intermarche.com/pt/Content/images/boitmal/produit/zoom/974FF28C753808191257D3DE1EC63B00.jpg,,,,,,2025-10-15T23:59:59+01:00,PROSPECTUS,13,2,
1774,5604260277841,150.0,PorSi,Mousse Chocolate 150G,,1.29,8.6,0,kg,€/Kg,,,https://driveimg1.intermarche.com/pt/Content/images/boitmal/produit/zoom/F0AAE53446AC7A465E1EFC7BE71F14A0.jpg,,,,,,2025-10-15T23:59:59+01:00,PROSPECTUS,13,2,
17900,8001480023277,700.0,Neoblanc,"Lixívia Spray Mousse Flor, 700ml",,2.99,4.27,700,L,€/L,,,https://driveimg1.intermarche.com/pt/Content/images/boitmal/produit/zoom/4C9540C630C990410131B89E1C2C75B8.jpg,,,,,,2025-10-15T23:59:59+01:00,PROSPECTUS,13,2,
19163,5604260278121,500.0,PorSi,Iogurte Tipo Grego Morango 4X125G,,1.65,3.3,0,kg,€/Kg,,,https://driveimg1.intermarche.com/pt/Content/images/boitmal/produit/zoom/C740D54E6D0772F5BD1CC74142029BCA.jpg,,,,,,2025-10-15T23:59:59+01:00,PROSPECTUS,13,2,
1950,5604260056965,200.0,PorSi,Tempero Para Frangos 200G,,0.85,4.25,0,kg,€/Kg,,,https://driveimg1.intermarche.com/pt/Content/images/boitmal/produit/zoom/056F4091DCD6823450DFFFC8CEF14C7B.jpg,,,,,,2025-10-15T23:59:59+01:00,PROSPECTUS,13,2,
20988,5601260593605,67.0,Cigala,"Noodle banzai galinha, embalagem de 70g",,1.09,16.27,0,kg,€/Kg,,,https://driveimg1.intermarche.com/pt/Content/images/boitmal/produit/zoom/71C67AA9B3CABECA513D8BECB737982E.jpg,,,,,,2025-10-15T23:59:59+01:00,PROSPECTUS,13,2,
21753,5601164401204,1200.0,Super Bock,"Cerveja com álcool stout, pack 6 x 200 ml",,2.99,2.49,1200,L,€/L,,,https://driveimg1.intermarche.com/pt/Content/images/boitmal/produit/zoom/4C522823BAA8700A96EF3687CD7F087F.jpg,,,,,,2025-10-15T23:59:59+01:00,PROSPECTUS,13,2,
22307,5601019012647,390.0,Guloso,"Tomate em pedaços, embalagem de 390g",,1.44,3.69,0,kg,€/Kg,,,https://driveimg1.intermarche.com/pt/Content/images/boitmal/produit/zoom/5ED4DE98BAC903A7106FCD013B7A79FA.jpg,,,,,,2025-10-15T23:59:59+01:00,PROSPECTUS,13,2,
2284,5604260270149,420.0,PorSi,Sopa Da Pedra 420G,,2.49,5.93,0,kg,€/Kg,,,https://driveimg1.intermarche.com/pt/Content/images/boitmal/produit/zoom/CB9894F734B4425346A1B5459E2E05C4.jpg,,,,,,2025-10-15T23:59:59+01:00,PROSPECTUS,13,2,
2285,5604260270156,420.0,PorSi,Chispalhada 420G,,2.29,5.45,0,kg,€/Kg,,,https://driveimg1.intermarche.com/pt/Content/images/boitmal/produit/zoom/F03072B8C900736917AF65FFF1C2DF00.jpg,,,,,,2025-10-15T23:59:59+01:00,PROSPECTUS,13,2,
22953,8411660670236,750.0,Sanytol,Desinfetante Multiusos,Embalagem de 750 ml,2.49,3.32,750,L,€/L,,,https://driveimg1.intermarche.com/pt/Content/images/boitmal/produit/zoom/1EEAA97664C33C6BEBEA4FA4B7290F03.jpg,,,,,,2025-10-15T23:59:59+01:00,PROSPECTUS,13,2,
26091,7613036115575,550.0,Nestlé,Cereais estrelitas,Embalagem de 550g,2.49,4.53,0,kg,€/Kg,,,https://driveimg1.intermarche.com/pt/Content/images/boitmal/produit/zoom/90505B63FB20AF187537F3B46DDB9B86.jpg,,,,,,2025-10-15T23:59:59+01:00,PROSPECTUS,13,2,
26596,8711000357484,,LOr,"Café forza intensidade 9, 10 cápsulas",,3.64,3.64,10,,€/Unidade,,,https://driveimg1.intermarche.com/pt/Content/images/boitmal/produit/zoom/5ACC49F694F43D6040AB862115E73E50.jpg,,,,,,2025-10-15T23:59:59+01:00,PROSPECTUS,13,2,
2785,5601363013222,150.0,Ruffles,"Batata frita presunto, embalagem de 150 g",,1.39,9.27,0,kg,€/Kg,,,https://driveimg1.intermarche.com/pt/Content/images/boitmal/produit/zoom/7C1F8A2720963F6F12F5A2EE9BFB27BF.jpg,,,,,,2025-10-15T23:59:59+01:00,PROSPECTUS,13,2,
2808,8410376023831,400.0,Gullón,"Bolacha diet nature sem açúcar, embalagem de 400g",,2.09,5.23,0,kg,€/Kg,,,https://driveimg1.intermarche.com/pt/Content/images/boitmal/produit/zoom/C70E8A1FCA61987FBDB51B519004AB58.jpg,,,,,,2025-10-15T23:59:59+01:00,PROSPECTUS,13,2,
29434,8412600028568,550.0,Bimbo,Pão de forma artesano,550 g,2.29,4.16,0,kg,€/Kg,,,https://driveimg1.intermarche.com/pt/Content/images/boitmal/produit/zoom/3CFE72B428C8815F287AEBF5DD23696F.jpg,,,,,,2025-10-15T23:59:59+01:00,PROSPECTUS,13,2,
31554,8435257039138,1280.0,Nestlé,"Nestlé - iogurte líquido de tutti-frutti, pack 8 x 160 g",,3.89,3.04,0,kg,€/Kg,,,https://driveimg1.intermarche.com/pt/Content/images/boitmal/produit/zoom/FBACDDE5448B1E7990331AE3CC79D8AF.jpg,,,,,,2025-10-15T23:59:59+01:00,PROSPECTUS,13,2,
31580,8410076470584,244.0,Old El Paso,"Tortilhas de trigo, 244g",,1.84,7.54,0,kg,€/Kg,,,https://driveimg1.intermarche.com/pt/Content/images/boitmal/produit/zoom/D4ABF3C429F1CE5569F76B9B160989E2.jpg,,,,,,2025-10-15T23:59:59+01:00,PROSPECTUS,13,2,
35983,5601027972735,700.0,Bimbo,Pão de forma torradas familiares,Embalagem de 700 g,2.29,3.27,0,kg,€/Kg,,,https://driveimg1.intermarche.com/pt/Content/images/boitmal/produit/zoom/941D42653DC5B120329F1BAE2880C7D0.jpg,,,,,,2025-10-15T23:59:59+01:00,PROSPECTUS,13,2,
386,8712100479298,260.0,Calvé,"Molho mad chips top down, embalagem de 260g",,1.94,7.46,0,kg,€/Kg,,,https://driveimg1.intermarche.com/pt/Content/images/boitmal/produit/zoom/21B88C464F7BBC164FDD806BA18E0B84.jpg,https://driveimg1.intermarche.com/pt/Content/images/boitmal/produit/zoom/5EE595CA865FFD7654A8E18623535097.jpg,https://driveimg1.intermarche.com/pt/Content/images/boitmal/produit/zoom/5EE595CA865FFD7654A8E18623535097.jpg,,,,2025-10-15T23:59:59+01:00,PROSPECTUS,13,2,
40969,5601151972557,1000.0,Frize,"Água com gás sabor a maracujá, pack 4x 0,25l",,2.09,2.09,1000,L,€/L,,,https://driveimg1.intermarche.com/pt/Content/images/boitmal/produit/zoom/AF6318AC77392E694BAA2AC34B4CAA04.jpg,,,,,,2025-10-15T23:59:59+01:00,PROSPECTUS,13,2,
41715,5604260306381,500.0,PorSi,Iogurte Tipo Grego Caramelo Salgado 4X125G,,1.65,3.3,0,kg,€/Kg,,,https://driveimg1.intermarche.com/pt/Content/images/boitmal/produit/zoom/06B0DF990840E5BE19798110DA62E89E.jpg,,,,,,2025-10-15T23:59:59+01:00,PROSPECTUS,13,2,
42168,5604260306732,420.0,PorSi,Mão De Vaca Com Grão 420G,,2.49,5.93,0,kg,€/Kg,,,https://driveimg1.intermarche.com/pt/Content/images/boitmal/produit/zoom/AA6DBC09D448DE7FD9BD3A9AF5ED0CF4.jpg,,,,,,2025-10-15T23:59:59+01:00,PROSPECTUS,13,2,
43975,5604260313600,300.0,PorSi,Gomas Bananas,,1.99,6.63,0,kg,€/Kg,,,https://driveimg1.intermarche.com/pt/Content/images/boitmal/produit/zoom/9D7F2581665D08C7908CE89759530DDC.jpg,,,,,,2025-10-15T23:59:59+01:00,PROSPECTUS,13,2,
43980,5604260313631,300.0,PorSi,Gomas Tijolos Ácidos,,1.84,6.13,0,kg,€/Kg,,,https://driveimg1.intermarche.com/pt/Content/images/boitmal/produit/zoom/53384890085EE7D4C4841349E3EC7FA2.jpg,,,,,,2025-10-15T23:59:59+01:00,PROSPECTUS,13,2,
44902,5601286248787,500.0,Milaneza,"Massa conchas, 500g",,1.04,2.08,0,kg,€/Kg,,,https://driveimg1.intermarche.com/pt/Content/images/boitmal/produit/zoom/47B035D4D71BAB8FACEBBDD297C9B9B8.jpg,,,,,,2025-10-15T23:59:59+01:00,PROSPECTUS,13,2,
45461,5604260315680,400.0,PorSi,Hambúrgueres De Porco 400 G,,2.69,6.73,0,kg,€/Kg,,,https://driveimg1.intermarche.com/pt/Content/images/boitmal/produit/zoom/595C853BCD5322DDCC991757131586B9.jpg,,,,,,2025-10-15T23:59:59+01:00,PROSPECTUS,13,2,
45700,5604260314249,680.0,PorSi,Detergente Máquina Loica Td1 Limao 40P,,4.39,6.46,0,kg,€/Kg,,,https://driveimg1.intermarche.com/pt/Content/images/boitmal/produit/zoom/E2AF666FA080D39884D54C761B4D071C.jpg,,,,,,2025-10-15T23:59:59+01:00,PROSPECTUS,13,2,
46128,3083681137811,450.0,Bonduelle,"Milho sem resíduos de pesticidas, embalagem de 450g",,2.59,5.76,0,kg,€/Kg,,,https://driveimg1.intermarche.com/pt/Content/images/boitmal/produit/zoom/EC051C59563F4690C90E354F78286A70.jpg,,,,,,2025-10-15T23:59:59+01:00,PROSPECTUS,13,2,
46620,5604260317066,,PorSi,Guardanapo 33X33Cm 3 Folhas 70 Unidades,,1.39,1.39,0,,€/Unidade,,,https://driveimg1.intermarche.com/pt/Content/images/boitmal/produit/zoom/B9F0B68038DB220227FD1D2D1311F61C.jpg,,,,,,2025-10-15T23:59:59+01:00,PROSPECTUS,13,2,
47636,8412600018323,300.0,Bimbo,Bimbo® bagels sementes 4 un.,Embalagem de 300g,2.34,7.8,0,kg,€/Kg,,,https://driveimg1.intermarche.com/pt/Content/images/boitmal/produit/zoom/4C1FC5DD8D8752799FB839690B061514.jpg,,,,,,2025-10-15T23:59:59+01:00,PROSPECTUS,13,2,
47653,8414100306559,330.0,Schweppes,"Ginger ale, lata 33 cl",,0.72,2.18,330,L,€/L,,,https://driveimg1.intermarche.com/pt/Content/images/boitmal/produit/zoom/AF2113C89BE09A44CC79705B477BE6A0.jpg,,,,,,2025-10-15T23:59:59+01:00,PROSPECTUS,13,2,
47755,8006540429457,,Evax,Pensos Higiénicos Cottonlike Normal com Abas,32 unidades,4.14,4.14,0,,€/Unidade,,,https://driveimg1.intermarche.com/pt/Content/images/boitmal/produit/zoom/70F42B0A06F4559D2E1F565D5B1D8875.jpg,,,,,,2025-10-15T23:59:59+01:00,PROSPECTUS,13,2,
47945,3600551049113,50.0,Narta men,Desodorizante roll-on invisível 0%,Embalagem de 50 ml,2.69,53.8,50,L,€/L,,,https://driveimg1.intermarche.com/pt/Content/images/boitmal/produit/zoom/07163EF0A2B2A1957A50A10CA355352B.jpg,,,,,,2025-10-15T23:59:59+01:00,PROSPECTUS,13,2,
48907,5604260320769,,PorSi,Pensos Diários Normal - 64 Unidades,,1.49,1.49,0,,€/Unidade,,,https://driveimg1.intermarche.com/pt/Content/images/boitmal/produit/zoom/DFB079CBF477779AF2A84A2F43E7FF7B.jpg,https://driveimg1.intermarche.com/pt/Content/images/boitmal/produit/zoom/C20F8AD2FC19771FE6AB1B975D7F3E8C.jpg,https://driveimg1.intermarche.com/pt/Content/images/boitmal/produit/zoom/C20F8AD2FC19771FE6AB1B975D7F3E8C.jpg,https://driveimg1.intermarche.com/pt/Content/images/boitmal/produit/zoom/C20F8AD2FC19771FE6AB1B975D7F3E8C.jpg,https://driveimg1.intermarche.com/pt/Content/images/boitmal/produit/zoom/C20F8AD2FC19771FE6AB1B975D7F3E8C.jpg,https://driveimg1.intermarche.com/pt/Content/images/boitmal/produit/zoom/C20F8AD2FC19771FE6AB1B975D7F3E8C.jpg,2025-10-15T23:59:59+01:00,PROSPECTUS,13,2,
49460,7613287300362,99.0,Nescafé,Café Buondi Intensidade 8,16 cápsulas,6.39,64.55,0,kg,€/Kg,,,https://driveimg1.intermarche.com/pt/Content/images/boitmal/produit/zoom/E4BCDB4A1998B45DA9767B093A961A1E.jpg,,,,,,2025-10-15T23:59:59+01:00,PROSPECTUS,13,2,
49805,5601063060816,35.0,Margão,"Pimenta cayenne moída, embalagem de 35g",,1.38,39.43,0,kg,€/Kg,,,https://driveimg1.intermarche.com/pt/Content/images/boitmal/produit/zoom/FAA5A77B34F1C5DAC637B22C20996938.jpg,https://driveimg1.intermarche.com/pt/Content/images/boitmal/produit/zoom/7D2FD07FE047744BFAF18EA9F9B16EDF.jpg,,,,,2025-10-15T23:59:59+01:00,PROSPECTUS,13,2,
49808,5601063061042,20.0,Margão,"Pimenta rosa grão, embalagem de 20g",,2.39,119.5,0,kg,€/Kg,,,https://driveimg1.intermarche.com/pt/Content/images/boitmal/produit/zoom/037357AE40F2F6A3F17F5DD4E3AE0829.jpg,https://driveimg1.intermarche.com/pt/Content/images/boitmal/produit/zoom/CDC1891C7B110EC40B138E052830CF8D.jpg,,,,,2025-10-15T23:59:59+01:00,PROSPECTUS,13,2,
50539,5604260325887,100.0,PorSi,Salmão Fumado da Noruega,Embalagem de 100 g,3.69,36.9,0,kg,€/Kg,,,https://driveimg1.intermarche.com/pt/Content/images/boitmal/produit/zoom/966A2B7558F9278A6AE18FEFE96EA143.jpg,,,,,,2025-10-15T23:59:59+01:00,PROSPECTUS,13,2,
51779,5604260327089,900.0,PorSi,Detergente Máquina Loica Classico 60P,,3.65,4.06,0,kg,€/Kg,,,https://driveimg1.intermarche.com/pt/Content/images/boitmal/produit/zoom/5D0E62FF3D9A0C755640BCC5F7832DD7.jpg,,,,,,2025-10-15T23:59:59+01:00,PROSPECTUS,13,2,
51783,5604260327676,1000.0,PorSi,Iogurte Líquido Morango E Banana 1kg/ 944ml,,1.59,1.59,0,kg,€/Kg,,,https://driveimg1.intermarche.com/pt/Content/images/boitmal/produit/zoom/568FFCB442AD5B312FACD9B2980ADD4A.jpg,,,,,,2025-10-15T23:59:59+01:00,PROSPECTUS,13,2,
52171,5449000217189,1980.0,Coca-Cola,Coca-cola sabor original,Pack 6x330 ml,4.49,2.27,1980,L,€/L,,,https://driveimg1.intermarche.com/pt/Content/images/boitmal/produit/zoom/336CEDBCCB7EF720ED08209839FA8640.jpg,,,,,,2025-10-15T23:59:59+01:00,PROSPECTUS,13,2,
52172,5449000233721,1980.0,Coca-Cola,"Refrigerante zero açúcar zero cafeína, pack lata 6 x 330 ml",,4.31,2.18,1980,L,€/L,,,https://driveimg1.intermarche.com/pt/Content/images/boitmal/produit/zoom/E22680B303F184CD56E33D92806D06DF.jpg,,,,,,2025-10-15T23:59:59+01:00,PROSPECTUS,13,2,
5273,5601164902343,7920.0,Super Bock,"Cerveja com álcool, pack 24 x 0.33 l",,17.49,2.21,7920,L,€/L,,,https://driveimg1.intermarche.com/pt/Content/images/boitmal/produit/zoom/B20818C9DD1836C39491D27565F038C6.jpg,,,,,,2025-10-15T23:59:59+01:00,PROSPECTUS,13,2,
54706,8436048963861,255.0,Artiach,"Bolachas dinosaurus chocolate leite, 255g",,2.49,9.76,0,kg,€/Kg,,,https://driveimg1.intermarche.com/pt/Content/images/boitmal/produit/zoom/0889D60259FA5C745D92F5E789DD0778.jpg,,,,,,2025-10-15T23:59:59+01:00,PROSPECTUS,13,2,
54711,5601151966242,1000.0,Compal,"Nectar família laranja e tangerina, 1 litro",,1.19,1.19,1000,L,€/L,,,https://driveimg1.intermarche.com/pt/Content/images/boitmal/produit/zoom/0FCF73D4D924F3D0A8C2986AC89894BC.jpg,,,,,,2025-10-15T23:59:59+01:00,PROSPECTUS,13,2,
54794,5603722521546,604.0,Mimosa,"Iogurte liquido banana, 4 x 151 ml",,1.39,2.3,604,L,€/L,,,https://driveimg1.intermarche.com/pt/Content/images/boitmal/produit/zoom/23212EB7A3AC6B5E99AFE5AEC8D0F7DF.jpg,,,,,,2025-10-15T23:59:59+01:00,PROSPECTUS,13,2,
54798,5603722521560,604.0,Mimosa,"Iogurte liquido frutos tropicais, 4 x 151 ml",,1.39,2.3,604,L,€/L,,,https://driveimg1.intermarche.com/pt/Content/images/boitmal/produit/zoom/49B490BBEC557A29CF9B663AE694D2B4.jpg,,,,,,2025-10-15T23:59:59+01:00,PROSPECTUS,13,2,
55354,8410063095202,1200.0,Pescanova,"Barrinhas Pescada Panada sem Gluten, 1.2Kg",,7.89,6.58,0,kg,€/Kg,,Tipo de stockagem,https://driveimg1.intermarche.com/pt/Content/images/boitmal/produit/zoom/D2F57A76EACAFAE8D2E905FFD81B787B.jpg,,,,,,2025-10-15T23:59:59+01:00,PROSPECTUS,13,2,
55386,5602109101326,500.0,Nutry,"Farinha de Mandioca, 500g",,1.79,3.58,0,kg,€/Kg,,,https://driveimg1.intermarche.com/pt/Content/images/boitmal/produit/zoom/59E388EFDFB3BE8107016F7530D8E268.jpg,,,,,,2025-10-15T23:59:59+01:00,PROSPECTUS,13,2,
56327,5604260335251,400.0,PorSi,Sobremesa Liégeois Chocolate 4X100G,,1.49,3.73,0,kg,€/Kg,,,https://driveimg1.intermarche.com/pt/Content/images/boitmal/produit/zoom/A10C05E9839D1ED166E65BD0A89F9595.jpg,,,,,,2025-10-15T23:59:59+01:00,PROSPECTUS,13,2,
56348,5604260338474,200.0,Porsi Vivabem,Queijo Fresco Light Para Barrar 200G,,1.19,5.95,0,kg,€/Kg,,,https://driveimg1.intermarche.com/pt/Content/images/boitmal/produit/zoom/73810E59B589F0CB4BA896B98A98545C.jpg,,,,,,2025-10-15T23:59:59+01:00,PROSPECTUS,13,2,
8391,5601049159992,1000.0,Mimosa,"Leite especial cálcio + vitamina d magro, de 1l",,1.0,1.0,1000,L,€/L,,,https://driveimg1.intermarche.com/pt/Content/images/boitmal/produit/zoom/22E6964D6A2F2B922BCB40BB341AE902.jpg,,,,,,2025-10-15T23:59:59+01:00,PROSPECTUS,13,2,
8434,5601050033731,620.0,Danone,"Iogurte activia líquido 0% lima/limão, embalagem de 4 x 155g",,1.99,3.21,0,kg,€/Kg,,,https://driveimg1.intermarche.com/pt/Content/images/boitmal/produit/zoom/B41EA750EA9360556362913E488E9E4D.jpg,,,,,,2025-10-15T23:59:59+01:00,PROSPECTUS,13,2,
8800,5601244201922,200.0,Terra Nostra,"Queijo em fatias redução de gordura, embalagem de 200g",,2.39,11.95,0,kg,€/Kg,,,https://driveimg1.intermarche.com/pt/Content/images/boitmal/produit/zoom/4D3628F49627348D2ED37AEDC80914E5.jpg,,,,,,2025-10-15T23:59:59+01:00,PROSPECTUS,13,2,
9302,5603722497285,1500.0,Pleno,"Tisana chá preto ginseg e limão, garrafa de 1,5 l",,1.59,1.06,1500,L,€/L,,,https://driveimg1.intermarche.com/pt/Content/images/boitmal/produit/zoom/408117D5CB1B7AB29021A2154514DE8D.jpg,,,,,,2025-10-15T23:59:59+01:00,PROSPECTUS,13,2,
9443,5604260055524,150.0,PorSi,Presunto F.Finas 6 Meses 150G,,2.99,19.93,0,kg,€/Kg,,,https://driveimg1.intermarche.com/pt/Content/images/boitmal/produit/zoom/CCF3571E41450A7649569716F370CEAA.jpg,,,,,,2025-10-15T23:59:59+01:00,PROSPECTUS,13,2,
1009,5601038300077,80.0,Knorr,"Caldo de galinha 8 cubos, embalagem de 80g",,1.69,21.13,0,kg,€/Kg,,,https://driveimg1.intermarche.com/pt/Content/images/boitmal/produit/zoom/CFDBB6C1885F48FB7941F504CD886192.jpg,,,,,,2025-10-15T23:59:59+01:00,PROSPECTUS,13,2,
10842,2895207000000,250.0,Santiago,Queijo 3 Igrejas Cura 2m Pimentão,Vendido ao peso a partir de 250 gr,3.0,11.99,0,,€/Kg,,,https://driveimg1.intermarche.com/pt/Content/images/boitmal/produit/zoom/2F11F4EC63EB49EF2522FB61028743A0.jpg,,,,,,2025-10-15T23:59:59+01:00,PROSPECTUS,13,2,
11418,5449000020024,4000.0,Coca-Cola,"Refrigerante com gás regular, pack 4 x 1l",,4.8,1.2,4000,L,€/L,,,https://driveimg1.intermarche.com/pt/Content/images/boitmal/produit/zoom/2CFD5889C46C254AA784DACA4FED411E.jpg,https://driveimg1.intermarche.com/pt/Content/images/boitmal/produit/zoom/CA0D8B97BB868D45B944027647273BDD.jpg,,,,,2025-10-15T23:59:59+01:00,PROSPECTUS,13,2,
11466,5601018004605,200.0,Gresso,Nata uht para bater 200 ml,,0.85,4.25,200,L,€/L,,,https://driveimg1.intermarche.com/pt/Content/images/boitmal/produit/zoom/6D55411BE639B830632A68D20D002036.jpg,,,,,,2025-10-15T23:59:59+01:00,PROSPECTUS,13,2,
11671,5601217126382,1650.0,Woolite,Detergente líquido p/ máquina lavar roupa cores,"Garrafa de 1,65 l",6.99,4.24,1650,L,€/L,,,https://driveimg1.intermarche.com/pt/Content/images/boitmal/produit/zoom/8C38ED746381E210259B37EA8CABFD0A.jpg,,,,,,2025-10-15T23:59:59+01:00,PROSPECTUS,13,2,
11817,5601970555313,5000.0,Navegante,Vinho tinto reg. alentejano bib 5l,Garrafa 5L,8.24,1.65,5000,L,€/L,,,https://driveimg1.intermarche.com/pt/Content/images/boitmal/produit/zoom/EF3B2DE61DE69AAA047D39FB3452A9F9.jpg,,,,,,2025-10-15T23:59:59+01:00,PROSPECTUS,13,2,
12070,5604260246335,1000.0,Porsi Vivabem,Bebida De Soja Sabor Chocolate 1L,,0.94,0.94,1000,L,€/L,,,https://driveimg1.intermarche.com/pt/Content/images/boitmal/produit/zoom/6E5A8C1B2A856DA9E7A8855C518C120A.jpg,,,,,,2025-10-15T23:59:59+01:00,PROSPECTUS,13,2,
1294,5601151450758,845.0,Compal,"Feijão manteiga, lata de 850g",,2.09,2.47,0,kg,€/Kg,,,https://driveimg1.intermarche.com/pt/Content/images/boitmal/produit/zoom/C80A38D3334A10E9F1DDCDBE8105CD22.jpg,,,,,,2025-10-15T23:59:59+01:00,PROSPECTUS,13,2,
13567,2893562000000,250.0,Marisco,Ameijoa Castanha Vietnamita Congelada,vendido ao peso a partir de 250 g,0.75,2.99,0,,€/Kg,,Avantages !,https://driveimg1.intermarche.com/pt/Content/images/boitmal/produit/zoom/33CC3279E2741F227440A7AFDC3AEEF9.jpg,,,,,,2025-10-15T23:59:59+01:00,PROSPECTUS,13,2,
13577,2893572000000,200.0,Peixaria,Pota Inteira Congelada,1 un= 200 gr (aprox.),1.0,4.99,0,,€/Kg,,Avantages !,https://driveimg1.intermarche.com/pt/Content/images/boitmal/produit/zoom/B2D6321EA80C5271A6C9DE3162C36D95.jpg,,,,,,2025-10-15T23:59:59+01:00,PROSPECTUS,13,2,
13582,2893577000000,400.0,Peixaria,Solha Congelada,,2.28,5.69,0,,€/Kg,,Avantages !,https://driveimg1.intermarche.com/pt/Content/images/boitmal/produit/zoom/09CD29C77ECA15BC59D0A288B72C20B4.jpg,,,,,,2025-10-15T23:59:59+01:00,PROSPECTUS,13,2,
13595,2893590000000,1000.0,Peixaria,Pescada Pequena da Argentina Congelada,1 un= 1kg (aprox.),3.59,3.59,0,,€/Kg,,Avantages !,https://driveimg1.intermarche.com/pt/Content/images/boitmal/produit/zoom/5B60FCB79F0EE3DFB58E35C4371D7EFC.jpg,,,,,,2025-10-15T23:59:59+01:00,PROSPECTUS,13,2,
14189,5604260266647,750.0,PorSi Select,Azeite Virgem Extra Trás-Dos-Montes Dop 750Ml,,6.49,8.65,750,L,€/L,,,https://driveimg1.intermarche.com/pt/Content/images/boitmal/produit/zoom/AA1278A90E4FAF01C96F6431B740B4D2.jpg,,,,,,2025-10-15T23:59:59+01:00,PROSPECTUS,13,2,
14337,3387390320008,141.0,Nestlé,"Barras fitness com chocolate, embalagem de 140g",,1.99,14.11,0,kg,€/Kg,,,https://driveimg1.intermarche.com/pt/Content/images/boitmal/produit/zoom/60AE623A4FF700F6FDA38FA5729DE5A4.jpg,,,,,,2025-10-15T23:59:59+01:00,PROSPECTUS,13,2,
14470,5000289925440,700.0,Gordons,Gin dry,Garrafa de 700 ml,13.99,19.99,700,L,€/L,,,https://driveimg1.intermarche.com/pt/Content/images/boitmal/produit/zoom/D55937CEA347BBDAFF1873A2B59C5243.jpg,,,,,,2025-10-15T23:59:59+01:00,PROSPECTUS,13,2,
14545,5606293100295,100.0,Vitacress,"Salada aromática, embalagem de 100 g",,1.49,14.9,0,kg,€/Kg,,,https://driveimg1.intermarche.com/pt/Content/images/boitmal/produit/zoom/8B774925D3C426E499C84729B9F86DF2.jpg,,,,,,2025-10-15T23:59:59+01:00,PROSPECTUS,13,2,
1458,5601286220783,500.0,Milaneza,"Massa de cotovelos grossos, embalagem de 500g",,1.04,2.08,0,kg,€/Kg,,,https://driveimg1.intermarche.com/pt/Content/images/boitmal/produit/zoom/D93D679931815D69DD3322F399FB1B55.jpg,,,,,,2025-10-15T23:59:59+01:00,PROSPECTUS,13,2,
14717,5900020022370,140.0,Nestlé,Barras de cereais fitness crunchy & caramelo,Embalagem de 140g,1.99,14.21,0,kg,€/Kg,,,https://driveimg1.intermarche.com/pt/Content/images/boitmal/produit/zoom/0AC8FEA794F31BD4BBE7C5A74D910827.jpg,,,,,,2025-10-15T23:59:59+01:00,PROSPECTUS,13,2,
14865,2696212000000,,Pastelaria,Folhado Misto 90 g,,0.69,0.69,0,,€/Unidade,,,https://driveimg1.intermarche.com/pt/Content/images/boitmal/produit/zoom/164C27A781A7C68A965295D85BB7D95F.jpg,,,,,,2025-10-15T23:59:59+01:00,PROSPECTUS,13,2,
1491,5601363001168,120.0,Doritos,"Aperitivos tex mex, embalagem de 120g",,1.29,10.75,0,kg,€/Kg,,,https://driveimg1.intermarche.com/pt/Content/images/boitmal/produit/zoom/1053755FDFA8216E31D4BC77D22F56B2.jpg,,,,,,2025-10-15T23:59:59+01:00,PROSPECTUS,13,2,
15687,5000116109234,700.0,Iglo,"Ervilhas, embalagem de 700g",,3.39,4.84,0,kg,€/Kg,,Tipo de stockagem,https://driveimg1.intermarche.com/pt/Content/images/boitmal/produit/zoom/AC9F197DD289CE6E6A9903FC824FDD75.jpg,,,,,,2025-10-15T23:59:59+01:00,PROSPECTUS,13,2,
15810,3094900059593,75.0,Aquafresh,Pasta Dentífrica Menta Suave,Embalagem de 75 ml,1.84,24.53,75,L,€/L,,,https://driveimg1.intermarche.com/pt/Content/images/boitmal/produit/zoom/23BC1431AAB789532FD2967AA69D21DC.jpg,,,,,,2025-10-15T23:59:59+01:00,PROSPECTUS,13,2,
16706,5601260592608,67.0,Cigala,"Noodle banzai carne, embalagem de 70g",,1.09,16.27,0,kg,€/Kg,,,https://driveimg1.intermarche.com/pt/Content/images/boitmal/produit/zoom/82737AEBE736E2B8511494BB15EEB657.jpg,,,,,,2025-10-15T23:59:59+01:00,PROSPECTUS,13,2,
1679,5602711001557,250.0,Rar,"Açucar icing, embalagem de 250g",,1.05,4.2,0,kg,€/Kg,,,https://driveimg1.intermarche.com/pt/Content/images/boitmal/produit/zoom/DA962A357CD9132A04FC34E95DEE9755.jpg,,,,,,2025-10-15T23:59:59+01:00,PROSPECTUS,13,2,
17114,5000116110148,320.0,Capitão Iglo,"4 hamburguers vaca sem glúten, embalagem de 320g",,4.49,14.03,0,kg,€/Kg,,Tipo de stockagem,https://driveimg1.intermarche.com/pt/Content/images/boitmal/produit/zoom/F31F98EC751272F860D1F790EE53DF35.jpg,,,,,,2025-10-15T23:59:59+01:00,PROSPECTUS,13,2,
17477,8712100740435,72.0,Knorr,"Tempero alho & coentros 8 cubos, embalagem de 70g",,1.85,25.69,0,kg,€/Kg,,,https://driveimg1.intermarche.com/pt/Content/images/boitmal/produit/zoom/57773A0BEA6BB1E7F24BDC74561D1B47.jpg,,,,,,2025-10-15T23:59:59+01:00,PROSPECTUS,13,3,
17897,8001480021440,700.0,Neoblanc,"Lixívia Spray Mousse, 700ml",,2.99,4.27,700,L,€/L,,,https://driveimg1.intermarche.com/pt/Content/images/boitmal/produit/zoom/B78A8E12ED4E3F00F2585698427E34C3.jpg,,,,,,2025-10-15T23:59:59+01:00,PROSPECTUS,13,3,
18376,5601027009769,480.0,Panrico,Pão de forma sem côdea 9 cereais,Embalagem de 480g,1.89,3.94,0,kg,€/Kg,,,https://driveimg1.intermarche.com/pt/Content/images/boitmal/produit/zoom/202DA3E3189533F2DED569B04263CF8C.jpg,,,,,,2025-10-15T23:59:59+01:00,PROSPECTUS,13,3,
18540,5029053038650,,Scottex,"Papel higiénico acolchoado, folha tripla, 9 rolos",,3.99,3.99,0,,€/Unidade,,,https://driveimg1.intermarche.com/pt/Content/images/boitmal/produit/zoom/36C77C7223E30297676F1D2DA26E5323.jpg,,,,,,2025-10-15T23:59:59+01:00,PROSPECTUS,13,3,
18842,5601070000508,500.0,Cristal,"Vinagre vinho branco 500ml, garrafa de 500 ml",,1.16,2.32,500,L,€/L,,,https://driveimg1.intermarche.com/pt/Content/images/boitmal/produit/zoom/BF40408BEDD92487320D96D1D241D8F5.jpg,,,,,,2025-10-15T23:59:59+01:00,PROSPECTUS,13,3,
19046,5000116110414,480.0,Capitão Iglo,"8 hamburguers sem glúten frango, embalagem de 480g",,7.99,16.65,0,kg,€/Kg,,Tipo de stockagem,https://driveimg1.intermarche.com/pt/Content/images/boitmal/produit/zoom/B74DC0C9C4A898B602612BD394B808F5.jpg,,,,,,2025-10-15T23:59:59+01:00,PROSPECTUS,13,3,
1960,5604260301706,260.0,PorSi,Feijao Encarnado Cozido 420G,,0.84,3.23,0,kg,€/Kg,,,https://driveimg1.intermarche.com/pt/Content/images/boitmal/produit/zoom/F80D4DE63873B2D291A90A19B419B307.jpg,,,,,,2025-10-15T23:59:59+01:00,PROSPECTUS,13,3,
1965,5604260061556,210.0,PorSi,Wafer Morango 210G,,1.17,5.57,0,kg,€/Kg,,,https://driveimg1.intermarche.com/pt/Content/images/boitmal/produit/zoom/712B0BFD0ABA25E98F7F0AF8A3313F75.jpg,,,,,,2025-10-15T23:59:59+01:00,PROSPECTUS,13,3,
20433,5601244500070,1000.0,Terra Nostra,"Leite de pastagem magro, embalagem de 1 l",,0.89,0.89,1000,L,€/L,,,https://driveimg1.intermarche.com/pt/Content/images/boitmal/produit/zoom/9F4485855ABBC3534A5CD1111ACFCBA8.jpg,https://driveimg1.intermarche.com/pt/Content/images/boitmal/produit/zoom/E6424B45F8177C670F59F3BF8C085519.jpg,,,,,2025-10-15T23:59:59+01:00,PROSPECTUS,13,3,
20434,5601244500063,1000.0,Terra Nostra,"Leite de pastagem meio gordo, embalagem de 1litro",,0.89,0.89,1000,L,€/L,,,https://driveimg1.intermarche.com/pt/Content/images/boitmal/produit/zoom/416A848D81A31A3BE14CC7E8951CC4DA.jpg,https://driveimg1.intermarche.com/pt/Content/images/boitmal/produit/zoom/E82125FE177156A16B33D08208F11D7F.jpg,,,,,2025-10-15T23:59:59+01:00,PROSPECTUS,13,3,
2166,5604260260140,5000.0,PorSi,Trinca De Arroz 5 Kg,,4.19,0.84,0,kg,€/Kg,,,https://driveimg1.intermarche.com/pt/Content/images/boitmal/produit/zoom/77A4762AA4FAEA5A9CACE3503EFBB491.jpg,,,,,,2025-10-15T23:59:59+01:00,PROSPECTUS,13,3,
22232,8410320104500,80.0,Campofrio,"Salame fatiado, embalagem de 80g",,1.59,19.88,0,kg,€/Kg,,,https://driveimg1.intermarche.com/pt/Content/images/boitmal/produit/zoom/B989DC79BAD10F2BF93E42F2FFD0E3D8.jpg,,,,,,2025-10-15T23:59:59+01:00,PROSPECTUS,13,3,
2292,5604260270323,500.0,PorSi,Paloco desfiado,Embalagem de 500 g,3.99,7.98,0,kg,€/Kg,,Tipo de stockagem,https://driveimg1.intermarche.com/pt/Content/images/boitmal/produit/zoom/A70CE150680E5991853EC68FDA632C11.jpg,,,,,,2025-10-15T23:59:59+01:00,PROSPECTUS,13,3,
22952,8411660670212,750.0,Sanytol,Desinfetante p/ Cozinha,Embalagem de 750 ml,1.99,2.65,750,L,€/L,,,https://driveimg1.intermarche.com/pt/Content/images/boitmal/produit/zoom/6670903192D029E406F52DBF4952D846.jpg,,,,,,2025-10-15T23:59:59+01:00,PROSPECTUS,13,3,
22954,3045200715009,150.0,Sanytol,"Desodorizante e desinfetante para calçado, 150 ml",,3.39,22.6,150,L,€/L,,,https://driveimg1.intermarche.com/pt/Content/images/boitmal/produit/zoom/D3DCE6928DD622E4A01975DBC929BC27.jpg,,,,,,2025-10-15T23:59:59+01:00,PROSPECTUS,13,3,
22955,3045200760009,500.0,Sanytol,"Desinfetante para Roupa, 500ml",,2.99,5.98,500,L,€/L,,,https://driveimg1.intermarche.com/pt/Content/images/boitmal/produit/zoom/932FDF72A4293CF6B46E5DCF125CBB20.jpg,,,,,,2025-10-15T23:59:59+01:00,PROSPECTUS,13,3,
2297,5604260301454,450.0,PorSi,Panadinhos De Peixe 450G,,2.99,6.64,0,kg,€/Kg,,Tipo de stockagem,https://driveimg1.intermarche.com/pt/Content/images/boitmal/produit/zoom/CFBF24DB680771F9EFCC7F35C89A4947.jpg,,,,,,2025-10-15T23:59:59+01:00,PROSPECTUS,13,3,
23808,5602024006102,,Navigator,"Papel Fotocópia A4, 80g",,4.99,4.99,0,,€/Unidade,,,https://driveimg1.intermarche.com/pt/Content/images/boitmal/produit/zoom/74B2EE2C4596EC06B3FA2AF92139292A.jpg,,,,,,2025-10-15T23:59:59+01:00,PROSPECTUS,13,3,
2534,7613034155160,397.0,Nestlé,"Leite condensado cozido, embalagem de 397g",,2.19,5.52,0,kg,€/Kg,,,https://driveimg1.intermarche.com/pt/Content/images/boitmal/produit/zoom/7F1A4CD3925F133CB52FB643A8011E1E.jpg,,,,,,2025-10-15T23:59:59+01:00,PROSPECTUS,13,3,
2543,7613034465689,387.0,Nestlé,"Leite condensado magro, embalagem de 390g",,2.09,5.4,0,kg,€/Kg,,,https://driveimg1.intermarche.com/pt/Content/images/boitmal/produit/zoom/550282655C8CD4805DB04276CFECA7D7.jpg,,,,,,2025-10-15T23:59:59+01:00,PROSPECTUS,13,3,
2549,7613034717931,200.0,Nestlé,"Chocolate culinário, embalagem de 200g",,3.29,16.45,0,kg,€/Kg,,,https://driveimg1.intermarche.com/pt/Content/images/boitmal/produit/zoom/3B153FC5DBA6E54FFCBD8019E97BAF3D.jpg,,,,,,2025-10-15T23:59:59+01:00,PROSPECTUS,13,3,
25513,8410063074924,320.0,Pescanova,"4 filetes de pescada tipo caseiro sem gluten, embalagem com 320 g",,4.49,14.03,0,kg,€/Kg,,Tipo de stockagem,https://driveimg1.intermarche.com/pt/Content/images/boitmal/produit/zoom/223B86A64722EA649978D9F45EF21399.jpg,,,,,,2025-10-15T23:59:59+01:00,PROSPECTUS,13,3,
25553,5601260338022,250.0,Cigala,"Arroz brajma pronto a comer, embalagem de 250g",,1.35,5.4,0,kg,€/Kg,,,https://driveimg1.intermarche.com/pt/Content/images/boitmal/produit/zoom/0776BD0D44E1FD1476CB30680FD8656D.jpg,,,,,,2025-10-15T23:59:59+01:00,PROSPECTUS,13,3,
25706,8411660670229,750.0,Sanytol,Desinfetante p/ WC,Embalagem de 750 ml,2.49,3.32,750,L,€/L,,,https://driveimg1.intermarche.com/pt/Content/images/boitmal/produit/zoom/D105B4A8ECD800E2D1E3546D9AD3B145.jpg,,,,,,2025-10-15T23:59:59+01:00,PROSPECTUS,13,3,
2646,8000500121436,117.0,Kinder,"Chocolate branco, embalagem de 130g",,2.19,18.72,0,kg,€/Kg,,,https://driveimg1.intermarche.com/pt/Content/images/boitmal/produit/zoom/6D24F9370E08B6AF1FA2F661705083BF.jpg,,,,,,2025-10-15T23:59:59+01:00,PROSPECTUS,13,3,
26598,8711000357477,,LOr,"Café sontuoso intensidade 8, 10 cápsulas",,3.64,3.64,10,,€/Unidade,,,https://driveimg1.intermarche.com/pt/Content/images/boitmal/produit/zoom/6483A3AAB4F3D08446040ADF6E97320F.jpg,,,,,,2025-10-15T23:59:59+01:00,PROSPECTUS,13,3,
2787,5601363013215,150.0,Ruffles,"Batatas fritas ketchup, embalagem de 150g",,1.39,9.27,0,kg,€/Kg,,,https://driveimg1.intermarche.com/pt/Content/images/boitmal/produit/zoom/F33B25A4B867E4D7AEC437A0C6A60FE3.jpg,,,,,,2025-10-15T23:59:59+01:00,PROSPECTUS,13,3,
2813,8410376037784,250.0,Gullón,"Diet nature recheado de chocolate, embalagem de 250g",,1.84,7.36,0,kg,€/Kg,,,https://driveimg1.intermarche.com/pt/Content/images/boitmal/produit/zoom/30414AA93585D592E30D5CCFDF4C5F1C.jpg,,,,,,2025-10-15T23:59:59+01:00,PROSPECTUS,13,3,
28640,5054563030948,75.0,Aquafresh,Dentífrico Tripla Proteção,Embalagem de 75 ml,1.84,24.53,75,L,€/L,,,https://driveimg1.intermarche.com/pt/Content/images/boitmal/produit/zoom/3F822B9D22CAC67DC8DBD8698E3FBBBD.jpg,,,,,,2025-10-15T23:59:59+01:00,PROSPECTUS,13,3,
28876,7613035116115,3000.0,Purina One,Alimento Seco P/ Cão Vaca e Arroz,Embalagem de 3 kg,11.99,4.0,0,kg,€/Kg,,,https://driveimg1.intermarche.com/pt/Content/images/boitmal/produit/zoom/4E297E03C6A7DFBC549FEC91CAA1BD47.jpg,,,,,,2025-10-15T23:59:59+01:00,PROSPECTUS,13,3,
29374,5601146530304,500.0,Bandida do Pomar,"Sidra maçã, lata de 500 ml",,1.19,2.38,500,L,€/L,,,https://driveimg1.intermarche.com/pt/Content/images/boitmal/produit/zoom/BCB2E29A160CFF6D3AE7FEB90426D1E6.jpg,,,,,,2025-10-15T23:59:59+01:00,PROSPECTUS,13,3,
29690,5029053010052,,Scottex,Papel Higiénico Húmido Fresh,1 Embalagem c/42 unidades,1.15,1.15,0,,€/Unidade,,,https://driveimg1.intermarche.com/pt/Content/images/boitmal/produit/zoom/D7A0DFA7ECDD445D8F263C486D20279A.jpg,,,,,,2025-10-15T23:59:59+01:00,PROSPECTUS,13,3,
29717,5604260246328,1000.0,Porsi Vivabem,Bebida De Soja Sabor Baunilha 1L,,0.94,0.94,1000,L,€/L,,,https://driveimg1.intermarche.com/pt/Content/images/boitmal/produit/zoom/E894C778C537C2728FC25CE8A311F2EA.jpg,,,,,,2025-10-15T23:59:59+01:00,PROSPECTUS,13,3,
33532,8410375110228,150.0,Bonduelle,"Milho doce, 150 g",,1.09,7.27,0,kg,€/Kg,,,https://driveimg1.intermarche.com/pt/Content/images/boitmal/produit/zoom/D0EEA0C89CFBBF992B36A2468831EAC1.jpg,,,,,,2025-10-15T23:59:59+01:00,PROSPECTUS,13,3,
34456,5604260325726,330.0,PorSi,6 Salsichas Frescas Merguez 330 G,,5.39,16.33,0,kg,€/Kg,,,https://driveimg1.intermarche.com/pt/Content/images/boitmal/produit/zoom/5AF24CB9ECB0552B9DC2158D80B5D568.jpg,,,,,,2025-10-15T23:59:59+01:00,PROSPECTUS,13,3,
34727,5602711107501,500.0,Rar,"Açúcar mascavado escuro, 500g",,1.69,3.38,0,kg,€/Kg,,,https://driveimg1.intermarche.com/pt/Content/images/boitmal/produit/zoom/7154C53ECA4BF60DD7497538DEEB7C55.jpg,,,,,,2025-10-15T23:59:59+01:00,PROSPECTUS,13,3,
3539,2894220000000,100.0,Elpozo,Presunto Bodega,"Vendido ao peso, fatiado a partir de 100 g",2.4,23.99,0,,€/Kg,,,https://driveimg1.intermarche.com/pt/Content/images/boitmal/produit/zoom/B08B3C208782FD0824215A2662A05581.jpg,,,,,,2025-10-15T23:59:59+01:00,PROSPECTUS,13,3,
35743,8712000020187,3000.0,Heineken,"Cerveja, pack de 12 x 0.25 l",,7.99,2.66,3000,L,€/L,,,https://driveimg1.intermarche.com/pt/Content/images/boitmal/produit/zoom/5D8459FE94A1577FCD86EC199B758F1A.jpg,,,,,,2025-10-15T23:59:59+01:00,PROSPECTUS,13,3,
35766,8722700231974,525.0,Olá,"Gelado calippo morango, embalagem de 5 x 105 ml",,2.99,5.7,525,L,€/L,,Tipo de stockagem,https://driveimg1.intermarche.com/pt/Content/images/boitmal/produit/zoom/531730A222ACEDBD98926EAA599E0283.jpg,,,,,,2025-10-15T23:59:59+01:00,PROSPECTUS,13,3,
36183,5604736300097,100.0,Maria Batata,Batata doce frita,embalagem de 100 g,0.99,9.9,0,kg,€/Kg,,,https://driveimg1.intermarche.com/pt/Content/images/boitmal/produit/zoom/ED504315F8F5A5B0066875DE8B59B370.jpg,,,,,,2025-10-15T23:59:59+01:00,PROSPECTUS,13,3,
36736,5604260300570,500.0,PorSi,"Camarão cozido 40/60, 500 g",,5.99,11.98,0,kg,€/Kg,,,https://driveimg1.intermarche.com/pt/Content/images/boitmal/produit/zoom/9E9EFDBF21D2BFC0A52B3E968EF9C975.jpg,,,,,,2025-10-15T23:59:59+01:00,PROSPECTUS,13,3,
372,8711200532391,260.0,Calvé,"Molho big burguer, embalagem de 260g",,1.94,7.46,0,kg,€/Kg,,,https://driveimg1.intermarche.com/pt/Content/images/boitmal/produit/zoom/274182EF6D0EFA8A84998CA913A7016C.jpg,https://driveimg1.intermarche.com/pt/Content/images/boitmal/produit/zoom/122719564EBC4BB4D52F039A6C0EDAF1.jpg,,,,,2025-10-15T23:59:59+01:00,PROSPECTUS,13,3,
37443,7613037040869,250.0,Nestum,"Nestum zero espelta/aveia, embalagem de 250g",,2.24,8.96,0,kg,€/Kg,,,https://driveimg1.intermarche.com/pt/Content/images/boitmal/produit/zoom/BF80E2BF1A95765256612BEC5A65D8DD.jpg,,,,,,2025-10-15T23:59:59+01:00,PROSPECTUS,13,3,
37512,7613036923361,250.0,Nestum,Nestum zero arroz,Embalagem de 250 g,2.99,11.96,0,kg,€/Kg,,,https://driveimg1.intermarche.com/pt/Content/images/boitmal/produit/zoom/611B100659AC37EDE48D259974C3AB31.jpg,,,,,,2025-10-15T23:59:59+01:00,PROSPECTUS,13,3,
37574,8717163836835,2000.0,Lipton,"Ice tea de pêssego sem açúcar, garrafa de 2l",,3.19,1.6,2000,L,€/L,,,https://driveimg1.intermarche.com/pt/Content/images/boitmal/produit/zoom/B0D164F35BECC5A6CA9E515D71ED323C.jpg,,,,,,2025-10-15T23:59:59+01:00,PROSPECTUS,13,3,
38330,7613036886994,400.0,Yogolino,Yogolino pêssego banana 0% açúcares adicionados 4x100g,Embalagem de 400g,1.99,4.98,0,kg,€/Kg,,,https://driveimg1.intermarche.com/pt/Content/images/boitmal/produit/zoom/46F9E1E8ECDF4D5D7026305EEF6FB459.jpg,,,,,,2025-10-15T23:59:59+01:00,PROSPECTUS,13,3,
38343,5054563052940,,Parodontax,Escova de dentes interdental suave,1 unidade,3.64,3.64,0,,€/Unidade,,,https://driveimg1.intermarche.com/pt/Content/images/boitmal/produit/zoom/CE8FFD389FBCB9B00F5B954E62C53924.jpg,,,,,,2025-10-15T23:59:59+01:00,PROSPECTUS,13,3,
38555,5601019012807,500.0,Guloso,"Polpa de tomate com manjericão e oregãos, 500 g",,1.49,2.98,0,kg,€/Kg,,,https://driveimg1.intermarche.com/pt/Content/images/boitmal/produit/zoom/DD3F790AD3540766E8551E7402E008AE.jpg,,,,,,2025-10-15T23:59:59+01:00,PROSPECTUS,13,3,
388,8712566156115,71.0,Knorr,"Sopa de rabo de boi, 70g",,1.69,23.8,0,kg,€/Kg,,,https://driveimg1.intermarche.com/pt/Content/images/boitmal/produit/zoom/3A7D2F019E799AC69E8329E3FE5B92BA.jpg,,,,,,2025-10-15T23:59:59+01:00,PROSPECTUS,13,3,
40544,5604260302031,1000.0,PorSi,Néctar Laranja/Cenoura Light 1L,,1.29,1.29,1000,L,€/L,,,https://driveimg1.intermarche.com/pt/Content/images/boitmal/produit/zoom/90AD6663D670ADD8591F162E05082447.jpg,,,,,,2025-10-15T23:59:59+01:00,PROSPECTUS,13,3,
41661,5603769000752,750.0,Piano,Vinho DOC Douro Tinto Reserva,Garrafa de 0.75 l,6.74,8.99,750,L,€/L,,,https://driveimg1.intermarche.com/pt/Content/images/boitmal/produit/zoom/B0DFAFE37BB6D8C6F3E4E55468B7B398.jpg,,,,,,2025-10-15T23:59:59+01:00,PROSPECTUS,13,3,
419,8718114882536,50.0,Knorr,"Sopa de cebola, embalagem de 50g",,1.69,33.8,0,kg,€/Kg,,,https://driveimg1.intermarche.com/pt/Content/images/boitmal/produit/zoom/40DE8A4B0CCB6E254052E81CFB00180A.jpg,,,,,,2025-10-15T23:59:59+01:00,PROSPECTUS,13,3,
41933,8710604787840,52.0,Knorr,"Lasanha 1, 2, 3...sabor!, embalagem de 52g",,1.19,22.88,0,kg,€/Kg,,,https://driveimg1.intermarche.com/pt/Content/images/boitmal/produit/zoom/CCC38AB04F269815643164C48C5E2681.jpg,,,,,,2025-10-15T23:59:59+01:00,PROSPECTUS,13,3,
42034,5604260302956,400.0,PorSi,Comida húmida para gato carnes e legumes com geleia,Embalagem de 4 x 100 g,1.89,4.73,0,kg,€/Kg,,,https://driveimg1.intermarche.com/pt/Content/images/boitmal/produit/zoom/C902EC152491A4A1A1A0CF70E1553BE8.jpg,https://driveimg1.intermarche.com/pt/Content/images/boitmal/produit/zoom/99F852605FDCA88EC66100070F5E9DD4.jpg,,,,,2025-10-15T23:59:59+01:00,PROSPECTUS,13,3,
43768,7613287121783,187.0,Smarties,"Smarties mini chocolate, 187g",,3.59,19.2,0,kg,€/Kg,,,https://driveimg1.intermarche.com/pt/Content/images/boitmal/produit/zoom/044C78E073B5B5B26D68268157615A9F.jpg,https://driveimg1.intermarche.com/pt/Content/images/boitmal/produit/zoom/E8FEE980732B87942B93ED2D1ABFFA78.jpg,https://driveimg1.intermarche.com/pt/Content/images/boitmal/produit/zoom/E8FEE980732B87942B93ED2D1ABFFA78.jpg,https://driveimg1.intermarche.com/pt/Content/images/boitmal/produit/zoom/E8FEE980732B87942B93ED2D1ABFFA78.jpg,https://driveimg1.intermarche.com/pt/Content/images/boitmal/produit/zoom/E8FEE980732B87942B93ED2D1ABFFA78.jpg,,2025-10-15T23:59:59+01:00,PROSPECTUS,13,3,
438,8722700140139,20.0,Lipton,"20 saquetas infusão de cidreira, embalagem de 20g",,1.49,74.5,0,kg,€/Kg,,,https://driveimg1.intermarche.com/pt/Content/images/boitmal/produit/zoom/75772B648D442A3C0BB5D4E8A4601B76.jpg,,,,,,2025-10-15T23:59:59+01:00,PROSPECTUS,13,3,
43868,5604260310951,340.0,PorSi,Manteiga amendoim crocant,Embalagem de 340g,1.69,4.97,0,kg,€/Kg,,,https://driveimg1.intermarche.com/pt/Content/images/boitmal/produit/zoom/07F9265D160287AC33E286FF5141D5E2.jpg,https://driveimg1.intermarche.com/pt/Content/images/boitmal/produit/zoom/E6808984EBE0E9B8AC722EE0F45AA4D9.jpg,https://driveimg1.intermarche.com/pt/Content/images/boitmal/produit/zoom/E6808984EBE0E9B8AC722EE0F45AA4D9.jpg,https://driveimg1.intermarche.com/pt/Content/images/boitmal/produit/zoom/E6808984EBE0E9B8AC722EE0F45AA4D9.jpg,,,2025-10-15T23:59:59+01:00,PROSPECTUS,13,3,
43974,5604260313648,300.0,PorSi,Gomas Amoras,,1.88,6.27,0,kg,€/Kg,,,https://driveimg1.intermarche.com/pt/Content/images/boitmal/produit/zoom/C1DCA72979EEF0661DC89812E00F5922.jpg,,,,,,2025-10-15T23:59:59+01:00,PROSPECTUS,13,3,
43977,5604260313655,300.0,PorSi,Gomas Sortido Brilho,,1.69,5.63,0,kg,€/Kg,,,https://driveimg1.intermarche.com/pt/Content/images/boitmal/produit/zoom/8560B014A5D2C7D66530D0CCCD0B2EA3.jpg,,,,,,2025-10-15T23:59:59+01:00,PROSPECTUS,13,3,
43979,5604260313587,300.0,PorSi,Gomas Tubarões,,1.65,5.5,0,kg,€/Kg,,,https://driveimg1.intermarche.com/pt/Content/images/boitmal/produit/zoom/E41CF5FAA7809C84D2F7F60F535CC844.jpg,,,,,,2025-10-15T23:59:59+01:00,PROSPECTUS,13,3,
43981,5604260313563,300.0,PorSi,Gomas Ovos,,1.99,6.63,0,kg,€/Kg,,,https://driveimg1.intermarche.com/pt/Content/images/boitmal/produit/zoom/1D1A1E244E30E76779D68C6B2C1368E1.jpg,,,,,,2025-10-15T23:59:59+01:00,PROSPECTUS,13,3,
43983,5604260313662,300.0,PorSi,Gomas Sortido Ácido,,1.69,5.63,0,kg,€/Kg,,,https://driveimg1.intermarche.com/pt/Content/images/boitmal/produit/zoom/3FDA962A2CF281DDA7F726AC64F488D1.jpg,,,,,,2025-10-15T23:59:59+01:00,PROSPECTUS,13,3,
44038,5604260312634,650.0,PorSi,Detergente Em Pó Manual 650 G,,1.25,1.92,0,kg,€/Kg,,,https://driveimg1.intermarche.com/pt/Content/images/boitmal/produit/zoom/3BBBC49D4BA57017701D49772E35E3AD.jpg,,,,,,2025-10-15T23:59:59+01:00,PROSPECTUS,13,3,
44252,5601019012890,210.0,Guloso,"Tomate frito, embalagem de 210g",,0.84,4.0,0,kg,€/Kg,,,https://driveimg1.intermarche.com/pt/Content/images/boitmal/produit/zoom/8B263589AC7E30970A012A4A83920952.jpg,,,,,,2025-10-15T23:59:59+01:00,PROSPECTUS,13,3,
44455,8710847974427,400.0,Tresemmé,"Champô purify hidrate, 400 ml",,3.79,9.48,400,L,€/L,,,https://driveimg1.intermarche.com/pt/Content/images/boitmal/produit/zoom/603E973086DDF6CA552771A3016C3225.jpg,,,,,,2025-10-15T23:59:59+01:00,PROSPECTUS,13,3,
44730,3083681122312,750.0,Bonduelle,"Salteado do campo, embalagem de 750g",,4.29,5.72,0,kg,€/Kg,,Tipo de stockagem,https://driveimg1.intermarche.com/pt/Content/images/boitmal/produit/zoom/5C79A9ADE266240E779C75965887A3A9.jpg,,,,,,2025-10-15T23:59:59+01:00,PROSPECTUS,13,3,
44761,5601146050505,500.0,Bandida do Pomar,"Sidra frutos vermelhos, lata 50cl",,1.19,2.38,500,L,€/L,,,https://driveimg1.intermarche.com/pt/Content/images/boitmal/produit/zoom/3DF7967B62A6AA597E8EA0E6EC701FC9.jpg,,,,,,2025-10-15T23:59:59+01:00,PROSPECTUS,13,3,
44771,8710438109009,500.0,MCCAIN,"Palito fry n dip, embalagem de 500g",,3.19,6.38,0,kg,€/Kg,,Tipo de stockagem,https://driveimg1.intermarche.com/pt/Content/images/boitmal/produit/zoom/1F1D7AB4DB15838743957D2491BA0251.jpg,https://driveimg1.intermarche.com/pt/Content/images/boitmal/produit/zoom/170A8C7D758318133491D25E6C2FF3D3.jpg,,,,,2025-10-15T23:59:59+01:00,PROSPECTUS,13,3,
45773,5054563087829,75.0,Aquafresh,"Pasta dentífrica eucalipto, lima e menta",Embalagem de 75ml,1.84,24.53,75,L,€/L,,,https://driveimg1.intermarche.com/pt/Content/images/boitmal/produit/zoom/1F94A046F2A6C727F7B6BE2D468B428F.jpg,,,,,,2025-10-15T23:59:59+01:00,PROSPECTUS,13,3,
46130,3083681137781,600.0,Bonduelle,Rebentos germinados,Embalagem de 600g,3.24,5.4,0,kg,€/Kg,,,https://driveimg1.intermarche.com/pt/Content/images/boitmal/produit/zoom/6541F775DDFE3DE4AFA0AEC8441443D2.jpg,,,,,,2025-10-15T23:59:59+01:00,PROSPECTUS,13,3,
46255,5601151971154,1500.0,Sumol,"Refrigerante com gás laranjas do algarve, garrafa de 1.5 l",,1.39,0.93,1500,L,€/L,,,https://driveimg1.intermarche.com/pt/Content/images/boitmal/produit/zoom/FC682E13D4CAF638D1B335B8521E2196.jpg,,,,,,2025-10-15T23:59:59+01:00,PROSPECTUS,13,3,
46258,5601164404700,330.0,Super Bock,"Cerveja preta stout, lata de 330 ml",,0.79,2.39,330,L,€/L,,,https://driveimg1.intermarche.com/pt/Content/images/boitmal/produit/zoom/5B02956F074092D3CD9BF4340DF364CA.jpg,,,,,,2025-10-15T23:59:59+01:00,PROSPECTUS,13,3,
46300,5604260315031,500.0,PorSi,Legumes P/ Sopa De Agriao 500G,,1.59,3.18,0,kg,€/Kg,,,https://driveimg1.intermarche.com/pt/Content/images/boitmal/produit/zoom/29973FFD1B57346333248EDAF35E7690.jpg,,,,,,2025-10-15T23:59:59+01:00,PROSPECTUS,13,3,
46353,5604260315185,600.0,PorSi,Iogurte Líquido Infantil Morango E Banana 6X100G,,1.09,1.82,0,kg,€/Kg,,,https://driveimg1.intermarche.com/pt/Content/images/boitmal/produit/zoom/085129C8CB3116F7B80725BE1B24217D.jpg,,,,,,2025-10-15T23:59:59+01:00,PROSPECTUS,13,3,
46499,7613287399045,,Nescafé,Café em cápsulas Dolce Gusto Intenso,64 cápsulas,19.99,19.99,0,,€/Unidade,,,https://driveimg1.intermarche.com/pt/Content/images/boitmal/produit/zoom/C18E938357B5F7158AF721A91D724A11.jpg,,,,,,2025-10-15T23:59:59+01:00,PROSPECTUS,13,3,
46511,5054563103260,75.0,Sensodyne,Dentífrico proteção diária,Embalagem de 75 ml,2.99,39.87,75,L,€/L,,,https://driveimg1.intermarche.com/pt/Content/images/boitmal/produit/zoom/E4C1B29ED10FB64DAE7D0A3940527894.jpg,,,,,,2025-10-15T23:59:59+01:00,PROSPECTUS,13,3,
46792,5604260319602,2000.0,Por Si,Lava Tudo Amoniacal 2L,,0.71,0.36,2000,L,€/L,,,https://driveimg1.intermarche.com/pt/Content/images/boitmal/produit/zoom/0C9BD05E1DE72936A2E16D3F745EB933.jpg,,,,,,2025-10-15T23:59:59+01:00,PROSPECTUS,13,3,
47034,8714100827666,160.0,Knorr,"Caldo galinha receita económica, embalagem de 160g",,1.49,9.31,0,kg,€/Kg,,,https://driveimg1.intermarche.com/pt/Content/images/boitmal/produit/zoom/54D2297B42302C9BEB14DE9BF8F6F3CF.jpg,,,,,,2025-10-15T23:59:59+01:00,PROSPECTUS,13,3,
47124,8410063072432,300.0,Pescanova,"10 barrinhas salmão panadas sem glúten, 300 g",,3.19,10.63,300,L,€/L,,Tipo de stockagem,https://driveimg1.intermarche.com/pt/Content/images/boitmal/produit/zoom/21D1BF087BFC6AAA6D44F8C395630604.jpg,,,,,,2025-10-15T23:59:59+01:00,PROSPECTUS,13,3,
476,3010470159020,400.0,Friskies,"Ração para gato adulto com coelho, frango e legumes",Embalagem de 400g,1.86,4.65,0,kg,€/Kg,,,https://driveimg1.intermarche.com/pt/Content/images/boitmal/produit/zoom/14A83E0B863A6F9B6D934AF2C5E8BC68.jpg,,,,,,2025-10-15T23:59:59+01:00,PROSPECTUS,13,3,
47657,5600356070006,700.0,Super Pop,"Detergente loiça tripla ação maçã, 700 ml",,2.49,3.56,700,L,€/L,,,https://driveimg1.intermarche.com/pt/Content/images/boitmal/produit/zoom/225ACC9F82588EB810572EC1677D5B22.jpg,,,,,,2025-10-15T23:59:59+01:00,PROSPECTUS,13,3,
47691,5000204827712,250.0,Pronto,"Óleo cedro líquido, garrafa de 250 ml",,2.69,10.76,250,L,€/L,,,https://driveimg1.intermarche.com/pt/Content/images/boitmal/produit/zoom/F581A602B2481926AA09B58EF7B4C946.jpg,,,,,,2025-10-15T23:59:59+01:00,PROSPECTUS,13,3,
47788,5604260325740,330.0,PorSi,6 Salsichas Frescas Chipolatas Com Ervas 330 G,,4.59,13.91,0,kg,€/Kg,,,https://driveimg1.intermarche.com/pt/Content/images/boitmal/produit/zoom/5F51FE6C2AF9B50236E3907CACEE0AB3.jpg,,,,,,2025-10-15T23:59:59+01:00,PROSPECTUS,13,3,
47979,5604260312740,,PorSi,Detergentes máquina lavar loiça ecológico,26 pastilhas,3.09,3.09,0,,€/Unidade,,,https://driveimg1.intermarche.com/pt/Content/images/boitmal/produit/zoom/78BEBFE1DB31B8C2D02C89E6CE3251D4.jpg,,,,,,2025-10-15T23:59:59+01:00,PROSPECTUS,13,3,
48026,5600744051327,175.0,Waferland,"Bolacha waffer avelã, 175g",,0.99,5.66,0,kg,€/Kg,,,https://driveimg1.intermarche.com/pt/Content/images/boitmal/produit/zoom/A919611CA1A09B181CAD3C961C08067D.jpg,,,,,,2025-10-15T23:59:59+01:00,PROSPECTUS,13,3,
48069,5604260319862,,PorSi,Fralda Incontinência Super L - 20 Unidades Dispositivo Médico,,8.99,8.99,0,,€/Unidade,,,https://driveimg1.intermarche.com/pt/Content/images/boitmal/produit/zoom/628DD48C6639BAE1BC5F4C4605A0E9DD.jpg,,,,,,2025-10-15T23:59:59+01:00,PROSPECTUS,13,3,
48459,7613287495792,1020.0,Felix,"Comida húmida para gato duo seleção do campo, embalagem de 12x100 g",,5.99,5.87,0,kg,€/Kg,,,https://driveimg1.intermarche.com/pt/Content/images/boitmal/produit/zoom/9C79A22F67594AD9DD1EF334A5976D4B.jpg,,,,,,2025-10-15T23:59:59+01:00,PROSPECTUS,13,3,
48718,5601027954748,378.0,Bollycao,9 croissants recheio cacau e avelã,Embalagem de 378g,3.29,8.7,0,kg,€/Kg,,,https://driveimg1.intermarche.com/pt/Content/images/boitmal/produit/zoom/F2C8244AFC4A02BA9AD8FB40CC010111.jpg,,,,,,2025-10-15T23:59:59+01:00,PROSPECTUS,13,3,
48729,8410376064445,150.0,Gullón,"Finas aveia chocolate leite zero, embalagem de 150g",,2.04,13.6,0,kg,€/Kg,,,https://driveimg1.intermarche.com/pt/Content/images/boitmal/produit/zoom/F6A109D7797D615A49187DADBA78A468.jpg,,,,,,2025-10-15T23:59:59+01:00,PROSPECTUS,13,3,
48779,8410199023117,150.0,LayS,"Batatas fritas com sabor a sal e vinagre, embalagem de 150g",,1.39,9.27,0,kg,€/Kg,,,https://driveimg1.intermarche.com/pt/Content/images/boitmal/produit/zoom/FA380F7857550C630972C34B56D1614D.jpg,,,,,,2025-10-15T23:59:59+01:00,PROSPECTUS,13,3,
48908,5604260320783,,PorSi,Pensos Diários Super - 52 Unidades,,1.75,1.75,0,,€/Unidade,,,https://driveimg1.intermarche.com/pt/Content/images/boitmal/produit/zoom/F80AAE021CDEC037131A12A8A6987B41.jpg,,,,,,2025-10-15T23:59:59+01:00,PROSPECTUS,13,3,
48910,5604260320752,,PorSi,Pensos Diários Normal - 44 Unidades,,1.1,1.1,0,,€/Unidade,,,https://driveimg1.intermarche.com/pt/Content/images/boitmal/produit/zoom/3CEDD3FBB01FD3D7DD2CE439F0067B70.jpg,https://driveimg1.intermarche.com/pt/Content/images/boitmal/produit/zoom/42E1BB1F16A8793A567F388740BC0C87.jpg,https://driveimg1.intermarche.com/pt/Content/images/boitmal/produit/zoom/42E1BB1F16A8793A567F388740BC0C87.jpg,https://driveimg1.intermarche.com/pt/Content/images/boitmal/produit/zoom/42E1BB1F16A8793A567F388740BC0C87.jpg,https://driveimg1.intermarche.com/pt/Content/images/boitmal/produit/zoom/42E1BB1F16A8793A567F388740BC0C87.jpg,https://driveimg1.intermarche.com/pt/Content/images/boitmal/produit/zoom/42E1BB1F16A8793A567F388740BC0C87.jpg,2025-10-15T23:59:59+01:00,PROSPECTUS,13,3,
49179,3600524029661,300.0,Elvive,Condicionador Hidra Hialurónico,300 ml,3.89,12.97,300,L,€/L,,,https://driveimg1.intermarche.com/pt/Content/images/boitmal/produit/zoom/358E669EEAD046E20A951D3F73537685.jpg,,,,,,2025-10-15T23:59:59+01:00,PROSPECTUS,13,3,
49200,8006540618691,,Dodot,"Fralda cueca extra t5 / 12 a 17 kg, embalagem com 56 un.",,13.99,13.99,56,,€/Unidade,,,https://driveimg1.intermarche.com/pt/Content/images/boitmal/produit/zoom/EC3B771D42A049DB7ED6F0478FE5827A.jpg,,,,,,2025-10-15T23:59:59+01:00,PROSPECTUS,13,3,
49418,8410500012861,1200.0,Actimel Danone,"Probiótico natural 0%, 12 x 100 g",,4.99,4.16,0,kg,€/Kg,,,https://driveimg1.intermarche.com/pt/Content/images/boitmal/produit/zoom/31841197B3A773C57C73C74FF0227CFD.jpg,,,,,,2025-10-15T23:59:59+01:00,PROSPECTUS,13,3,
49730,5601151968574,1500.0,B!,Sumo maracujá de 1.5 l,,1.29,0.86,1500,L,€/L,,,https://driveimg1.intermarche.com/pt/Content/images/boitmal/produit/zoom/D471B15D4B18DF054FCF4E0F25DA8D23.jpg,https://driveimg1.intermarche.com/pt/Content/images/boitmal/produit/zoom/48964AEE0FDBEDF349365603C964A160.jpg,,,,,2025-10-15T23:59:59+01:00,PROSPECTUS,13,3,
49732,5601151968550,1500.0,B!,Sumo laranja de 1.5 l,,1.29,0.86,1500,L,€/L,,,https://driveimg1.intermarche.com/pt/Content/images/boitmal/produit/zoom/9AAF54C8C6026472C904CE6BBDCD6089.jpg,https://driveimg1.intermarche.com/pt/Content/images/boitmal/produit/zoom/541FF8CD6B842066C646823694BB7C20.jpg,https://driveimg1.intermarche.com/pt/Content/images/boitmal/produit/zoom/541FF8CD6B842066C646823694BB7C20.jpg,https://driveimg1.intermarche.com/pt/Content/images/boitmal/produit/zoom/541FF8CD6B842066C646823694BB7C20.jpg,,,2025-10-15T23:59:59+01:00,PROSPECTUS,13,3,
4987,5601012115505,750.0,Planalto,"Vinho doc douro branco, garrafa de 0.75 l",,5.49,7.32,750,L,€/L,,,https://driveimg1.intermarche.com/pt/Content/images/boitmal/produit/zoom/D4AD0E54C5A44C41C52E5EE1F77D08EB.jpg,,,,,,2025-10-15T23:59:59+01:00,PROSPECTUS,13,3,
5026,5601028005876,,Renova,"Papel higiénico, creme, com 4 folhas, 12 rolos",1 embalagem,5.39,5.39,0,,€/Unidade,,,https://driveimg1.intermarche.com/pt/Content/images/boitmal/produit/zoom/E6722E311060796AA81787C1C232658A.jpg,https://driveimg1.intermarche.com/pt/Content/images/boitmal/produit/zoom/EEB6B8854A476B4559E7FD52C556019B.jpg,https://driveimg1.intermarche.com/pt/Content/images/boitmal/produit/zoom/EC6D6AEFDA8F102AB7AD981A6FE1DF3D.jpg,https://driveimg1.intermarche.com/pt/Content/images/boitmal/produit/zoom/4D80E42D594B9B39C4E3A0F89DD5FDA3.jpg,,,2025-10-15T23:59:59+01:00,PROSPECTUS,13,3,
50477,8410063087016,400.0,Pescanova,"Filetes de pescada com alho e salsa, 400g",,4.99,12.48,0,kg,€/Kg,,Tipo de stockagem,https://driveimg1.intermarche.com/pt/Content/images/boitmal/produit/zoom/1D8DBC2ECA1AA6FEC5E899EA860B48E6.jpg,,,,,,2025-10-15T23:59:59+01:00,PROSPECTUS,13,3,
5093,5601050033755,620.0,Danone,"Iogurte activia líquido 0% morango/kiwi, embalagem de 4 x 155 g",,1.99,3.21,0,kg,€/Kg,,,https://driveimg1.intermarche.com/pt/Content/images/boitmal/produit/zoom/29B41AE598716D0550D815AA0FE86025.jpg,,,,,,2025-10-15T23:59:59+01:00,PROSPECTUS,13,4,
51274,5601082048253,,Delta Q,Cápsulas de Café Mythiq XXL Int 15,Embalagem de 60 unidades,23.49,23.49,60,,€/Unidade,,,https://driveimg1.intermarche.com/pt/Content/images/boitmal/produit/zoom/82D8EFDD2FC425C61AA99063E0D6274A.jpg,,,,,,2025-10-15T23:59:59+01:00,PROSPECTUS,13,4,
51687,5604260325108,400.0,Labell,Loção Corporal Reparação Nutritiva 400 Ml,,1.79,4.48,400,L,€/L,,,https://driveimg1.intermarche.com/pt/Content/images/boitmal/produit/zoom/56133AF8F06254FF72B811EA0670646F.jpg,,,,,,2025-10-15T23:59:59+01:00,PROSPECTUS,13,4,
51780,5604260327072,640.0,PorSi,Anticalcario Maquina Roupa Pastilhas  2Em1 40Un,,2.95,4.61,0,kg,€/Kg,,,https://driveimg1.intermarche.com/pt/Content/images/boitmal/produit/zoom/B87C123E4F1B664C8D665140934F8FB6.jpg,,,,,,2025-10-15T23:59:59+01:00,PROSPECTUS,13,4,
51781,5604260327652,1000.0,PorSi,Iogurte Líquido Morango 1Kg/ 944Ml,,1.59,1.59,0,kg,€/Kg,,,https://driveimg1.intermarche.com/pt/Content/images/boitmal/produit/zoom/CC88AAD4451E8700447A902943123884.jpg,,,,,,2025-10-15T23:59:59+01:00,PROSPECTUS,13,4,
51782,5604260327669,1000.0,PorSi,Iogurte Líquido Piña Colada 1Kg/ 944Ml,,1.59,1.59,0,kg,€/Kg,,,https://driveimg1.intermarche.com/pt/Content/images/boitmal/produit/zoom/72DCBF92FB9FC3FE1A0ADB9C5783A0CE.jpg,,,,,,2025-10-15T23:59:59+01:00,PROSPECTUS,13,4,
51837,8711327587205,2000.0,Lipton,Ice tea lipton pessego 2l,,3.19,1.6,2000,L,€/L,,,https://driveimg1.intermarche.com/pt/Content/images/boitmal/produit/zoom/337078DD8DFA2309401BA5C925E0DABA.jpg,,,,,,2025-10-15T23:59:59+01:00,PROSPECTUS,13,4,
51912,3073781193060,125.0,A Vaca Que Ri,"Queijo fundido, 125g",,1.79,14.32,0,kg,€/Kg,,,https://driveimg1.intermarche.com/pt/Content/images/boitmal/produit/zoom/3FC94A6D07313D7F7E804BD53D0400B8.jpg,,,,,,2025-10-15T23:59:59+01:00,PROSPECTUS,13,4,
52156,5604260326303,,PorSi,Detergente Máquina Loica Gel Tudo em 1,Embalagem de 22 unidades,3.49,3.49,0,,€/Unidade,,,https://driveimg1.intermarche.com/pt/Content/images/boitmal/produit/zoom/57874C97E6D4F782754819EFF227F2F0.jpg,,,,,,2025-10-15T23:59:59+01:00,PROSPECTUS,13,4,
52297,3023290072134,160.0,Lindahls,"Iogurte sólido proteico pêssego maracujá, embalagem de 160 g",,0.99,6.19,0,kg,€/Kg,,,https://driveimg1.intermarche.com/pt/Content/images/boitmal/produit/zoom/8E044D245812210B87881DDCE4C62971.jpg,,,,,,2025-10-15T23:59:59+01:00,PROSPECTUS,13,4,
52298,3023290072011,160.0,Lindahls,"Iogurte sólido proteico limão cookies, embalagem de 160 g",,0.99,6.19,0,kg,€/Kg,,,https://driveimg1.intermarche.com/pt/Content/images/boitmal/produit/zoom/8056AA56818872116BB891895188AEE8.jpg,,,,,,2025-10-15T23:59:59+01:00,PROSPECTUS,13,4,
52299,3023290072035,160.0,Lindahls,"Iogurte sólido proteico morango lima, embalagem de 160 g",,0.99,6.19,0,kg,€/Kg,,,https://driveimg1.intermarche.com/pt/Content/images/boitmal/produit/zoom/3FA8DBA052D28654C7C833F137C987A5.jpg,,,,,,2025-10-15T23:59:59+01:00,PROSPECTUS,13,4,
52377,8720181385131,,Skip,Detergente Máquina Roupa Líquido Sabão Natural,100 Doses,11.99,11.99,0,,€/Unidade,,,https://driveimg1.intermarche.com/pt/Content/images/boitmal/produit/zoom/B7482844827C04E8BE654EF9B7B49DD3.jpg,,,,,,2025-10-15T23:59:59+01:00,PROSPECTUS,13,4,
5244,5601151510759,845.0,Compal,"Feijão encarnado, lata de 850g",,2.09,2.47,0,kg,€/Kg,,,https://driveimg1.intermarche.com/pt/Content/images/boitmal/produit/zoom/DE636824D87F41FA8614ED32FEFF81FF.jpg,,,,,,2025-10-15T23:59:59+01:00,PROSPECTUS,13,4,
5247,5601151720752,845.0,Compal,"Feijão frade, lata de 850g",,2.09,2.47,0,kg,€/Kg,,,https://driveimg1.intermarche.com/pt/Content/images/boitmal/produit/zoom/748A199E3B15682C5E3E960F2EBA8A1A.jpg,,,,,,2025-10-15T23:59:59+01:00,PROSPECTUS,13,4,
52598,5601217137975,1710.0,Quanto,"Amaciador roupa concentrado frutos silvestres, 95 doses",,3.99,2.33,1710,L,€/L,,,https://driveimg1.intermarche.com/pt/Content/images/boitmal/produit/zoom/1A92BA40F7151350053A912CC4251BEE.jpg,,,,,,2025-10-15T23:59:59+01:00,PROSPECTUS,13,4,
52602,5601217137937,1710.0,Quanto,"Amaciador roupa concentrado lirios e frutos vermelhos, 95 doses",,3.99,2.33,1710,L,€/L,,,https://driveimg1.intermarche.com/pt/Content/images/boitmal/produit/zoom/D5EC13B4D27621ECAF91289F5FDA9612.jpg,,,,,,2025-10-15T23:59:59+01:00,PROSPECTUS,13,4,
527,3179140633458,18.0,Vahine,"Corantes alimentares ducros, de 20 ml",,1.99,110.56,18,L,€/L,,,https://driveimg1.intermarche.com/pt/Content/images/boitmal/produit/zoom/306BC2F5E1BBF8C960F3E2272DA1BA89.jpg,,,,,,2025-10-15T23:59:59+01:00,PROSPECTUS,13,4,
52785,5900020043504,310.0,Nestlé,"Cereais Fibra Fitness 0% Mel, 310g",,2.99,9.65,0,kg,€/Kg,,,https://driveimg1.intermarche.com/pt/Content/images/boitmal/produit/zoom/8279A6B5BC166AA60A43E6EF7802287B.jpg,,,,,,2025-10-15T23:59:59+01:00,PROSPECTUS,13,4,
52788,5900020043832,80.0,Nestlé,"Barras de Cereais Protein Fitness 0% Cacau, 80g",,1.79,22.38,0,kg,€/Kg,,,https://driveimg1.intermarche.com/pt/Content/images/boitmal/produit/zoom/7E4A3C5552FC27CE6A83D366162140DD.jpg,,,,,,2025-10-15T23:59:59+01:00,PROSPECTUS,13,4,
52795,8711327619579,825.0,Carte DOr,"Gelado iogurte e frutos do bosque, 825 ml",,5.99,7.26,825,L,€/L,,Tipo de stockagem,https://driveimg1.intermarche.com/pt/Content/images/boitmal/produit/zoom/D6B15D8A8761432E807E9E7BF0438AEB.jpg,https://driveimg1.intermarche.com/pt/Content/images/boitmal/produit/zoom/B5E98FA6F5D8DBF78F4E2527B5936D46.jpg,https://driveimg1.intermarche.com/pt/Content/images/boitmal/produit/zoom/B5E98FA6F5D8DBF78F4E2527B5936D46.jpg,,,,2025-10-15T23:59:59+01:00,PROSPECTUS,13,4,
52797,8711327616332,825.0,Carte DOr,"Gelado brownie chocolate, 825 ml",,5.99,7.26,825,L,€/L,,Tipo de stockagem,https://driveimg1.intermarche.com/pt/Content/images/boitmal/produit/zoom/86933FC9C9D9EA2E9FB58FB8E0DC69F7.jpg,https://driveimg1.intermarche.com/pt/Content/images/boitmal/produit/zoom/89D187521E159B499F9E24CFA10981D6.jpg,https://driveimg1.intermarche.com/pt/Content/images/boitmal/produit/zoom/89D187521E159B499F9E24CFA10981D6.jpg,,,,2025-10-15T23:59:59+01:00,PROSPECTUS,13,4,
52897,8720181392917,1332.0,Comfort,"Amaciador concentrado essência pure, 74 doses",,3.49,2.62,1332,L,€/L,,,https://driveimg1.intermarche.com/pt/Content/images/boitmal/produit/zoom/F5C0D70B94DAAFB0949EA4EE48242D35.jpg,https://driveimg1.intermarche.com/pt/Content/images/boitmal/produit/zoom/6C81AB307354BD851AD24288672BBAB9.jpg,https://driveimg1.intermarche.com/pt/Content/images/boitmal/produit/zoom/6C81AB307354BD851AD24288672BBAB9.jpg,,,,2025-10-15T23:59:59+01:00,PROSPECTUS,13,4,
52919,0000059095330,50.0,Dove,"Desodorizante Roll On Advanced Talc Soft, 50ml",,2.99,59.8,50,L,€/L,,,https://driveimg1.intermarche.com/pt/Content/images/boitmal/produit/zoom/A1D1606D6EFCD915F957B6BE8F608EA4.jpg,,,,,,2025-10-15T23:59:59+01:00,PROSPECTUS,13,4,
53074,8445290014177,2800.0,Purina One,"Ração para Gato Esterilizado Com Frango, 2.8 kg",,15.59,5.57,0,kg,€/Kg,,,https://driveimg1.intermarche.com/pt/Content/images/boitmal/produit/zoom/AEEDAFDEC9309DF17C98D162A09F7DB9.jpg,https://driveimg1.intermarche.com/pt/Content/images/boitmal/produit/zoom/FF472FF76794D2946DC102AD40EF55A9.jpg,https://driveimg1.intermarche.com/pt/Content/images/boitmal/produit/zoom/FF472FF76794D2946DC102AD40EF55A9.jpg,https://driveimg1.intermarche.com/pt/Content/images/boitmal/produit/zoom/FF472FF76794D2946DC102AD40EF55A9.jpg,,,2025-10-15T23:59:59+01:00,PROSPECTUS,13,4,
53258,8445290554499,28.0,Nestlé,"Snack Para Bebé Morango e Banana, 28g",,1.06,37.86,0,kg,€/Kg,,,https://driveimg1.intermarche.com/pt/Content/images/boitmal/produit/zoom/6892F063E24374E65ABAEF0E93A198F3.jpg,,,,,,2025-10-15T23:59:59+01:00,PROSPECTUS,13,4,
53350,5000204307856,250.0,Pronto,"Limpa Móveis Lavanda, 250ml",,3.59,14.36,250,L,€/L,,,https://driveimg1.intermarche.com/pt/Content/images/boitmal/produit/zoom/19DA4D5F0E263A3E696E630DB8D223DA.jpg,https://driveimg1.intermarche.com/pt/Content/images/boitmal/produit/zoom/E1C68282AB335F96CCA4EC866E860200.jpg,https://driveimg1.intermarche.com/pt/Content/images/boitmal/produit/zoom/E1C68282AB335F96CCA4EC866E860200.jpg,,,,2025-10-15T23:59:59+01:00,PROSPECTUS,13,4,
53454,5029053563596,,Scottex,"Lenços Faciais, 70 unidades",,1.35,1.35,70,,€/Unidade,,,https://driveimg1.intermarche.com/pt/Content/images/boitmal/produit/zoom/440B07E7CC0C7A63809C00E3BDE5FF02.jpg,,,,,,2025-10-15T23:59:59+01:00,PROSPECTUS,13,4,
53626,3600542509596,340.0,Garnier,Máscara Cabelo Ultra Suave Gama Maravilhosa,Embalagem de 340ml,4.74,13.94,340,L,€/L,,,https://driveimg1.intermarche.com/pt/Content/images/boitmal/produit/zoom/A2A1CFA5E77CBE04FF25DF4E2615ECC1.jpg,,,,,,2025-10-15T23:59:59+01:00,PROSPECTUS,13,4,
53633,3600551133195,50.0,Narta,Desodorizante Roll On Biotic Sensível,Embalagem de 50ml,2.79,55.8,50,L,€/L,,,https://driveimg1.intermarche.com/pt/Content/images/boitmal/produit/zoom/7CE370B00E4EAD1C6F36DF4186DB8914.jpg,https://driveimg1.intermarche.com/pt/Content/images/boitmal/produit/zoom/027D18E2E70AE5E18E54E723C698A1D0.jpg,https://driveimg1.intermarche.com/pt/Content/images/boitmal/produit/zoom/027D18E2E70AE5E18E54E723C698A1D0.jpg,,,,2025-10-15T23:59:59+01:00,PROSPECTUS,13,4,
53634,3600551133201,50.0,Narta,Desodorizante Roll On Biotic Invisível,Embalagem de 50ml,2.79,55.8,50,L,€/L,,,https://driveimg1.intermarche.com/pt/Content/images/boitmal/produit/zoom/C62305EEEF9C09E8412C0A43362EDC0F.jpg,https://driveimg1.intermarche.com/pt/Content/images/boitmal/produit/zoom/2942F7991EA1D1FE1EA0987649ABC50D.jpg,https://driveimg1.intermarche.com/pt/Content/images/boitmal/produit/zoom/2942F7991EA1D1FE1EA0987649ABC50D.jpg,,,,2025-10-15T23:59:59+01:00,PROSPECTUS,13,4,
53672,5054563155535,75.0,Parodontax,"Pasta de Dentes Gengivas, Sensibilidade, Hálito e Branqueadora",Embalagem de 75ml,5.19,69.2,75,L,€/L,,,https://driveimg1.intermarche.com/pt/Content/images/boitmal/produit/zoom/87A987E57450CCF1EBBCAD737517FAB5.jpg,https://driveimg1.intermarche.com/pt/Content/images/boitmal/produit/zoom/45919E21211034CFC9DCF75D551CD73E.jpg,https://driveimg1.intermarche.com/pt/Content/images/boitmal/produit/zoom/45919E21211034CFC9DCF75D551CD73E.jpg,https://driveimg1.intermarche.com/pt/Content/images/boitmal/produit/zoom/45919E21211034CFC9DCF75D551CD73E.jpg,https://driveimg1.intermarche.com/pt/Content/images/boitmal/produit/zoom/45919E21211034CFC9DCF75D551CD73E.jpg,https://driveimg1.intermarche.com/pt/Content/images/boitmal/produit/zoom/45919E21211034CFC9DCF75D551CD73E.jpg,2025-10-15T23:59:59+01:00,PROSPECTUS,13,4,
5371,5601237001102,750.0,Catarina,"Vinho branco península de setúbal, garrafa de 0,75 l",,5.69,7.59,750,L,€/L,,,https://driveimg1.intermarche.com/pt/Content/images/boitmal/produit/zoom/19D4BC955B202F07F9D85CD38607782B.jpg,,,,,,2025-10-15T23:59:59+01:00,PROSPECTUS,13,4,
53913,5604260332991,300.0,PorSi,Canelloni De Cogumelos 300G,,2.99,9.97,0,kg,€/Kg,,Tipo de stockagem,https://driveimg1.intermarche.com/pt/Content/images/boitmal/produit/zoom/315ACE4086C41BD5C8418415638AF808.jpg,,,,,,2025-10-15T23:59:59+01:00,PROSPECTUS,13,4,
53919,2696282000000,250.0,Pastelaria,"Baguete Constance, 250 g",,0.79,3.16,0,kg,€/Kg,,,https://driveimg1.intermarche.com/pt/Content/images/boitmal/produit/zoom/E31381B4AE9393D5575E71A4567985AE.jpg,,,,,,2025-10-15T23:59:59+01:00,PROSPECTUS,13,4,
54341,8718951591653,600.0,Sanex,"Gel De Banho Zero% Pele Seca, 600ml",,2.99,4.98,600,L,€/L,,,https://driveimg1.intermarche.com/pt/Content/images/boitmal/produit/zoom/C6FB8F8058B4D6EEA73B8FA2DF5002A2.jpg,,,,,,2025-10-15T23:59:59+01:00,PROSPECTUS,13,4,
54553,5604260325559,50.0,Labell,Creme De Rosto Antirrugas Dia Q10 50 Ml,,2.69,53.8,50,L,€/L,,,https://driveimg1.intermarche.com/pt/Content/images/boitmal/produit/zoom/1655BE22260109DFDC5E1F1D51AE2D90.jpg,,,,,,2025-10-15T23:59:59+01:00,PROSPECTUS,13,4,
54557,5604260332007,300.0,Labell,"Champô Anticaspa 2em1, 300ml",,1.69,5.63,300,L,€/L,,,https://driveimg1.intermarche.com/pt/Content/images/boitmal/produit/zoom/A9F73A19A564852FAE1F8E95D60A326F.jpg,,,,,,2025-10-15T23:59:59+01:00,PROSPECTUS,13,4,
54606,8720181466359,720.0,Dove,"Gel de banho hydrate, 720ml",,7.99,11.1,720,L,€/L,,,https://driveimg1.intermarche.com/pt/Content/images/boitmal/produit/zoom/73576AE98695DDB42CEBA03FBEBB469E.jpg,,,,,,2025-10-15T23:59:59+01:00,PROSPECTUS,13,4,
54632,5603722523045,1000.0,Gresso,"Leite UHT Meio Gordo, 1L",,0.87,0.87,1000,L,€/L,,,https://driveimg1.intermarche.com/pt/Content/images/boitmal/produit/zoom/ECF816693AC2579C9FB595FD8ABD96D7.jpg,,,,,,2025-10-15T23:59:59+01:00,PROSPECTUS,13,4,
54633,5603722523052,1000.0,Gresso,"Leite Uht Magro, 1L",,0.87,0.87,1000,L,€/L,,,https://driveimg1.intermarche.com/pt/Content/images/boitmal/produit/zoom/62FAA0AA671FC5B53B3DDBACCC92B900.jpg,,,,,,2025-10-15T23:59:59+01:00,PROSPECTUS,13,4,
54669,5000116128754,200.0,Iglo,"Cordon bleu, 200g",,3.99,19.95,0,kg,€/Kg,,Tipo de stockagem,https://driveimg1.intermarche.com/pt/Content/images/boitmal/produit/zoom/9A94E635EDF0DAF7EF8F166E06599C57.jpg,,,,,,2025-10-15T23:59:59+01:00,PROSPECTUS,13,4,
54671,8711327587199,2000.0,Lipton,"Ice tea limao, 2 l",,3.19,1.6,2000,L,€/L,,,https://driveimg1.intermarche.com/pt/Content/images/boitmal/produit/zoom/50E0AE93B7B2DC79031DA2E6F9D15838.jpg,,,,,,2025-10-15T23:59:59+01:00,PROSPECTUS,13,4,
54724,7622210137258,157.0,Oreo,"Bolacha de chocolate com recheio de creme duplo, 157 g",,1.49,9.49,0,kg,€/Kg,,,https://driveimg1.intermarche.com/pt/Content/images/boitmal/produit/zoom/38DE407C4A6E0E8634E0A1545F0CBBBC.jpg,,,,,,2025-10-15T23:59:59+01:00,PROSPECTUS,13,4,
54763,8720182858290,245.0,Calvé,"Molho cocktail, 245g",,1.94,7.92,0,kg,€/Kg,,,https://driveimg1.intermarche.com/pt/Content/images/boitmal/produit/zoom/235F1A0F09B842825C47B4D30251D6FC.jpg,,,,,,2025-10-15T23:59:59+01:00,PROSPECTUS,13,4,
54802,5603722521539,604.0,Mimosa,"Iogurte liquido morango, 4 x 151 ml",,1.39,2.3,604,L,€/L,,,https://driveimg1.intermarche.com/pt/Content/images/boitmal/produit/zoom/FB51425211E1948B683D88C51AE1A4C5.jpg,,,,,,2025-10-15T23:59:59+01:00,PROSPECTUS,13,4,
54811,8445290486998,250.0,Nestum,"Nestum chocolate zero +3a, 250 g",,2.24,8.96,0,kg,€/Kg,,,https://driveimg1.intermarche.com/pt/Content/images/boitmal/produit/zoom/E9CB9399D91E93DDB7A434FFF18ECCD1.jpg,,,,,,2025-10-15T23:59:59+01:00,PROSPECTUS,13,4,
54984,5063270101575,14.0,Lipton,"Infusão Camomila Pyramid Saquetas, 20un.",,1.49,106.43,0,kg,€/Kg,,,https://driveimg1.intermarche.com/pt/Content/images/boitmal/produit/zoom/DEBCA4E077AE2456EFBDA10F8C62C4AD.jpg,,,,,,2025-10-15T23:59:59+01:00,PROSPECTUS,13,4,
55246,8410063095219,1000.0,Pescanova,"Filetes de Pescada Panados sem Glúten, 1kg",,7.89,7.89,0,kg,€/Kg,,Tipo de stockagem,https://driveimg1.intermarche.com/pt/Content/images/boitmal/produit/zoom/A5655C95B01DFE4827D4B19FBAEEAA93.jpg,,,,,,2025-10-15T23:59:59+01:00,PROSPECTUS,13,4,
55278,8445291099692,,Buondi,"Cápsulas de Café Ristretto Int 13, 36un.",,10.99,10.99,36,,€/Unidade,,,https://driveimg1.intermarche.com/pt/Content/images/boitmal/produit/zoom/B08F7DA9148A63F6D56B42F18C106EC8.jpg,,,,,,2025-10-15T23:59:59+01:00,PROSPECTUS,13,4,
55280,7613287613578,,Nescafe,"Cápsulas de Café Buondi Int 8, 64un.",,19.99,19.99,64,,€/Unidade,,,https://driveimg1.intermarche.com/pt/Content/images/boitmal/produit/zoom/14AE7C907C99FCAFB35C1B5946D22C9A.jpg,,,,,,2025-10-15T23:59:59+01:00,PROSPECTUS,13,4,
55329,8410500030964,100.0,Danone,"Iogurte Duo Cremoso Chocoballs, 100g",,0.79,7.9,0,kg,€/Kg,,,https://driveimg1.intermarche.com/pt/Content/images/boitmal/produit/zoom/B0F4CDC2E5BF370B42375079B29D01E4.jpg,,,,,,2025-10-15T23:59:59+01:00,PROSPECTUS,13,4,
55380,5608309018228,750.0,Altano,"Vinho Tinto Reserva Douro, 75cl",,7.49,9.99,750,L,€/L,,,https://driveimg1.intermarche.com/pt/Content/images/boitmal/produit/zoom/E22DC036D9C0CFB1BF954618CC4A8CB0.jpg,,,,,,2025-10-15T23:59:59+01:00,PROSPECTUS,13,4,
