identifier,produitEan13,capacite,marque,libelle,conditionnement,prix,unitPrice,volume,typeProduit_uniteByCode,unit_value,pictogrammes_0,pictogrammes_libelleCategorie,avantages_dateFin,avantages_categorie,images_0,images_1,images_2,nro_paginas,page,images_3,images_4,images_5
979,5601024134471,750.0,Oliveira da Serra,Azeite Virgem,Embalagem de 750 ml,6.99,9.32,750,L,€/L,,,2024-07-31T23:59:59.999999999+01:00,PROSPECTUS,https://driveimg1.intermarche.com/pt/Content/images/boitmal/produit/zoom/32A5EFAE1A78DF80856528FEA48BA60C.jpg,,,12,1,,,
978,5601024134136,750.0,Oliveira da Serra,Azeite,Embalagem de 750 ml,5.99,7.99,750,L,€/L,,,2024-08-02T23:59:59.999999999+01:00,PROSPECTUS,https://driveimg1.intermarche.com/pt/Content/images/boitmal/produit/zoom/4618FCD27F27BDBAA8CF1CDC30F2EFF5.jpg,,,12,1,,,
9293,5603722493942,250.0,Primor,Manteiga pasteurizada com sal cuvet,Embalagem de 250g,1.99,7.96,0,kg,€/Kg,,,2024-07-31T23:59:59.999999999+01:00,PROSPECTUS,https://driveimg1.intermarche.com/pt/Content/images/boitmal/produit/zoom/5B98CBCDF9DE77B1D84C2C6375C3439D.jpg,,,12,1,,,
30958,5449000957955,3500.0,Coca-Cola,Coca-cola zero,pack 2 x 1.75 l,3.14,0.9,3500,L,€/L,,,2024-07-31T23:59:59.999999999+01:00,PROSPECTUS,https://driveimg1.intermarche.com/pt/Content/images/boitmal/produit/zoom/9B5373624D44366A3ACEBCD7C73191EB.jpg,,,12,1,,,
13947,2891125000000,150.0,Peru,Espetadas de Peru,1 un = 150 gr (aprox.),0.97,6.49,0,,€/Kg,,,2024-07-31T23:59:59.999999999+01:00,PROSPECTUS,https://driveimg1.intermarche.com/pt/Content/images/boitmal/produit/zoom/F64981E370592175339C16298CEA7C3B.jpg,,,12,1,,,
26047,8412600070994,650.0,Bimbo,Pão de forma s/ côdea,Embalagem de 650 g,2.09,3.22,0,kg,€/Kg,,,2024-07-31T23:59:59.999999999+01:00,PROSPECTUS,https://driveimg1.intermarche.com/pt/Content/images/boitmal/produit/zoom/998967574B383CCF8D49F03316F06108.jpg,,,12,1,,,
3526,2894034000000,150.0,Nobre,Fiambre da Perna Extra,1 un = 150 gr (aprox.),2.25,14.99,0,,€/Kg,,,2024-07-31T23:59:59.999999999+01:00,PROSPECTUS,https://driveimg1.intermarche.com/pt/Content/images/boitmal/produit/zoom/557B46964D51EA0529BF496E616F76D8.jpg,,,12,1,,,
12972,2892040000000,1000.0,Fruta,Banana,1 un = 200 gr (aprox.),1.09,1.09,0,,€/Kg,,,2024-07-31T23:59:59.999999999+01:00,PROSPECTUS,https://driveimg1.intermarche.com/pt/Content/images/boitmal/produit/zoom/C368220872795E9863F1F37C2230CCEA.jpg,,,12,1,,,
18595,8410500016012,400.0,Danonino Danone,"Iogurte líquido danonino morango,  4 x 100 g",,1.99,4.98,0,kg,€/Kg,,,2024-07-31T23:59:59.999999999+01:00,PROSPECTUS,https://driveimg1.intermarche.com/pt/Content/images/boitmal/produit/zoom/0E203361E14F23CD94ABD0BD721CC32D.jpg,,,12,1,,,
11523,5601051410029,250.0,Primor,"Manteiga com sal, 250g",,1.99,7.96,0,kg,€/Kg,,,2024-07-31T23:59:59.999999999+01:00,PROSPECTUS,https://driveimg1.intermarche.com/pt/Content/images/boitmal/produit/zoom/5E7E0622B0F1F3C827A5445EBDA354EF.jpg,,,12,1,,,
18426,3600541887817,400.0,Ultra Suave,Champô Delicias de Aveia,Embalagem de 400 ml,3.79,9.48,400,L,€/L,,,2024-07-31T23:59:59.999999999+01:00,PROSPECTUS,https://driveimg1.intermarche.com/pt/Content/images/boitmal/produit/zoom/6E178A060EBA624F1168DFA6C596E4DF.jpg,,,12,1,,,
18628,5601028002707,,Renova,Rolo de Cozinha Multi,4 Rolos,1.49,1.49,0,,€/Unidade,,,2024-08-02T23:59:59.999999999+01:00,PROSPECTUS,https://driveimg1.intermarche.com/pt/Content/images/boitmal/produit/zoom/EC28E7C70040AEF56E88826756B8374D.jpg,,,12,1,,,
11883,5602445000543,750.0,Encosta das Perdizes,Vinho regional alentejano reserva tinto,Garrafa de 0.75 l,3.29,4.39,750,L,€/L,,,2024-08-02T23:59:59.999999999+01:00,PROSPECTUS,https://driveimg1.intermarche.com/pt/Content/images/boitmal/produit/zoom/97CDEC766F9D980921096CEB55AB1DA5.jpg,,,12,1,,,
15489,7613031884247,4000.0,Friskies,"Ração para gato adulto com vaca, frango",Embalagem de 4kg,10.79,2.7,0,kg,€/Kg,,,2024-07-31T23:59:59.999999999+01:00,PROSPECTUS,https://driveimg1.intermarche.com/pt/Content/images/boitmal/produit/zoom/3758935B87F55535F41EEF08B41E8342.jpg,,,12,1,,,
1010,5601038300091,240.0,Knorr,Caldo de galinha 24 cubos,Embalagem de 240g,2.49,10.38,0,kg,€/Kg,,,2024-08-02T23:59:59.999999999+01:00,PROSPECTUS,https://driveimg1.intermarche.com/pt/Content/images/boitmal/produit/zoom/4EAB67797AD4AB1D62B7E64BA0380D8B.jpg,,,12,1,,,
23353,5000116112197,375.0,Capitão Iglo,18 nuggets de frango,Embalagem de 380g,4.99,13.31,0,kg,€/Kg,,Tipo de stockagem,2024-07-31T23:59:59.999999999+01:00,PROSPECTUS,https://driveimg1.intermarche.com/pt/Content/images/boitmal/produit/zoom/9D484954D4D236D651A8F338A7717B74.jpg,,,12,1,,,
10128,8006540836224,,Dodot,Toalhitas Pure 0% Plástico,Embalagem de 48 unidades,1.74,1.74,0,,€/Unidade,,,2024-08-02T23:59:59.999999999+01:00,PROSPECTUS,https://driveimg1.intermarche.com/pt/Content/images/boitmal/produit/zoom/17235F16D1C1F2E1B279ED0493A63896.jpg,,,12,1,,,
31947,5601151973554,1250.0,Seven-up,Refrigerante com Gás Lima Limão Free,"Garrafa de 1,25 l",1.09,0.87,1250,L,€/L,,,2024-08-02T23:59:59.999999999+01:00,PROSPECTUS,https://driveimg1.intermarche.com/pt/Content/images/boitmal/produit/zoom/8A720C0899795D87955A54DE55D0D0B2.jpg,,,12,1,,,
13048,2893561000000,250.0,Marisco,Ameijoa Branca Vietnamita Congelada,Vendido a partir de 250 gr  (aprox.),0.5,1.99,0,,€/Kg,,Avantages !,2024-07-31T23:59:59.999999999+01:00,PROSPECTUS,https://driveimg1.intermarche.com/pt/Content/images/boitmal/produit/zoom/87AAE93BFC6F911123DE0600840801E2.jpg,,,12,1,,,
17402,8412600027233,700.0,Bimbo,Pão forma familiar normal,embalagem de 700 g,1.99,2.84,0,kg,€/Kg,,,2024-07-31T23:59:59.999999999+01:00,PROSPECTUS,https://driveimg1.intermarche.com/pt/Content/images/boitmal/produit/zoom/DE8CCFFBC376CC9F4596A72F8ABC4CE5.jpg,,,12,1,,,
13833,2892579000000,300.0,Legumes,Pepino,1 un = 300 gr  (aprox.),0.36,1.19,0,,€/Kg,,,2024-07-31T23:59:59.999999999+01:00,PROSPECTUS,https://driveimg1.intermarche.com/pt/Content/images/boitmal/produit/zoom/81A5C57CCE1518487B68F04112010F92.jpg,,,12,1,,,
5096,5601050026429,300.0,Danonino Danone,"Queijinho danonino petitdino de morango/banana,  6 x 50 g",,1.99,6.63,0,kg,€/Kg,,,2024-07-31T23:59:59.999999999+01:00,PROSPECTUS,https://driveimg1.intermarche.com/pt/Content/images/boitmal/produit/zoom/FA8D1A9125B498992C62B9745CC5DD3D.jpg,,,12,1,,,
42518,8001841677194,,Dodot,Fralda cueca T5 | 12 a 17 kg,Embalagem com 30 unidades,7.98,7.98,0,,€/Unidade,,,2024-08-02T23:59:59.999999999+01:00,PROSPECTUS,https://driveimg1.intermarche.com/pt/Content/images/boitmal/produit/zoom/C651C3D83C903BFECFB80C7D96F998E5.jpg,,,12,1,,,
26300,4000388177000,250.0,Dove,"Sabonete Líquido Original, 250 ml",,2.39,9.56,250,L,€/L,,,2024-08-02T23:59:59.999999999+01:00,PROSPECTUS,https://driveimg1.intermarche.com/pt/Content/images/boitmal/produit/zoom/4CDFFBE6127F9BD8A2946AFF52A0239A.jpg,,,12,1,,,
16493,8718951037939,500.0,Ajax,"Limpa vidros pistola, cristal",Embalagem de 500 ml,1.97,3.94,500,L,€/L,,,2024-07-31T23:59:59.999999999+01:00,PROSPECTUS,https://driveimg1.intermarche.com/pt/Content/images/boitmal/produit/zoom/E563EF990460546D67BF949773E0A516.jpg,,,12,1,,,
36282,5602016061096,750.0,Cacho Fresco,Vinho branco frisante,Garrafa de 0.75 l,1.64,2.19,750,L,€/L,,,2024-08-07T23:59:59.999999999+01:00,PROSPECTUS,https://driveimg1.intermarche.com/pt/Content/images/boitmal/produit/zoom/5A84D9FCFD5D8797917DBD1BC3DA5748.jpg,,,12,1,,,
2777,8410168399823,3000.0,Friskies,Ração para cão júnior vitafit com frango e leite,Embalagem de 3 kg,9.74,3.25,0,kg,€/Kg,,,2024-07-31T23:59:59.999999999+01:00,PROSPECTUS,https://driveimg1.intermarche.com/pt/Content/images/boitmal/produit/zoom/0DFCA8E5439FA8FC7457AA59F9A611A6.jpg,,,12,1,,,
12978,2892462000000,400.0,Legumes,Alface Frisada,1 un= 400 g (aprox.),0.48,1.19,0,,€/Kg,,,2024-07-31T23:59:59.999999999+01:00,PROSPECTUS,https://driveimg1.intermarche.com/pt/Content/images/boitmal/produit/zoom/14C8DBD7827DB992F77D5C5056950123.jpg,,,12,1,,,
36522,5604260292042,,PorSi,Papel higiénico macio absorvente,12 rolos,2.59,2.59,0,,€/Unidade,,,2024-08-02T23:59:59.999999999+01:00,PROSPECTUS,https://driveimg1.intermarche.com/pt/Content/images/boitmal/produit/zoom/839473679F0155D9469467503CB1B3E6.jpg,,,12,1,,,
28607,5604260278442,640.0,PorSi,"Iogurte líquido morango/banana,  4 x 160 g",,1.38,2.16,0,kg,€/Kg,,,2024-08-02T23:59:59.999999999+01:00,PROSPECTUS,https://driveimg1.intermarche.com/pt/Content/images/boitmal/produit/zoom/E93EE6852A43EE33A208A07B3A318C73.jpg,,,12,1,,,
13818,2892584000000,250.0,Legumes,Pimento Vermelho,1 un=250 gr (aprox.),0.55,2.19,0,,€/Kg,,,2024-07-31T23:59:59.999999999+01:00,PROSPECTUS,https://driveimg1.intermarche.com/pt/Content/images/boitmal/produit/zoom/A89EFDBC825F249BCF5C02ECF326661E.jpg,,,12,1,,,
9727,5604260273058,200.0,PorSi,Queijo mozzarella ralado,Embalagem de 200 g,1.39,6.95,0,kg,€/Kg,,,2024-08-02T23:59:59.999999999+01:00,PROSPECTUS,https://driveimg1.intermarche.com/pt/Content/images/boitmal/produit/zoom/06A41E6C952C21A7856951F2F972349C.jpg,,,12,1,,,
14858,2696002000000,250.0,PorSi,Baguete,250 g,0.44,1.76,0,kg,€/Kg,,,2024-07-31T23:59:59.999999999+01:00,PROSPECTUS,https://driveimg1.intermarche.com/pt/Content/images/boitmal/produit/zoom/8311AC325D7D7C5FB5753C9B337353B0.jpg,,,12,1,,,
9691,5604260270613,500.0,PorSi,Queijo Flamengo Fatias,Embalagem 500G,3.99,7.98,0,kg,€/Kg,,,2024-08-02T23:59:59.999999999+01:00,PROSPECTUS,https://driveimg1.intermarche.com/pt/Content/images/boitmal/produit/zoom/FFFF236BFADF54D62A4E0EFB7AF0E7B7.jpg,,,12,1,,,
15577,5604260279166,125.0,PorSi,Framboesa,Embalagem com 125g,1.39,11.12,0,kg,€/Kg,,,2024-07-31T23:59:59.999999999+01:00,PROSPECTUS,https://driveimg1.intermarche.com/pt/Content/images/boitmal/produit/zoom/498DD3B7B51C2A37F7C64567752911E7.jpg,,,12,1,,,
12888,2892090000000,500.0,Fruta,Manga Avião,1 un=500 gr (aprox.),2.0,3.99,0,,€/Kg,,,2024-07-31T23:59:59.999999999+01:00,PROSPECTUS,https://driveimg1.intermarche.com/pt/Content/images/boitmal/produit/zoom/2F9334665091AF30C298FAAAC9CB308C.jpg,https://driveimg1.intermarche.com/pt/Content/images/boitmal/produit/zoom/842EA0C904154D230A3A6F63A245D264.jpg,,12,1,,,
1308,5601151979099,1250.0,Sumol,Refrigerante com gás de laranja,"Garrafa de 1,25 l",1.09,0.87,1250,L,€/L,,,2024-08-02T23:59:59.999999999+01:00,PROSPECTUS,https://driveimg1.intermarche.com/pt/Content/images/boitmal/produit/zoom/ECE6BD1006EEE4AC73A1110926F981DC.jpg,,,12,1,,,
13783,2892309000000,250.0,Fruta,Uva Branca,1 un = 250 gr  (aprox.),0.75,2.99,0,,€/Kg,,,2024-07-31T23:59:59.999999999+01:00,PROSPECTUS,https://driveimg1.intermarche.com/pt/Content/images/boitmal/produit/zoom/DB7148DE07D64730B6116742CAAFF4F9.jpg,,,12,1,,,
18296,5604260278428,640.0,PorSi,"Iogurte líquido pinacolada,  4 x 160 g",,1.38,2.16,0,kg,€/Kg,,,2024-08-02T23:59:59.999999999+01:00,PROSPECTUS,https://driveimg1.intermarche.com/pt/Content/images/boitmal/produit/zoom/E2D38B384B5C05E85037B10175E3330E.jpg,,,12,1,,,
19447,5604260278473,640.0,PorSi,"Iogurte líquido de frutos vermelhos,  4 x 160 g",,1.38,2.16,0,kg,€/Kg,,,2024-08-02T23:59:59.999999999+01:00,PROSPECTUS,https://driveimg1.intermarche.com/pt/Content/images/boitmal/produit/zoom/891F6EF8D7281D5B469468F4C3F4A246.jpg,,,12,1,,,
25597,5601151979303,1200.0,Bongo,Néctar 8 frutos,Pack 6 x 200 ml,2.19,1.83,1200,L,€/L,,,2024-08-02T23:59:59.999999999+01:00,PROSPECTUS,https://driveimg1.intermarche.com/pt/Content/images/boitmal/produit/zoom/8F7097498E407AAD3EBA218E9E0D2469.jpg,,,12,1,,,
28608,5604260282821,160.0,PorSi,"Iogurte Líquido Frutos Tropicais, 4 x 160g",,1.38,8.63,0,kg,€/Kg,,,2024-08-02T23:59:59.999999999+01:00,PROSPECTUS,https://driveimg1.intermarche.com/pt/Content/images/boitmal/produit/zoom/EB7AD688B381BBBCE16BBE5DF0C318EE.jpg,,,12,1,,,
40749,5604260304158,1000.0,PorSi,Detergente liquido loiça clássico,Garrafa de 1 litro,0.89,0.89,1000,L,€/L,,,2024-08-02T23:59:59.999999999+01:00,PROSPECTUS,https://driveimg1.intermarche.com/pt/Content/images/boitmal/produit/zoom/AF2F1189F25F58E20EE8C7BA2141119A.jpg,,,12,1,,,
45212,5604260313440,,PorSi,Toalhitas Bebé Basic,Embalagem de 72 unidades,0.89,0.89,0,,€/Unidade,,,2024-08-02T23:59:59.999999999+01:00,PROSPECTUS,https://driveimg1.intermarche.com/pt/Content/images/boitmal/produit/zoom/856ACD070E028237EAE2C96F31396D77.jpg,,,12,1,,,
11640,5601180000993,1000.0,Vigor,Leite pasteurizado gordo,Garrafa de 1 l,0.98,0.98,1000,L,€/L,,,2024-08-02T23:59:59.999999999+01:00,PROSPECTUS,https://driveimg1.intermarche.com/pt/Content/images/boitmal/produit/zoom/D35A2632D9FCF31B32BD4205099C2552.jpg,,,12,1,,,
12889,2892175000000,150.0,Fruta,Kiwi categoria II,1 un = 150 gr (aprox.),0.45,2.99,0,,€/Kg,,,2024-07-31T23:59:59.999999999+01:00,PROSPECTUS,https://driveimg1.intermarche.com/pt/Content/images/boitmal/produit/zoom/8ECB4A8CBEF9251912188D64C7413AB3.jpg,,,12,1,,,
1315,5601151983508,1250.0,Seven-up,Refrigerante com Gás Lima Limão,"Garrafa de 1,25 l",1.19,0.95,1250,L,€/L,,,2024-08-02T23:59:59.999999999+01:00,PROSPECTUS,https://driveimg1.intermarche.com/pt/Content/images/boitmal/produit/zoom/D7ADD067C52BBE29F907539EA3813D05.jpg,,,12,1,,,
48083,5604260323135,1000.0,PorSi,Oleo alimentar,Garrafa de 1 l,1.49,1.49,1000,L,€/L,,,2024-08-02T23:59:59.999999999+01:00,PROSPECTUS,https://driveimg1.intermarche.com/pt/Content/images/boitmal/produit/zoom/8B2EE5D82D8A9168ABD059EAAC852768.jpg,,,12,1,,,
22395,8712100745614,412.0,Hellmann's,Mionese top down,Embalagem de 410g,3.14,7.62,0,kg,€/Kg,,,2024-07-31T23:59:59.999999999+01:00,PROSPECTUS,https://driveimg1.intermarche.com/pt/Content/images/boitmal/produit/zoom/C642A36EEC291CE47645FCCBF50ED41C.jpg,https://driveimg1.intermarche.com/pt/Content/images/boitmal/produit/zoom/8441A970BF19CB238C08CCCD9712CAB2.jpg,https://driveimg1.intermarche.com/pt/Content/images/boitmal/produit/zoom/8441A970BF19CB238C08CCCD9712CAB2.jpg,12,1,,,
26772,5449000106186,3500.0,Coca-Cola,Refrigerante c/ gás,pack 2 x 1.75 l,3.68,1.05,3500,L,€/L,,,2024-07-31T23:59:59.999999999+01:00,PROSPECTUS,https://driveimg1.intermarche.com/pt/Content/images/boitmal/produit/zoom/1D4EC82F15980642AA3BE6E246545A05.jpg,,,12,1,,,
36728,5604260294343,1000.0,PorSi,Arroz carolino,Embalagem de 1 kg,1.25,1.25,0,kg,€/Kg,,,2024-08-02T23:59:59.999999999+01:00,PROSPECTUS,https://driveimg1.intermarche.com/pt/Content/images/boitmal/produit/zoom/10350363E0DE37B1698299EA7835EFEE.jpg,,,12,1,,,
9279,5603533652002,1000.0,Frize,Água c/ gás limão,pack 4 x 0.25 l,1.99,1.99,1000,L,€/L,,,2024-08-02T23:59:59.999999999+01:00,PROSPECTUS,https://driveimg1.intermarche.com/pt/Content/images/boitmal/produit/zoom/5168323A2D812BEF907FCB0E5F1CDA9E.jpg,,,12,1,,,
9292,5603722493812,250.0,Matinal,Manteiga Magra,Embalagem de 250g,2.29,9.16,0,kg,€/Kg,,,2024-07-31T23:59:59.999999999+01:00,PROSPECTUS,https://driveimg1.intermarche.com/pt/Content/images/boitmal/produit/zoom/B0EFE8F0BAC9D546B0137E2AAE6CB19F.jpg,,,12,1,,,
1475,5601286273789,500.0,Milaneza,Massa fusilli tricolor,Embalagem de 500g,1.26,2.52,0,kg,€/Kg,,,2024-07-31T23:59:59.999999999+01:00,PROSPECTUS,https://driveimg1.intermarche.com/pt/Content/images/boitmal/produit/zoom/A32BE3BEA03451FFDDD551AFD3876300.jpg,,,12,1,,,
15879,5601164902282,3000.0,Super Bock,Cerveja Mini,Pack 15 x 0.20 L,6.99,2.33,3000,L,€/L,,,2024-07-31T23:59:59.999999999+01:00,PROSPECTUS,https://driveimg1.intermarche.com/pt/Content/images/boitmal/produit/zoom/B6A4FA8F12716114DD47B614825CAA6B.jpg,,,12,1,,,
34077,5604260287284,1500.0,PorSi,"Iogurte natural, 12 x 125g",,2.18,1.45,0,kg,€/Kg,,,2024-08-02T23:59:59.999999999+01:00,PROSPECTUS,https://driveimg1.intermarche.com/pt/Content/images/boitmal/produit/zoom/3965ED928DFAC6A0B27DB3EED0D09D6B.jpg,,,12,1,,,
405,8712566410910,280.0,Calvé,Ketchup,Embalagem de 280g,1.84,6.57,0,kg,€/Kg,,,2024-07-31T23:59:59.999999999+01:00,PROSPECTUS,https://driveimg1.intermarche.com/pt/Content/images/boitmal/produit/zoom/D7E099A6ABAECF4C5D06260734A2C975.jpg,https://driveimg1.intermarche.com/pt/Content/images/boitmal/produit/zoom/0D7B165FF00CA45BD8F6AC077E3CA1EC.jpg,https://driveimg1.intermarche.com/pt/Content/images/boitmal/produit/zoom/0D7B165FF00CA45BD8F6AC077E3CA1EC.jpg,12,1,,,
40558,5604260301164,220.0,PorSi,"Queijinho morango com drageias,  2 x 110 g",,1.69,7.68,0,kg,€/Kg,,,2024-08-02T23:59:59.999999999+01:00,PROSPECTUS,https://driveimg1.intermarche.com/pt/Content/images/boitmal/produit/zoom/939055EF9B8FE9ECC8E1BC97C5579929.jpg,,,12,1,,,
40750,5604260304165,1000.0,PorSi,Detergente liquido loiça limão,Garrafa de 1 litro,0.89,0.89,1000,L,€/L,,,2024-08-02T23:59:59.999999999+01:00,PROSPECTUS,https://driveimg1.intermarche.com/pt/Content/images/boitmal/produit/zoom/133A79C299237D7021118245D0D00D2E.jpg,,,12,1,,,
41716,5604260303809,90.0,PorSi,Saqueta de puré de fruta | maçã + pêssego + banana + pera,90 g,0.74,8.22,0,kg,€/Kg,,,2024-08-02T23:59:59.999999999+01:00,PROSPECTUS,https://driveimg1.intermarche.com/pt/Content/images/boitmal/produit/zoom/BA821088BC22D810D2198777A3EC5FCD.jpg,,,12,1,,,
41720,5604260303786,90.0,PorSi,Saqueta de puré de fruta | maçã + banana + morango,90 g,0.74,8.22,0,kg,€/Kg,,,2024-08-02T23:59:59.999999999+01:00,PROSPECTUS,https://driveimg1.intermarche.com/pt/Content/images/boitmal/produit/zoom/D8CF0CCEDABFBBF47BBC90A180FDA1C7.jpg,,,12,1,,,
42625,5604260309832,1000.0,PorSi,Farinha de trigo sem fermento t55,Embalagem de 1 kg,0.69,0.69,0,kg,€/Kg,,,2024-08-02T23:59:59.999999999+01:00,PROSPECTUS,https://driveimg1.intermarche.com/pt/Content/images/boitmal/produit/zoom/EF956CFC77024866F5D3B9C6A4D0EA3B.jpg,,,12,1,,,
48862,5604260320592,600.0,PorSi Viva Bem,"Iogurte líquido magro morango,  4x150 ml",,1.38,2.3,600,L,€/L,,,2024-08-02T23:59:59.999999999+01:00,PROSPECTUS,https://driveimg1.intermarche.com/pt/Content/images/boitmal/produit/zoom/0C694DE9782FCC84FA1DB148AA050087.jpg,,,12,1,,,
49359,5601146700066,6000.0,Sagres,Cerveja Mini,pack 24 x 0.25 l,10.99,1.83,6000,L,€/L,,,2024-07-31T23:59:59.999999999+01:00,PROSPECTUS,https://driveimg1.intermarche.com/pt/Content/images/boitmal/produit/zoom/6C2425FE0470CC14A198CD6F86FC4300.jpg,https://driveimg1.intermarche.com/pt/Content/images/boitmal/produit/zoom/B2E3D57423A20C8E7B4C1173F1457C2E.jpg,,12,1,,,
49463,8445290250322,600.0,Nestum,Flocos Cereais Mel,Embalagem de 600g,3.79,6.32,0,kg,€/Kg,,,2024-08-02T23:59:59.999999999+01:00,PROSPECTUS,https://driveimg1.intermarche.com/pt/Content/images/boitmal/produit/zoom/9F028579C623CFF4FC3FA9CCEB955938.jpg,,,12,1,,,
5818,5604260063765,1000.0,PorSi,Macedonia de legumes,Embalagem de 1 kg,1.89,1.89,0,kg,€/Kg,,Tipo de stockagem,2024-08-02T23:59:59.999999999+01:00,PROSPECTUS,https://driveimg1.intermarche.com/pt/Content/images/boitmal/produit/zoom/FB7C912619E696B4A0C61F64E6787D35.jpg,,,12,1,,,
927,5601001180903,380.0,Nestlé,Cereais chocapic,Embalagem de 375 g,2.29,6.03,0,kg,€/Kg,,,2024-08-02T23:59:59.999999999+01:00,PROSPECTUS,https://driveimg1.intermarche.com/pt/Content/images/boitmal/produit/zoom/6DE0110672BED70DCD1FFE94A66DEB48.jpg,,,12,1,,,
11464,5601018003400,1000.0,Matinal,Leite Seleccionado Meio Gordo,Embalagem de 1L,0.89,0.89,1000,L,€/L,,,2024-07-31T23:59:59.999999999+01:00,PROSPECTUS,https://driveimg1.intermarche.com/pt/Content/images/boitmal/produit/zoom/2D40D4EB6EAF6BEF7329493925CCD97C.jpg,,,12,1,,,
11524,5601051420028,250.0,Primor,Manteiga sem sal,Embalagem de 250g,1.99,7.96,0,kg,€/Kg,,,2024-07-31T23:59:59.999999999+01:00,PROSPECTUS,https://driveimg1.intermarche.com/pt/Content/images/boitmal/produit/zoom/B2FFA6A89B700950590104B0F7BA500E.jpg,,,12,1,,,
11687,5601244202158,400.0,Terra Nostra,Queijo fatias -50% gordura,Embalagem de 400g,4.09,10.23,0,kg,€/Kg,,,2024-07-31T23:59:59.999999999+01:00,PROSPECTUS,https://driveimg1.intermarche.com/pt/Content/images/boitmal/produit/zoom/CCCF8966A6691863BD8AEE552A96BE72.jpg,,,12,1,,,
12946,2892155000000,250.0,Fruta,Ameixa Vermelha,1 un = 250 gr  (aprox.),0.5,1.99,0,,€/Kg,,,2024-07-31T23:59:59.999999999+01:00,PROSPECTUS,https://driveimg1.intermarche.com/pt/Content/images/boitmal/produit/zoom/1F3553DA3EF8F6B165B1563A2EC408C3.jpg,,,12,1,,,
13242,2893227000000,200.0,Peixaria,Robalo de Viveiro,de 200 a 600 g (aprox.),1.16,5.79,0,,€/Kg,,,2024-07-31T23:59:59.999999999+01:00,PROSPECTUS,https://driveimg1.intermarche.com/pt/Content/images/boitmal/produit/zoom/48561D1FC8B0542874DDBC21F2E9ADCA.jpg,,,12,1,,,
1427,5601255322128,1000.0,Caçarola,Arroz agulha,Embalagem de 1 kg,1.28,1.28,0,kg,€/Kg,,,2024-08-02T23:59:59.999999999+01:00,PROSPECTUS,https://driveimg1.intermarche.com/pt/Content/images/boitmal/produit/zoom/A52540C62DF57685F2A437535D54EC25.jpg,,,12,1,,,
15889,5000116112180,208.0,Capitão Iglo,10 nuggets de frango com cereais integrais,Embalagem de 208 g,2.99,14.38,0,kg,€/Kg,,Tipo de stockagem,2024-07-31T23:59:59.999999999+01:00,PROSPECTUS,https://driveimg1.intermarche.com/pt/Content/images/boitmal/produit/zoom/33E37BD94FEA9CE794B6269CFF0B46F4.jpg,,,12,1,,,
1677,5602711001311,1000.0,Rar,Açúcar granulado embalado em papel,Embalagem de 1 kg,1.59,1.59,0,kg,€/Kg,,,2024-08-02T23:59:59.999999999+01:00,PROSPECTUS,https://driveimg1.intermarche.com/pt/Content/images/boitmal/produit/zoom/F8294E745C95C50AD875621A802EA691.jpg,,,12,1,,,
18295,5604260278411,640.0,PorSi,"Iogurte líquido morango/cereais,  4 x 160 g",,1.38,2.16,0,kg,€/Kg,,,2024-08-02T23:59:59.999999999+01:00,PROSPECTUS,https://driveimg1.intermarche.com/pt/Content/images/boitmal/produit/zoom/E44EF7A495B5D88032D3F10A44D3886E.jpg,,,12,1,,,
18298,5604260278459,640.0,PorSi,"Iogurte líquido morango,  4 x 160 g",,1.38,2.16,0,kg,€/Kg,,,2024-08-02T23:59:59.999999999+01:00,PROSPECTUS,https://driveimg1.intermarche.com/pt/Content/images/boitmal/produit/zoom/9B284E13E8C95C5E0A5B9E9B9B54FC18.jpg,,,12,1,,,
18619,5014328054756,32.0,Tetley,Chá de frutos vermelhos,Embalagem de 30g,1.84,57.5,0,kg,€/Kg,,,2024-07-31T23:59:59.999999999+01:00,PROSPECTUS,https://driveimg1.intermarche.com/pt/Content/images/boitmal/produit/zoom/C5BC5DEA999699289F39F909DAD82BA7.jpg,,,12,1,,,
2458,7613031423583,625.0,Nestlé,Cereais nesquik,Embalagem de 625g,3.24,5.18,0,kg,€/Kg,,,2024-08-02T23:59:59.999999999+01:00,PROSPECTUS,https://driveimg1.intermarche.com/pt/Content/images/boitmal/produit/zoom/3F494F3C149F2147A07872C278BEDBC9.jpg,,,12,1,,,
26091,7613036115575,550.0,Nestlé,Cereais estrelitas,Embalagem de 550g,2.49,4.53,0,kg,€/Kg,,,2024-07-31T23:59:59.999999999+01:00,PROSPECTUS,https://driveimg1.intermarche.com/pt/Content/images/boitmal/produit/zoom/C94C2BEBB47FF1CA98FCF1DC9BAD855D.jpg,,,12,1,,,
27763,4023103201682,,Vileda,Esfregão Ultra Fresh,Embalagem de 2 + 1 Grátis,1.49,1.49,0,,€/Unidade,,,2024-07-31T23:59:59.999999999+01:00,PROSPECTUS,https://driveimg1.intermarche.com/pt/Content/images/boitmal/produit/zoom/309045F4599DDCDAA04D9C3A77399045.jpg,,,12,1,,,
38049,8001841361079,340.0,Fairy,Detergente liquido para loiça limão,Embalagem de 340 ml,1.59,4.68,340,L,€/L,,,2024-07-31T23:59:59.999999999+01:00,PROSPECTUS,https://driveimg1.intermarche.com/pt/Content/images/boitmal/produit/zoom/BED1AA3039C8B605B08FD8155BD78E2E.jpg,,,12,1,,,
41719,5604260303793,90.0,PorSi,Saqueta de puré de fruta | maçã + banana,90 g,0.74,8.22,0,kg,€/Kg,,,2024-08-02T23:59:59.999999999+01:00,PROSPECTUS,https://driveimg1.intermarche.com/pt/Content/images/boitmal/produit/zoom/917C5C6898063E49F7861F32B2346FD5.jpg,,,12,1,,,
48040,5604260320615,640.0,PorSi Viva Bem,"Iogurte líquido magro frutos vermelhos,  4x160 ml",,1.38,2.16,640,L,€/L,,,2024-08-02T23:59:59.999999999+01:00,PROSPECTUS,https://driveimg1.intermarche.com/pt/Content/images/boitmal/produit/zoom/FA684AFC50E812150A1E2AF9F6A67F47.jpg,https://driveimg1.intermarche.com/pt/Content/images/boitmal/produit/zoom/8BCFC316C76164C4EB30E1CA8663C5AA.jpg,,12,1,,,
48551,7613287300393,209.0,Nescafé,Cápsulas Café Buondi Int. 8,Embalagem de 209g,8.99,43.01,0,kg,€/Kg,,,2024-08-02T23:59:59.999999999+01:00,PROSPECTUS,https://driveimg1.intermarche.com/pt/Content/images/boitmal/produit/zoom/3C2972EF213A813C45BFB5F845259020.jpg,,,12,1,,,
49479,5601151969465,1750.0,Sumol,Refrigerante com Gás Laranja Sem Açúcar,Garrafa de 1.75 l,1.39,0.79,1750,L,€/L,,,2024-08-02T23:59:59.999999999+01:00,PROSPECTUS,https://driveimg1.intermarche.com/pt/Content/images/boitmal/produit/zoom/B1A5F916FFA77C7E7F9A1CB0E85C459E.jpg,,,12,1,,,
52758,5604260329601,200.0,PorSi Viva Bem,"Iogurte Proteico Figo e Mel Sem Lactose,  200g",,0.98,4.9,0,kg,€/Kg,,,2024-08-02T23:59:59.999999999+01:00,PROSPECTUS,https://driveimg1.intermarche.com/pt/Content/images/boitmal/produit/zoom/404D41F5B1208431BF169CB7EE17F294.jpg,,,12,1,,,
52759,5604260329618,200.0,PorSi Viva Bem,"Iogurte Proteico Ginja Sem Lactose,  200g",,0.98,4.9,0,kg,€/Kg,,,2024-08-02T23:59:59.999999999+01:00,PROSPECTUS,https://driveimg1.intermarche.com/pt/Content/images/boitmal/produit/zoom/648E07F12835F0B056FE04BD0061A4C2.jpg,,,12,1,,,
52760,5604260329625,200.0,PorSi Viva Bem,"Iogurte Proteico Pêssego e Maracujá Sem Lactose,  200g",,0.98,4.9,0,kg,€/Kg,,,2024-08-02T23:59:59.999999999+01:00,PROSPECTUS,https://driveimg1.intermarche.com/pt/Content/images/boitmal/produit/zoom/1192B7788C2C8D2143947921A0A37322.jpg,,,12,1,,,
6475,8410436242264,1100.0,Sonasol,Lava Tudo Brilhante Madeira,"embalagem 1,1L",2.79,2.54,1100,L,€/L,,,2024-08-02T23:59:59.999999999+01:00,PROSPECTUS,https://driveimg1.intermarche.com/pt/Content/images/boitmal/produit/zoom/4804207F489281D6AC8C3987D7C802CA.jpg,,,12,1,,,
973,5601024105020,1000.0,Fula,Óleo alimentar,Embalagem 1L,1.99,1.99,1000,L,€/L,,,2024-08-02T23:59:59.999999999+01:00,PROSPECTUS,https://driveimg1.intermarche.com/pt/Content/images/boitmal/produit/zoom/82D3E88293E42CC5B178C569AA9B57E6.jpg,,,12,1,,,
980,5601024134488,750.0,Oliveira da Serra,Azeite virgem extra clássico,Embalagem de 750 ml,8.79,11.72,750,L,€/L,,,2024-08-02T23:59:59.999999999+01:00,PROSPECTUS,https://driveimg1.intermarche.com/pt/Content/images/boitmal/produit/zoom/01EF39EFE8396CC9ACA95DC25E9D3412.jpg,,,12,1,,,
10512,8435250439577,232.0,Nestlé,"Iogurte mix-in nesquik,  2 x 115 g",,1.99,8.58,0,kg,€/Kg,,,2024-08-02T23:59:59.999999999+01:00,PROSPECTUS,https://driveimg1.intermarche.com/pt/Content/images/boitmal/produit/zoom/B4A9B3F7F589CA090A23F817C058A787.jpg,,,12,1,,,
11923,5603089001354,200.0,Parmalat,Natas uht com cogumelos,Embalagem de 200 ml,1.03,5.15,200,L,€/L,,,2024-07-31T23:59:59.999999999+01:00,PROSPECTUS,https://driveimg1.intermarche.com/pt/Content/images/boitmal/produit/zoom/F673DA54DF0FB2354A320B1D6D903A2F.jpg,,,12,1,,,
1292,5601151354452,1000.0,Compal,"Néctar vital equilibrio manga e laranja, 1 l",,1.49,1.49,1000,L,€/L,,,2024-07-31T23:59:59.999999999+01:00,PROSPECTUS,https://driveimg1.intermarche.com/pt/Content/images/boitmal/produit/zoom/30D2BA582C7246DE27BB90D053759BF5.jpg,,,12,1,,,
1302,5601151700754,850.0,Compal,Grão de bico,Lata de 850g,1.74,2.05,0,kg,€/Kg,,,2024-07-31T23:59:59.999999999+01:00,PROSPECTUS,https://driveimg1.intermarche.com/pt/Content/images/boitmal/produit/zoom/7BEB4F1F2A34C3C3B01503DD510ABAFA.jpg,,,12,1,,,
13602,2893597000000,500.0,Peixaria,Pescada Média Argentina Congelada,+ de 500 g,2.0,3.99,0,,€/Kg,,Avantages !,2024-07-31T23:59:59.999999999+01:00,PROSPECTUS,https://driveimg1.intermarche.com/pt/Content/images/boitmal/produit/zoom/B4DF1B76ED058CE207B770287335D47B.jpg,,,12,1,,,
13821,2892597000000,200.0,Legumes,Tomate Cacho,1 un = 200 gr (aprox.),0.28,1.39,0,,€/Kg,,,2024-07-31T23:59:59.999999999+01:00,PROSPECTUS,https://driveimg1.intermarche.com/pt/Content/images/boitmal/produit/zoom/3B66EF6541266EDFA27BC4541501843F.jpg,,,12,1,,,
14372,8712100599392,550.0,Calvé,Ketchup XXL,Embalagem de 550g,2.99,5.44,0,kg,€/Kg,,,2024-07-31T23:59:59.999999999+01:00,PROSPECTUS,https://driveimg1.intermarche.com/pt/Content/images/boitmal/produit/zoom/4544D7A761DF83B5B8BF2C6EF0FF53D9.jpg,https://driveimg1.intermarche.com/pt/Content/images/boitmal/produit/zoom/FE7F103C359D2D1FD7BF3FDC8DD381BA.jpg,https://driveimg1.intermarche.com/pt/Content/images/boitmal/produit/zoom/FE7F103C359D2D1FD7BF3FDC8DD381BA.jpg,12,1,,,
14508,5411188115496,1000.0,Alpro,Bebida de Soja Sem Açúcar,Embalagem de 1L,1.99,1.99,1000,L,€/L,,,2024-07-31T23:59:59.999999999+01:00,PROSPECTUS,https://driveimg1.intermarche.com/pt/Content/images/boitmal/produit/zoom/59C7541613D2AEC2ECBE5B108019BE70.jpg,,,12,1,,,
14861,2696026000000,90.0,Padaria,Pão da Avó 90 g,,0.28,3.11,0,kg,€/Kg,,,2024-07-31T23:59:59.999999999+01:00,PROSPECTUS,https://driveimg1.intermarche.com/pt/Content/images/boitmal/produit/zoom/181141F58BD1675F6CCB7D7436484D87.jpg,,,12,2,,,
15013,2892586000000,1000.0,Programa Origens,Couve Roxa,1 un = 1 kg (aprox.),0.99,0.99,0,,€/Kg,,,2024-07-31T23:59:59.999999999+01:00,PROSPECTUS,https://driveimg1.intermarche.com/pt/Content/images/boitmal/produit/zoom/C15FB4AA650D08814701170E90E9EDB6.jpg,,,12,2,,,
15044,2892296000000,150.0,Fruta,Pera Packam,1 un = 150 gr (aprox.),0.22,1.49,0,,€/Kg,,,2024-07-31T23:59:59.999999999+01:00,PROSPECTUS,https://driveimg1.intermarche.com/pt/Content/images/boitmal/produit/zoom/FB563A374F4EA6B318353237C8ABEC1F.jpg,,,12,2,,,
15962,5601252107056,250.0,Gallo,Azeite virgem extra clássico,Garrafa de 250 ml,3.69,14.76,250,L,€/L,,,2024-07-31T23:59:59.999999999+01:00,PROSPECTUS,https://driveimg1.intermarche.com/pt/Content/images/boitmal/produit/zoom/CAFA94A66BB654B7BFA9F27383C3910F.jpg,,,12,2,,,
16022,5601146703609,5000.0,Sagres,Cerveja Mini,20 x 0.25 l,9.99,2.0,5000,L,€/L,,,2024-08-02T23:59:59.999999999+01:00,PROSPECTUS,https://driveimg1.intermarche.com/pt/Content/images/boitmal/produit/zoom/FF51CCF9441973386AEED91491E4E439.jpg,,,12,2,,,
17114,5000116110148,320.0,Capitão Iglo,4 hamburguers vaca s/ glúten,Embalagem de 320g,3.99,12.47,0,kg,€/Kg,,Tipo de stockagem,2024-08-02T23:59:59.999999999+01:00,PROSPECTUS,https://driveimg1.intermarche.com/pt/Content/images/boitmal/produit/zoom/8E7F8CBEF475C7DF0459EA1D70B35576.jpg,,,12,2,,,
17150,8436048440416,120.0,Artiach,Bolacha infantil dinossaurus mini dino chocolate,Embalagem de 120g,1.39,11.58,0,kg,€/Kg,,,2024-07-31T23:59:59.999999999+01:00,PROSPECTUS,https://driveimg1.intermarche.com/pt/Content/images/boitmal/produit/zoom/7804F014CF31FFDFCA93C4985FA51ED7.jpg,,,12,2,,,
18596,8410500016029,400.0,Danonino Danone,"Iogurte líquido danonino morango/banana,  4 x 100 g",,1.99,4.98,0,kg,€/Kg,,,2024-07-31T23:59:59.999999999+01:00,PROSPECTUS,https://driveimg1.intermarche.com/pt/Content/images/boitmal/produit/zoom/418CA3EE44828DD39BFD6E2687E787F2.jpg,,,12,2,,,
20967,5601027002593,175.0,Manhãzitos,5 manhãzitos choco chips,Embalagem de 175 g,2.24,12.8,0,kg,€/Kg,,,2024-07-31T23:59:59.999999999+01:00,PROSPECTUS,https://driveimg1.intermarche.com/pt/Content/images/boitmal/produit/zoom/0AAF2F344E6BB2E2CE72DDB89E9BE7D6.jpg,,,12,2,,,
23469,8410500020453,280.0,Danonino Danone,"Danonino para levar, polpa de morango,  4 x 70 g",,2.14,7.64,0,kg,€/Kg,,,2024-07-31T23:59:59.999999999+01:00,PROSPECTUS,https://driveimg1.intermarche.com/pt/Content/images/boitmal/produit/zoom/BCB8B07B4A9632B9CA3C8436CD26979D.jpg,,,12,2,,,
2403,5608543000072,20.0,Tetley,"Chá de mel, limão e ginseng",Embalagem de 20g,0.95,47.5,0,kg,€/Kg,,,2024-07-31T23:59:59.999999999+01:00,PROSPECTUS,https://driveimg1.intermarche.com/pt/Content/images/boitmal/produit/zoom/DB68353C4D0E30C880FEA97D075943EF.jpg,,,12,2,,,
2409,5608543000157,10.0,Tetley,Infusão de camomila,Embalagem de 10g,0.89,89.0,0,kg,€/Kg,,,2024-07-31T23:59:59.999999999+01:00,PROSPECTUS,https://driveimg1.intermarche.com/pt/Content/images/boitmal/produit/zoom/C995769A7E3ACBF1E8869F2AEDA95DF9.jpg,,,12,2,,,
2514,7613033739873,250.0,Maggi,Puré de batata,Embalagem de 250g,2.24,8.96,0,kg,€/Kg,,,2024-07-31T23:59:59.999999999+01:00,PROSPECTUS,https://driveimg1.intermarche.com/pt/Content/images/boitmal/produit/zoom/E520E90232B763315D1FB976D27B9A50.jpg,,,12,2,,,
29280,5601897500014,,Matinados,Ovos de Galinha ao Ar Livre Classe M/L,6 unidades,1.47,1.47,0,,€/Unidade,,,2024-07-31T23:59:59.999999999+01:00,PROSPECTUS,https://driveimg1.intermarche.com/pt/Content/images/boitmal/produit/zoom/3048326652357C5FCFB75D3FB01965D7.jpg,,,12,2,,,
30526,5449000087775,3000.0,Fanta,Fanta go laranja,pack 2 x 1.5 l,1.98,0.66,3000,L,€/L,,,2024-07-31T23:59:59.999999999+01:00,PROSPECTUS,https://driveimg1.intermarche.com/pt/Content/images/boitmal/produit/zoom/593BAD71F5135741DD23AA781A57779F.jpg,,,12,2,,,
36552,3073780897358,240.0,Babybel,Queijo mini light,Embalagem de 12 x 20 g,3.89,16.21,0,kg,€/Kg,,,2024-07-31T23:59:59.999999999+01:00,PROSPECTUS,https://driveimg1.intermarche.com/pt/Content/images/boitmal/produit/zoom/F3A7D257D75E911FE904FE5213D4AF12.jpg,,,12,2,,,
36704,5604260300655,385.0,PorSi,Atum posta ao natural,Lata de 385 g,2.74,7.12,0,kg,€/Kg,,,2024-08-02T23:59:59.999999999+01:00,PROSPECTUS,https://driveimg1.intermarche.com/pt/Content/images/boitmal/produit/zoom/98B8D8AF95627C26A14A019E67211289.jpg,,,12,2,,,
36774,5604260300686,640.0,PorSi,"Iogurte liquido stracciatella,  4 x 160 g",,1.28,2.0,0,kg,€/Kg,,,2024-08-02T23:59:59.999999999+01:00,PROSPECTUS,https://driveimg1.intermarche.com/pt/Content/images/boitmal/produit/zoom/CA76E60A3E29F3063FEC78B659667DD6.jpg,,,12,2,,,
40596,5601151974018,1750.0,Pepsi,Refrigerante com gás regular,Garrafa de 1.75 l,1.55,0.89,1750,L,€/L,,,2024-08-02T23:59:59.999999999+01:00,PROSPECTUS,https://driveimg1.intermarche.com/pt/Content/images/boitmal/produit/zoom/F52267090DF1996DA646836F5B1D9EDD.jpg,,,12,2,,,
40672,5609060095992,100.0,Delta,Café solúvel intenso,Embalagem de 100g,2.99,29.9,0,kg,€/Kg,,,2024-07-31T23:59:59.999999999+01:00,PROSPECTUS,https://driveimg1.intermarche.com/pt/Content/images/boitmal/produit/zoom/7A1F952E00FD0E204E53DBCD3FAC4315.jpg,,,12,2,,,
40764,2702160000000,500.0,PorSi,Bife da perna de peru Programa Origens,Vendido ao peso,3.19,6.38,0,,€/Kg,,,2024-07-31T23:59:59.999999999+01:00,PROSPECTUS,https://driveimg1.intermarche.com/pt/Content/images/boitmal/produit/zoom/63F23D09B7BF2629EA121A51AF281B40.jpg,,,12,2,,,
41583,5601050036633,440.0,Danone,"Iogurte grego caramelo,  4 x 110 g",,1.99,4.52,0,kg,€/Kg,,,2024-08-02T23:59:59.999999999+01:00,PROSPECTUS,https://driveimg1.intermarche.com/pt/Content/images/boitmal/produit/zoom/E15B23C5D54AA2C4C2E2125712DAFF29.jpg,,,12,2,,,
41774,5604260306718,160.0,PorSi,"Iogurte líquido melão/melancia ,  4x160 ml",,1.38,8.63,160,L,€/L,,,2024-08-02T23:59:59.999999999+01:00,PROSPECTUS,https://driveimg1.intermarche.com/pt/Content/images/boitmal/produit/zoom/0E8861A4B45608B579787598A7F28EF0.jpg,,,12,2,,,
41979,5601050036244,160.0,Danone,"Yopro manteiga amendoim banana,  160g",,0.98,6.13,0,kg,€/Kg,,,2024-07-31T23:59:59.999999999+01:00,PROSPECTUS,https://driveimg1.intermarche.com/pt/Content/images/boitmal/produit/zoom/76F611345D72D89BD286B28BEC6CF628.jpg,,,12,2,,,
4313,3600540539519,200.0,Garnier,Creme de pentear com abacate,Embalagem de 200 ml,3.49,17.45,200,L,€/L,,,2024-07-31T23:59:59.999999999+01:00,PROSPECTUS,https://driveimg1.intermarche.com/pt/Content/images/boitmal/produit/zoom/2C2AF5C7867BB08BD9BD5B1F766BAC3F.jpg,,,12,2,,,
4315,3600540542861,400.0,Garnier,Champô de abacate & karité,Embalagem de 400 ml,3.79,9.48,400,L,€/L,,,2024-07-31T23:59:59.999999999+01:00,PROSPECTUS,https://driveimg1.intermarche.com/pt/Content/images/boitmal/produit/zoom/E826DE4F268362A3E1B1E27463FF1F1A.jpg,,,12,2,,,
44702,5053990155354,175.0,Pringles,Pringles sour cream & onion,Embalagem de 175g,2.39,13.66,0,kg,€/Kg,,,2024-07-31T23:59:59.999999999+01:00,PROSPECTUS,https://driveimg1.intermarche.com/pt/Content/images/boitmal/produit/zoom/CAC75B605C8B7B46C574BB916C039D54.jpg,https://driveimg1.intermarche.com/pt/Content/images/boitmal/produit/zoom/3743B152C095FACA5BB155343DC8A7EE.jpg,https://driveimg1.intermarche.com/pt/Content/images/boitmal/produit/zoom/3743B152C095FACA5BB155343DC8A7EE.jpg,12,2,https://driveimg1.intermarche.com/pt/Content/images/boitmal/produit/zoom/3743B152C095FACA5BB155343DC8A7EE.jpg,,
46814,8410036807887,750.0,Freixenet,Blanc de blancs,Garrafa de 750 ml,5.99,7.99,750,L,€/L,,,2024-08-07T23:59:59.999999999+01:00,PROSPECTUS,https://driveimg1.intermarche.com/pt/Content/images/boitmal/produit/zoom/8443921EA647B3A561B8E54CBA9F0C34.jpg,,,12,2,,,
49767,5601151969106,1000.0,Frize,Água c/ Gás Ananás,pack 4 x 0.25 l,1.99,1.99,1000,L,€/L,,,2024-08-02T23:59:59.999999999+01:00,PROSPECTUS,https://driveimg1.intermarche.com/pt/Content/images/boitmal/produit/zoom/EE071A8A9B23805FF5594CF8DCE06CD5.jpg,,,12,2,,,
4987,5601012115505,750.0,Planalto,Vinho doc douro branco,Garrafa de 0.75 l,4.09,5.45,750,L,€/L,,,2024-08-07T23:59:59.999999999+01:00,PROSPECTUS,https://driveimg1.intermarche.com/pt/Content/images/boitmal/produit/zoom/6C726FDABB211E05C4F7D5DBE4A94D76.jpg,,,12,2,,,
49964,8719200238176,225.0,Becel,Creme de Barrar,Embalagem de 225g,1.99,8.84,0,kg,€/Kg,,,2024-07-31T23:59:59.999999999+01:00,PROSPECTUS,https://driveimg1.intermarche.com/pt/Content/images/boitmal/produit/zoom/382BF7BFAA9AE155413812F2C51A439C.jpg,,,12,2,,,
50502,8410104895570,400.0,Vanish,"Aditivos Pó Vanish Oxi Advance White, 400g",,5.99,14.98,0,kg,€/Kg,,,2024-07-31T23:59:59.999999999+01:00,PROSPECTUS,https://driveimg1.intermarche.com/pt/Content/images/boitmal/produit/zoom/D7BF2B9AB20E28933F806A9A8FF95FA6.jpg,,,12,2,,,
5095,5601050026405,300.0,Danone,"Queijinho dadoninho petitdino de morango,  6 x 50 g",,1.99,6.63,0,kg,€/Kg,,,2024-07-31T23:59:59.999999999+01:00,PROSPECTUS,https://driveimg1.intermarche.com/pt/Content/images/boitmal/produit/zoom/A996A3A25DAAE4625EF7D6D51278644F.jpg,,,12,2,,,
51916,5601050037777,160.0,Yopro,"Yopro caramelo machiato,  160g",,0.98,6.13,0,kg,€/Kg,,,2024-07-31T23:59:59.999999999+01:00,PROSPECTUS,https://driveimg1.intermarche.com/pt/Content/images/boitmal/produit/zoom/1270C0A6586804B87FB971BF20F15493.jpg,,,12,2,,,
53727,8006540213872,340.0,Fairy,Detergente Manual Loiça Jasmim Rosa,Embalagem de 340ml,1.59,4.68,340,L,€/L,,,2024-07-31T23:59:59.999999999+01:00,PROSPECTUS,https://driveimg1.intermarche.com/pt/Content/images/boitmal/produit/zoom/5CCCE87F658551BD9363E76DA9F89670.jpg,,,12,2,,,
5522,5601692071429,1000.0,Bom sucesso,Arroz carolino,Embalagem de 1 kg,1.49,1.49,0,kg,€/Kg,,,2024-07-31T23:59:59.999999999+01:00,PROSPECTUS,https://driveimg1.intermarche.com/pt/Content/images/boitmal/produit/zoom/DB1736313D8501082E1A679F43901D59.jpg,,,12,2,,,
6818,8712566118625,390.0,Olá,Gelado supermaxi,Embalagem de 6 x 65 ml,3.09,7.92,390,L,€/L,,Tipo de stockagem,2024-08-02T23:59:59.999999999+01:00,PROSPECTUS,https://driveimg1.intermarche.com/pt/Content/images/boitmal/produit/zoom/EDD74C84414985483D339FDE915214FB.jpg,https://driveimg1.intermarche.com/pt/Content/images/boitmal/produit/zoom/C78EEEF4719F48D1D9E8F75D0F700815.jpg,https://driveimg1.intermarche.com/pt/Content/images/boitmal/produit/zoom/C78EEEF4719F48D1D9E8F75D0F700815.jpg,12,2,,,
8222,5411188553304,1000.0,Alpro,Bebida Vegetal de Soja com Cálcio,Embalagem de 1 l,1.69,1.69,1000,L,€/L,,,2024-07-31T23:59:59.999999999+01:00,PROSPECTUS,https://driveimg1.intermarche.com/pt/Content/images/boitmal/produit/zoom/545BAB00502BFD84583926EFDBFE9F24.jpg,,,12,2,,,
8416,5601050029345,1200.0,Actimel Danone,"Iogurte actimel morango, 12 x 100 g",,4.69,3.91,0,kg,€/Kg,,,2024-07-31T23:59:59.999999999+01:00,PROSPECTUS,https://driveimg1.intermarche.com/pt/Content/images/boitmal/produit/zoom/5FAD8A5314ADD212D31505EDB76818D0.jpg,,,12,2,,,
848,5000189974579,200.0,Kit Kat,Chocolate mini,Embalagem de 200g,2.89,14.45,0,kg,€/Kg,,,2024-07-31T23:59:59.999999999+01:00,PROSPECTUS,https://driveimg1.intermarche.com/pt/Content/images/boitmal/produit/zoom/33F684DC544CDCED4E93A337A33052D5.jpg,,,12,2,,,
8520,5601119956490,120.0,Nobre,Fiambre perna extra finissimos fatiado,Embalagem de 120g,1.99,16.58,0,kg,€/Kg,,,2024-07-31T23:59:59.999999999+01:00,PROSPECTUS,https://driveimg1.intermarche.com/pt/Content/images/boitmal/produit/zoom/A7AE9A4CE77B2E0C74B78D8E6FD0475C.jpg,,,12,2,,,
8802,5601244202363,400.0,Terra Nostra,Queijo em fatias,Embalagem de 400g,3.99,9.98,0,kg,€/Kg,,,2024-07-31T23:59:59.999999999+01:00,PROSPECTUS,https://driveimg1.intermarche.com/pt/Content/images/boitmal/produit/zoom/B65A579FDF6F0A415C810CA406B71B6F.jpg,,,12,2,,,
929,5601001187803,630.0,Nestlé,Cereais chocapic,Embalagem de 630g,3.74,5.94,0,kg,€/Kg,,,2024-07-31T23:59:59.999999999+01:00,PROSPECTUS,https://driveimg1.intermarche.com/pt/Content/images/boitmal/produit/zoom/24F5DB132F7E18A7786689AD5CB8DB19.jpg,,,12,2,,,
944,5601001339301,200.0,Nestlé,Mistura solúvel mokambo,Embalagem de 200g,3.99,19.95,0,kg,€/Kg,,,2024-08-02T23:59:59.999999999+01:00,PROSPECTUS,https://driveimg1.intermarche.com/pt/Content/images/boitmal/produit/zoom/A8F3A8EB08BBF4181F15A95334F151A2.jpg,,,12,2,,,
9935,7622300292508,180.0,Milka,Bolachas waffers com chocolate de leite,Embalagem de 180g,2.45,13.61,0,kg,€/Kg,,,2024-07-31T23:59:59.999999999+01:00,PROSPECTUS,https://driveimg1.intermarche.com/pt/Content/images/boitmal/produit/zoom/FA8770D46823FAEE83F51E2F8B2CC3E5.jpg,,,12,2,,,
10056,8410036800468,750.0,Freixenet,"Espumante cava bruto, reserva",Garrafa de 750 ml,7.99,10.65,750,L,€/L,,,2024-08-07T23:59:59.999999999+01:00,PROSPECTUS,https://driveimg1.intermarche.com/pt/Content/images/boitmal/produit/zoom/71005F461E53AA0E268F973931CDE2DB.jpg,,,12,2,,,
10057,8410036800512,750.0,Freixenet,Espumante cava meio seco reserva,Garrafa de 750 ml,7.19,9.59,750,L,€/L,,,2024-08-07T23:59:59.999999999+01:00,PROSPECTUS,https://driveimg1.intermarche.com/pt/Content/images/boitmal/produit/zoom/595A72B091587557F63E6DF8F5C0E8F8.jpg,,,12,2,,,
10274,8410436242172,1100.0,Sonasol,Lava Tudo Brilhante Floral,"embalagem 1,1L",2.79,2.54,1100,L,€/L,,,2024-08-02T23:59:59.999999999+01:00,PROSPECTUS,https://driveimg1.intermarche.com/pt/Content/images/boitmal/produit/zoom/45AE65B29796E27661779732657737AC.jpg,,,12,2,,,
1035,5601045105313,6000.0,Serra da estrela,Água mineral sem gás,pack 4 x 1.5 l,1.79,0.3,6000,L,€/L,,,2024-07-31T23:59:59.999999999+01:00,PROSPECTUS,https://driveimg1.intermarche.com/pt/Content/images/boitmal/produit/zoom/2AD57C02BC703D78494AE14A0BEFDA49.jpg,,,12,2,,,
10351,8411134103338,,Control,6 Preservativos Adapta Nature,,3.49,3.49,0,,€/Unidade,,,2024-07-31T23:59:59.999999999+01:00,PROSPECTUS,https://driveimg1.intermarche.com/pt/Content/images/boitmal/produit/zoom/AA1589B4885D56D6E675A34B47F3AFEE.jpg,https://driveimg1.intermarche.com/pt/Content/images/boitmal/produit/zoom/E904E0E3DEA92FC0A6E00A850118F1A2.jpg,,12,2,,,
10509,8435250297955,256.0,Nestlé,"Iogurte mix-in smarties baunilha,  2 x 128 g",,1.99,7.77,0,kg,€/Kg,,,2024-08-02T23:59:59.999999999+01:00,PROSPECTUS,https://driveimg1.intermarche.com/pt/Content/images/boitmal/produit/zoom/4FC6F733C531A7A948940F213F0E604D.jpg,,,12,2,,,
11505,5601050033793,620.0,Danone,"Iogurte activia líquido kiwi,  4 x 155 g",,1.99,3.21,0,kg,€/Kg,,,2024-07-31T23:59:59.999999999+01:00,PROSPECTUS,https://driveimg1.intermarche.com/pt/Content/images/boitmal/produit/zoom/757255A002BED1AF00FC2ECE09877B17.jpg,,,12,2,,,
11942,5603533492202,1000.0,Frize,Água c/ gás groselha,pack 4 x 0.25 l,1.99,1.99,1000,L,€/L,,,2024-08-02T23:59:59.999999999+01:00,PROSPECTUS,https://driveimg1.intermarche.com/pt/Content/images/boitmal/produit/zoom/1BCB2445A8F41EC02B613ABED34EE191.jpg,,,12,2,,,
12146,5604260272785,750.0,Selecção de Enófilos,Espumoso moscato,"Garrafa de 0,75 l",3.29,4.39,750,L,€/L,,,2024-08-07T23:59:59.999999999+01:00,PROSPECTUS,https://driveimg1.intermarche.com/pt/Content/images/boitmal/produit/zoom/CA3B3A3DABAFE27F0DB3F8EA5EDF7A4D.jpg,,,12,2,,,
12168,5604575110024,750.0,Cabriz,Vinho tinto doc dão,Garrafa de 0.75 l,3.99,5.32,750,L,€/L,,,2024-08-02T23:59:59.999999999+01:00,PROSPECTUS,https://driveimg1.intermarche.com/pt/Content/images/boitmal/produit/zoom/A3374E31A2BF8230054ADB4C2C4F8376.jpg,https://driveimg1.intermarche.com/pt/Content/images/boitmal/produit/zoom/B79B99AC1459B8F6165E16A7A5B65E9E.jpg,https://driveimg1.intermarche.com/pt/Content/images/boitmal/produit/zoom/B79B99AC1459B8F6165E16A7A5B65E9E.jpg,12,2,,,
12176,5604661000116,250.0,Seia,Queijo curado de cabra,Embalagem de 250g,4.99,19.96,0,kg,€/Kg,,,2024-07-31T23:59:59.999999999+01:00,PROSPECTUS,https://driveimg1.intermarche.com/pt/Content/images/boitmal/produit/zoom/EE71BFFF534053B973C88EC8F8C326D5.jpg,,,12,2,,,
12468,8435250439584,256.0,Nestlé,"Iogurte mix-in smarties morango,  2 x 128 g",,1.99,7.77,0,kg,€/Kg,,,2024-08-02T23:59:59.999999999+01:00,PROSPECTUS,https://driveimg1.intermarche.com/pt/Content/images/boitmal/produit/zoom/A56FAF9000F1827F93D14D3DAF96AF68.jpg,,,12,2,,,
12519,8712100417054,416.0,Hellmann's,"Maionese, frasco",Embalagem de 420g,3.14,7.55,0,kg,€/Kg,,,2024-07-31T23:59:59.999999999+01:00,PROSPECTUS,https://driveimg1.intermarche.com/pt/Content/images/boitmal/produit/zoom/252D905CA391CC38A3FB504ED230564C.jpg,https://driveimg1.intermarche.com/pt/Content/images/boitmal/produit/zoom/6731B805B2B4B445CCCFD0D614219E37.jpg,https://driveimg1.intermarche.com/pt/Content/images/boitmal/produit/zoom/6731B805B2B4B445CCCFD0D614219E37.jpg,12,2,,,
1269,5601151021750,850.0,Compal,Feijão preto 4/4,Lata de 850g,1.74,2.05,850,L,€/L,,,2024-07-31T23:59:59.999999999+01:00,PROSPECTUS,https://driveimg1.intermarche.com/pt/Content/images/boitmal/produit/zoom/21DABA3EFA33FCE5CAC8AAB060A46375.jpg,,,12,2,,,
1309,5601151979105,1250.0,Sumol,"Refrigerante com gás, ananás","Garrafa de 1,25 l",1.09,0.87,1250,L,€/L,,,2024-08-02T23:59:59.999999999+01:00,PROSPECTUS,https://driveimg1.intermarche.com/pt/Content/images/boitmal/produit/zoom/BEECBA2128529C8FAEEDAE9896BFB132.jpg,,,12,2,,,
13523,2893515000000,250.0,Peixaria,Lula Congelada,1 un= 250 gr (aprox.),1.12,4.49,0,,€/Kg,,Avantages !,2024-07-31T23:59:59.999999999+01:00,PROSPECTUS,https://driveimg1.intermarche.com/pt/Content/images/boitmal/produit/zoom/B2B7BBDC4CDC3C912C9CD2FEC6D3B682.jpg,,,12,2,,,
13537,2893529000000,250.0,Peixaria,Sardinha Congelada,1 un = 250 gr  (aprox.),0.75,2.99,0,,€/Kg,,Avantages !,2024-07-31T23:59:59.999999999+01:00,PROSPECTUS,https://driveimg1.intermarche.com/pt/Content/images/boitmal/produit/zoom/20CBBBB0702ADDE0888E404D1EC78925.jpg,,,12,2,,,
13567,2893562000000,250.0,Marisco,Ameijoa Castanha Vietnamita Congelada,Venda ao Kilo,0.72,2.89,0,,€/Kg,,Avantages !,2024-08-07T23:59:59.999999999+01:00,PROSPECTUS,https://driveimg1.intermarche.com/pt/Content/images/boitmal/produit/zoom/33CC3279E2741F227440A7AFDC3AEEF9.jpg,,,12,2,,,
13585,2893580000000,250.0,Marisco,Gambão Congelado 20/30,Vendido a partir de 250 (aprox.),2.2,8.79,0,,€/Kg,,Avantages !,2024-07-31T23:59:59.999999999+01:00,PROSPECTUS,https://driveimg1.intermarche.com/pt/Content/images/boitmal/produit/zoom/FBF44724042B73F1218C70BB4977864A.jpg,,,12,2,,,
14038,2696013000000,80.0,Padaria,Bola mistura,1 unidade= 80 g,0.17,2.13,0,kg,€/Kg,,,2024-07-31T23:59:59.999999999+01:00,PROSPECTUS,https://driveimg1.intermarche.com/pt/Content/images/boitmal/produit/zoom/9D6E30346316F689C4A5A61ADBADBAB3.jpg,,,12,2,,,
1413,5601252106615,750.0,Gallo,Azeite Subtil,Garrafa de 750 ml,7.49,9.99,750,L,€/L,,,2024-07-31T23:59:59.999999999+01:00,PROSPECTUS,https://driveimg1.intermarche.com/pt/Content/images/boitmal/produit/zoom/AE7B71F484D168C6B66987F1FFF6801B.jpg,,,12,2,,,
14227,5601043119015,500.0,Espiga,Farinha de milho 500g,Embalagem de 500g,0.95,1.9,0,kg,€/Kg,,,2024-07-31T23:59:59.999999999+01:00,PROSPECTUS,https://driveimg1.intermarche.com/pt/Content/images/boitmal/produit/zoom/2CECFEB697CA3E5E6800E3DF8CBF754C.jpg,,,12,2,,,
14341,3387390335217,380.0,Nestlé,Cereais fitness,Embalagem de 380g,2.99,7.87,0,kg,€/Kg,,,2024-07-31T23:59:59.999999999+01:00,PROSPECTUS,https://driveimg1.intermarche.com/pt/Content/images/boitmal/produit/zoom/06B150B3AA3EA0CA8C7A18242AD69C48.jpg,,,12,2,,,
14437,5411188110835,1000.0,Alpro,Bebida Vegetal Amêndoa,Embalagem de 1 litro,1.99,1.99,1000,L,€/L,,,2024-07-31T23:59:59.999999999+01:00,PROSPECTUS,https://driveimg1.intermarche.com/pt/Content/images/boitmal/produit/zoom/6B753F65EC27A078C0F05C1BE13557F2.jpg,,,12,2,,,
14510,5411188116592,1000.0,Alpro,Bebida Vegetal Coco,Embalagem de 1L,1.99,1.99,1000,L,€/L,,,2024-07-31T23:59:59.999999999+01:00,PROSPECTUS,https://driveimg1.intermarche.com/pt/Content/images/boitmal/produit/zoom/1987CA16F4DDFE322033D82C2A376E65.jpg,,,12,2,,,
1456,5601286217639,500.0,Milaneza,Massa farfalle tricolor,Embalagem de 500g,1.26,2.52,0,kg,€/Kg,,,2024-07-31T23:59:59.999999999+01:00,PROSPECTUS,https://driveimg1.intermarche.com/pt/Content/images/boitmal/produit/zoom/2CB58ADA26EF1E83B0978C82005EFCEE.jpg,,,12,2,,,
14726,8711100080060,400.0,Maizena,Farinha,Embalagem de 400g,1.65,4.13,0,kg,€/Kg,,,2024-07-31T23:59:59.999999999+01:00,PROSPECTUS,https://driveimg1.intermarche.com/pt/Content/images/boitmal/produit/zoom/B08373790D6917B03E052473E2AB175C.jpg,,,12,2,,,
15038,2892255000000,2500.0,Programa Origens,Melão Branco,Vendido ao peso | 1 un = 2.5 kg (aprox.),2.23,0.89,0,,€/Kg,,,2024-07-31T23:59:59.999999999+01:00,PROSPECTUS,https://driveimg1.intermarche.com/pt/Content/images/boitmal/produit/zoom/1907C0AEFCB3376B09C7B915B4809CC0.jpg,,,12,2,,,
15503,8410500018931,400.0,Danonino Danone,"Iogurte líquido danonino tutti-frutti,  4 x 100 g",,1.99,4.98,0,kg,€/Kg,,,2024-07-31T23:59:59.999999999+01:00,PROSPECTUS,https://driveimg1.intermarche.com/pt/Content/images/boitmal/produit/zoom/E9A644740B00EFD95B05B4DA40640B6A.jpg,,,12,2,,,
15756,4023103134133,,Vileda,Esfregão Salva Unhas Fibra verde Plus,Embalagem com 1+1 grátis,1.49,1.49,0,,€/Unidade,,,2024-07-31T23:59:59.999999999+01:00,PROSPECTUS,https://driveimg1.intermarche.com/pt/Content/images/boitmal/produit/zoom/6FB1B9EC31CDCBAF4CD0387FC315310C.jpg,https://driveimg1.intermarche.com/pt/Content/images/boitmal/produit/zoom/67A03E111343BC85D66595710A879D2C.jpg,,12,2,,,
15869,8411134117335,,Control,12 Preservativos Adapta Finíssimo XL,,7.69,7.69,0,,€/Unidade,,,2024-07-31T23:59:59.999999999+01:00,PROSPECTUS,https://driveimg1.intermarche.com/pt/Content/images/boitmal/produit/zoom/48C8C09DD497FC163126603AB206EE9B.jpg,https://driveimg1.intermarche.com/pt/Content/images/boitmal/produit/zoom/688239E7673C56F339B1B2B0AE89DD0F.jpg,,12,2,,,
15980,5601119244368,210.0,Nobre,Salsichas extra suculentas de peru,Frasco de 210g,2.39,11.38,0,kg,€/Kg,,,2024-07-31T23:59:59.999999999+01:00,PROSPECTUS,https://driveimg1.intermarche.com/pt/Content/images/boitmal/produit/zoom/777EA415D5DED2EBA379260001C63756.jpg,,,12,2,,,
16532,8410104156640,250.0,Air Wick,Ambientador recarga delícias de verão,Garrafa de 250 ml,3.59,14.36,250,L,€/L,,,2024-08-02T23:59:59.999999999+01:00,PROSPECTUS,https://driveimg1.intermarche.com/pt/Content/images/boitmal/produit/zoom/1A24418B2FA3D8BC0FEDAE10D82B4634.jpg,,,12,2,,,
16672,3073780971751,240.0,Babybel,Queijinhos mini,Embalagem de 240g,3.79,15.79,0,kg,€/Kg,,,2024-07-31T23:59:59.999999999+01:00,PROSPECTUS,https://driveimg1.intermarche.com/pt/Content/images/boitmal/produit/zoom/36A7A75E4C6D39C6D9D9BD91D6CD7958.jpg,,,12,2,,,
16869,3600541575790,400.0,Ultra Suave,Amaciador Nutritivo com Óleos Maravilhosos,Embalagem de 400 ml,3.79,9.48,400,L,€/L,,,2024-07-31T23:59:59.999999999+01:00,PROSPECTUS,https://driveimg1.intermarche.com/pt/Content/images/boitmal/produit/zoom/A1E72E12671EF8522EC8B1125864013C.jpg,,,12,2,,,
17149,8436048440393,120.0,Artiach,Bolacha infantil dinossaurus mini dino cereais,Embalagem de 120g,1.39,11.58,0,kg,€/Kg,,,2024-07-31T23:59:59.999999999+01:00,PROSPECTUS,https://driveimg1.intermarche.com/pt/Content/images/boitmal/produit/zoom/49D75D0158B292C84E9F3C8C3B699590.jpg,,,12,2,,,
17595,5411188115366,1000.0,Alpro,Bebida Vegetal Aveia,Embalagem de 1 litro,1.99,1.99,1000,L,€/L,,,2024-07-31T23:59:59.999999999+01:00,PROSPECTUS,https://driveimg1.intermarche.com/pt/Content/images/boitmal/produit/zoom/022F75688FDF46C20D85292C59BA5F61.jpg,,,12,2,,,
17893,5601082039817,220.0,Delta Q,Café xl qharacter cápsulas,40 Cápsulas,14.99,68.14,0,kg,€/Kg,,,2024-08-02T23:59:59.999999999+01:00,PROSPECTUS,https://driveimg1.intermarche.com/pt/Content/images/boitmal/produit/zoom/AE88A9B98D43407F51BB06087F668DC5.jpg,,,12,2,,,
17896,5601082053523,220.0,Delta,Café moagem universal portugal,Embalagem de 220g,2.69,12.23,0,kg,€/Kg,,,2024-07-31T23:59:59.999999999+01:00,PROSPECTUS,https://driveimg1.intermarche.com/pt/Content/images/boitmal/produit/zoom/550F7F2DF6E74FCA3A77E943FC22A56F.jpg,,,12,2,,,
17900,8001480023277,700.0,Neoblanc,Lixívia Spray Mousse Flor,Embalagem de 700ml,2.99,4.27,700,L,€/L,,,2024-07-31T23:59:59.999999999+01:00,PROSPECTUS,https://driveimg1.intermarche.com/pt/Content/images/boitmal/produit/zoom/FA98D871A88B2DCD779EA51368257E43.jpg,,,12,2,,,
18942,5601989950086,750.0,Monte Velho,"Vinho rosé, região do Alentejo","Garrafa de 0,75 l",3.99,5.32,750,L,€/L,,,2024-08-07T23:59:59.999999999+01:00,PROSPECTUS,https://driveimg1.intermarche.com/pt/Content/images/boitmal/produit/zoom/FEEEDC68044EA9454E1EDA15982D1A78.jpg,,,12,2,,,
19046,5000116110414,480.0,Capitão Iglo,8 hamburguers s/ glúten frango,Embalagem de 480g,7.49,15.6,0,kg,€/Kg,,Tipo de stockagem,2024-08-02T23:59:59.999999999+01:00,PROSPECTUS,https://driveimg1.intermarche.com/pt/Content/images/boitmal/produit/zoom/1C35A366EB207E26898D1AC0CE188CE6.jpg,,,12,2,,,
19586,8435257028057,720.0,Longa vida,"Iogurte aroma 0% tutti fruti/coco,  6 x 120 g",,2.29,3.18,0,kg,€/Kg,,,2024-07-31T23:59:59.999999999+01:00,PROSPECTUS,https://driveimg1.intermarche.com/pt/Content/images/boitmal/produit/zoom/18D91A939DFD31509CD0E9DB0A5315E6.jpg,,,12,2,,,
1964,5604260061549,210.0,PorSi,Bolachas waffers baunilha,Embalagem de 210g,1.17,5.57,0,kg,€/Kg,,,2024-08-02T23:59:59.999999999+01:00,PROSPECTUS,https://driveimg1.intermarche.com/pt/Content/images/boitmal/produit/zoom/20367F05C9E3E51FF277B9951DA20D70.jpg,,,12,2,,,
1966,5604260061563,210.0,PorSi,Bolachas waffers chocolate,Embalagem de 210g,1.17,5.57,0,kg,€/Kg,,,2024-08-02T23:59:59.999999999+01:00,PROSPECTUS,https://driveimg1.intermarche.com/pt/Content/images/boitmal/produit/zoom/E92C257493404A909F14CAEAF9D2A018.jpg,,,12,2,,,
19664,7613035655782,175.0,Nestlé,Bebida de cereais e café mokambo intenso,Embalagem de 180g,3.99,22.8,0,kg,€/Kg,,,2024-08-02T23:59:59.999999999+01:00,PROSPECTUS,https://driveimg1.intermarche.com/pt/Content/images/boitmal/produit/zoom/A3CA615261CEC919CFE62FBBDABF420F.jpg,,,12,2,,,
19872,3600541921252,200.0,Ambre Solaire,Protector Solar Clássico FPS 30,Embalagem de 200 ml,9.59,47.95,200,L,€/L,,,2024-08-07T23:59:59.999999999+01:00,PROSPECTUS,https://driveimg1.intermarche.com/pt/Content/images/boitmal/produit/zoom/34AF72C47D3763838528A15090C7FD3B.jpg,,,12,2,,,
20032,5602947000010,750.0,Quinta da Pacheca,Vinho tinto doc douro,Garrafa de 750 ml,5.99,7.99,750,L,€/L,,,2024-08-07T23:59:59.999999999+01:00,PROSPECTUS,https://driveimg1.intermarche.com/pt/Content/images/boitmal/produit/zoom/595081D749AF5B554E631E38F5E97F6B.jpg,,,12,2,,,
20202,5601151976456,1000.0,Frize,Água c/ gás: limão/pepino/gengibre,pack 4 x 0.25 l,1.99,1.99,1000,L,€/L,,,2024-08-02T23:59:59.999999999+01:00,PROSPECTUS,https://driveimg1.intermarche.com/pt/Content/images/boitmal/produit/zoom/F47824AB7ACD4F4E1E1A0CC54659430F.jpg,,,12,2,,,
20438,5601119250833,160.0,Nobre,Salsichas cuida-t + de peru,Lata de 160g,1.79,11.19,0,kg,€/Kg,,,2024-07-31T23:59:59.999999999+01:00,PROSPECTUS,https://driveimg1.intermarche.com/pt/Content/images/boitmal/produit/zoom/549158EAF234787E74F253420580E8F8.jpg,https://driveimg1.intermarche.com/pt/Content/images/boitmal/produit/zoom/01A1F1801A838AF8D0A446CB4DE55577.jpg,,12,2,,,
20515,5601096360303,750.0,Casal Garcia,Sangria,Garrafa de 750 ml,3.29,4.39,750,L,€/L,,,2024-08-07T23:59:59.999999999+01:00,PROSPECTUS,https://driveimg1.intermarche.com/pt/Content/images/boitmal/produit/zoom/B2A419587BC37CD68479B6EF2C3DB381.jpg,,,12,2,,,
21465,5449000085474,1500.0,Fanta,Refrigerante c/ gás de maracujá,"Garrafa de 1,5 l",0.99,0.66,1500,L,€/L,,,2024-07-31T23:59:59.999999999+01:00,PROSPECTUS,https://driveimg1.intermarche.com/pt/Content/images/boitmal/produit/zoom/C81E25D918677872BE4E0C409C0ECCC4.jpg,,,12,2,,,
23762,5600202948305,750.0,Valleperro,Vinho doc douro reserva tinto,Garrafa de 0.75 l,4.49,5.99,750,L,€/L,,,2024-08-02T23:59:59.999999999+01:00,PROSPECTUS,https://driveimg1.intermarche.com/pt/Content/images/boitmal/produit/zoom/A1EFDD4503301D6A933720FD863CF389.jpg,,,12,2,,,
2407,5608543000133,18.0,Tetley,Chá verde,Embalagem de 20g,0.95,52.78,0,kg,€/Kg,,,2024-07-31T23:59:59.999999999+01:00,PROSPECTUS,https://driveimg1.intermarche.com/pt/Content/images/boitmal/produit/zoom/8E02DD9BA1324B098CBEC62350029218.jpg,,,12,2,,,
24370,5601050033052,620.0,Danone,"Iogurte líquido morango / framboesa corpos danone,  4 x 155 g",,1.69,2.73,0,kg,€/Kg,,,2024-07-31T23:59:59.999999999+01:00,PROSPECTUS,https://driveimg1.intermarche.com/pt/Content/images/boitmal/produit/zoom/944714BB6E54D611AAE53F4C9C525265.jpg,,,12,2,,,
24410,8710908859502,750.0,Cif,Spray power&shine multiusos c/ lixívia,Garrafa de 750 ml,2.69,3.59,750,L,€/L,,,2024-07-31T23:59:59.999999999+01:00,PROSPECTUS,https://driveimg1.intermarche.com/pt/Content/images/boitmal/produit/zoom/BC1FC8E39B43E72D32F4657C6D001534.jpg,,,12,3,,,
24411,8410436297752,1300.0,Sonasol,Lava tudo rosas e jasmim,"Embalagem de 1,3L",2.09,1.61,1300,L,€/L,,,2024-08-02T23:59:59.999999999+01:00,PROSPECTUS,https://driveimg1.intermarche.com/pt/Content/images/boitmal/produit/zoom/46E3798C4C5509E4EFB8DA2E52D80035.jpg,,,12,3,,,
24413,8410436297783,1300.0,Sonasol,Lava tudo PH neutro,"Embalagem de 1,3L",2.09,1.61,1300,L,€/L,,,2024-08-02T23:59:59.999999999+01:00,PROSPECTUS,https://driveimg1.intermarche.com/pt/Content/images/boitmal/produit/zoom/F7DD11C0EABB6452E24AA720E593B0B5.jpg,,,12,3,,,
25077,5601096360310,750.0,Casal Garcia,Sangria branca,Garrafa de 750 ml,3.29,4.39,750,L,€/L,,,2024-08-07T23:59:59.999999999+01:00,PROSPECTUS,https://driveimg1.intermarche.com/pt/Content/images/boitmal/produit/zoom/F0F23BB680C6422AA99B26452FCE1389.jpg,,,12,3,,,
25310,8410022011540,228.0,Bollycao,Bollycao de leite 4 un.,Embalagem de 228 g,2.19,9.61,0,kg,€/Kg,,,2024-07-31T23:59:59.999999999+01:00,PROSPECTUS,https://driveimg1.intermarche.com/pt/Content/images/boitmal/produit/zoom/0AFD08C47BB6CAA380643FB41A88C1DC.jpg,,,12,3,,,
25334,3600542087711,400.0,Ultra Suave,Champô Água de Coco e Aloe Vera,Embalagem com 400 ml,3.79,9.48,400,L,€/L,,,2024-07-31T23:59:59.999999999+01:00,PROSPECTUS,https://driveimg1.intermarche.com/pt/Content/images/boitmal/produit/zoom/6AF4658212F1BF0CEE8C3ACF1FE15B99.jpg,,,12,3,,,
25338,3600542075350,400.0,Ultra Suave,Condicionador Leite de Coco e Macadâmia,Embalagem de 400 ml,3.79,9.48,400,L,€/L,,,2024-07-31T23:59:59.999999999+01:00,PROSPECTUS,https://driveimg1.intermarche.com/pt/Content/images/boitmal/produit/zoom/5E8E5BE7843BC84D401EC87981F1391B.jpg,,,12,3,,,
25339,3600542075343,400.0,Ultra Suave,Condicionador Água de Coco e Aloé Vera,Embalagem de 400 ml,3.79,9.48,400,L,€/L,,,2024-07-31T23:59:59.999999999+01:00,PROSPECTUS,https://driveimg1.intermarche.com/pt/Content/images/boitmal/produit/zoom/A7E3A377513CFB2FB643A4FF2C50970D.jpg,,,12,3,,,
2549,7613034717931,200.0,Nestlé,Chocolate culinário,Embalagem de 200g,1.59,7.95,0,kg,€/Kg,,,2024-07-31T23:59:59.999999999+01:00,PROSPECTUS,https://driveimg1.intermarche.com/pt/Content/images/boitmal/produit/zoom/BE5FC31D1F752D030E9BC48A4072345E.jpg,,,12,3,,,
25735,5000116112173,208.0,Capitão Iglo,10 nuggets peito de frango e queijo,Embalagem de 210g,2.99,14.38,0,kg,€/Kg,,Tipo de stockagem,2024-07-31T23:59:59.999999999+01:00,PROSPECTUS,https://driveimg1.intermarche.com/pt/Content/images/boitmal/produit/zoom/E9A162F74796CC7150848F5AAF7336C9.jpg,,,12,3,,,
25861,5603722509759,800.0,Mimosa,Leite C/ Chocolate,Embalagem de 4 x 200 ml,1.49,1.86,800,L,€/L,,,2024-07-31T23:59:59.999999999+01:00,PROSPECTUS,https://driveimg1.intermarche.com/pt/Content/images/boitmal/produit/zoom/754E59DFB7314FD42DB15B9A65008D5F.jpg,,,12,3,,,
26163,8410436272360,150.0,Sonasol,Bloco WC Poder Activo Pinho,Embalagem 3 x 50 g,4.39,29.27,0,kg,€/Kg,,,2024-08-02T23:59:59.999999999+01:00,PROSPECTUS,https://driveimg1.intermarche.com/pt/Content/images/boitmal/produit/zoom/4D25E7844869A13A0CA82F2E8AC36315.jpg,,,12,3,,,
26274,5601027002609,175.0,Bollycao,5 manhãzitos,Embalagem com 175 g,2.24,12.8,0,kg,€/Kg,,,2024-07-31T23:59:59.999999999+01:00,PROSPECTUS,https://driveimg1.intermarche.com/pt/Content/images/boitmal/produit/zoom/72802AF60F8CD24B8A8E082AF13E9F74.jpg,,,12,3,,,
26476,5601252115105,250.0,Gallo,Vinagre balsâmico de modena gourmet,Garrafa de 250 ml,2.31,9.24,250,L,€/L,,,2024-07-31T23:59:59.999999999+01:00,PROSPECTUS,https://driveimg1.intermarche.com/pt/Content/images/boitmal/produit/zoom/13194F8798F147A6A089D1E0D94D03CC.jpg,,,12,3,,,
26524,5606710533125,750.0,Carm,Vinho tinto douro,Garrafa de 0.75 l,8.39,11.19,750,L,€/L,,,2024-08-07T23:59:59.999999999+01:00,PROSPECTUS,https://driveimg1.intermarche.com/pt/Content/images/boitmal/produit/zoom/B1199C49770B2F8E59C17095E9CDE363.jpg,,,12,3,,,
26594,8711000357613,52.0,L'or,Café colombia,Embalagem de 50g,4.39,84.42,0,kg,€/Kg,,,2024-07-31T23:59:59.999999999+01:00,PROSPECTUS,https://driveimg1.intermarche.com/pt/Content/images/boitmal/produit/zoom/D21968ECC01B0E37036DFC520D71E940.jpg,,,12,3,,,
26595,8711000357507,52.0,L'or,Café fortissimo intensidade 10,Embalagem de 50g,4.39,84.42,0,kg,€/Kg,,,2024-07-31T23:59:59.999999999+01:00,PROSPECTUS,https://driveimg1.intermarche.com/pt/Content/images/boitmal/produit/zoom/1F348F2FB0AFBB7C3886E18EA9B43B29.jpg,,,12,3,,,
26597,8711000357521,52.0,L'or,Café descafeinato ristretto intensidade 9,Embalagem de 50g,4.39,84.42,0,kg,€/Kg,,,2024-07-31T23:59:59.999999999+01:00,PROSPECTUS,https://driveimg1.intermarche.com/pt/Content/images/boitmal/produit/zoom/4F97218A2C927C2121A6E7B79534223E.jpg,,,12,3,,,
27459,8410435051003,,Vileda,Saco lixo super+ 30 litros,15 unidades,1.67,1.67,0,,€/Unidade,,,2024-07-31T23:59:59.999999999+01:00,PROSPECTUS,https://driveimg1.intermarche.com/pt/Content/images/boitmal/produit/zoom/B3FABFB74852738C1421BD88DF2D81E2.jpg,,,12,3,,,
2779,8410180108038,185.0,Artiach,Bolachas infantil dinossauros,Embalagem de 190g,1.69,9.14,0,kg,€/Kg,,,2024-07-31T23:59:59.999999999+01:00,PROSPECTUS,https://driveimg1.intermarche.com/pt/Content/images/boitmal/produit/zoom/6D63D115534CE580F1302DD713E987C3.jpg,,,12,3,,,
28507,8006540618752,,Dodot,Fralda Cueca Extra T6 | +14 kg,Embalagem c/ 48 un.,13.49,13.49,0,,€/Unidade,,,2024-08-02T23:59:59.999999999+01:00,PROSPECTUS,https://driveimg1.intermarche.com/pt/Content/images/boitmal/produit/zoom/0E81716B09BE4333C336DFF322751365.jpg,,,12,3,,,
29738,8410436324533,1300.0,Sonasol,Lava Tudo Flores Montanha,1.3 l,2.09,1.61,1300,L,€/L,,,2024-08-02T23:59:59.999999999+01:00,PROSPECTUS,https://driveimg1.intermarche.com/pt/Content/images/boitmal/produit/zoom/619CC29EDCFB8BA35BEA4FA4EA1CE5DD.jpg,,,12,3,,,
30260,3574660089547,,Ob,Tampão Normal,1 Embalagem c/32 unidades,3.74,3.74,0,,€/Unidade,,,2024-08-02T23:59:59.999999999+01:00,PROSPECTUS,https://driveimg1.intermarche.com/pt/Content/images/boitmal/produit/zoom/0696E1E3706178A8B8B3B7D97A979B1F.jpg,,,12,3,,,
30261,3574661350202,,Ob,Tampão Super,1 Embalagem c/32 unidades,3.74,3.74,0,,€/Unidade,,,2024-08-02T23:59:59.999999999+01:00,PROSPECTUS,https://driveimg1.intermarche.com/pt/Content/images/boitmal/produit/zoom/A6C7A614B4F7CDD5C156BEBD4564F90B.jpg,,,12,3,,,
3169,4023103168237,,Vileda,Saco lixo super+ 50 litros,10 unidades,2.02,2.02,0,,€/Unidade,,,2024-07-31T23:59:59.999999999+01:00,PROSPECTUS,https://driveimg1.intermarche.com/pt/Content/images/boitmal/produit/zoom/A229CA1C3A4003E36BE275B218E825E5.jpg,,,12,3,,,
32255,5601096011205,750.0,Casal Garcia,Sangria frutos vermelhos,Garrafa de 0.75 l,3.79,5.05,750,L,€/L,,,2024-08-07T23:59:59.999999999+01:00,PROSPECTUS,https://driveimg1.intermarche.com/pt/Content/images/boitmal/produit/zoom/364348C463F355254BDE31E86B75329E.jpg,,,12,3,,,
32560,8006540808610,440.0,Fairy,Detergente Manual Loiça Maxi Poder Limão,440 ml,2.99,6.8,440,L,€/L,,,2024-07-31T23:59:59.999999999+01:00,PROSPECTUS,https://driveimg1.intermarche.com/pt/Content/images/boitmal/produit/zoom/76939BBBBC7A9CB088990F95841C1714.jpg,,,12,3,,,
35395,5604260285365,1500.0,PorSi,Gasosa,Garrafa de 1.5 l,0.49,0.33,1500,L,€/L,,,2024-07-31T23:59:59.999999999+01:00,PROSPECTUS,https://driveimg1.intermarche.com/pt/Content/images/boitmal/produit/zoom/6C299A974B8769AB0AA8725ECE16AB37.jpg,,,12,3,,,
35850,5600798960743,1000.0,Shoyce,Bebida de amêndoa - 0% açúcar,Embalagem de 1 litro,1.69,1.69,1000,L,€/L,,,2024-08-02T23:59:59.999999999+01:00,PROSPECTUS,https://driveimg1.intermarche.com/pt/Content/images/boitmal/produit/zoom/5013FFC843ED4864BBA03A98EB758892.jpg,,,12,3,,,
36586,3574660240030,,Ob,Tampões ProComfort Normal,1 Embalagem c/32 unidades,4.1,4.1,0,,€/Unidade,,,2024-07-31T23:59:59.999999999+01:00,PROSPECTUS,https://driveimg1.intermarche.com/pt/Content/images/boitmal/produit/zoom/415C4417CFD5EA986A9EA57263D43052.jpg,,,12,3,,,
36654,8410436343497,500.0,Sonasol,Spray limpa vidros brilhante,Embalagem de 500 ml,1.99,3.98,500,L,€/L,,,2024-08-02T23:59:59.999999999+01:00,PROSPECTUS,https://driveimg1.intermarche.com/pt/Content/images/boitmal/produit/zoom/6BD482198179BD4338A991D3B750B511.jpg,,,12,3,,,
36655,8410436343404,500.0,Sonasol,Spray casa de banho brilhante,Embalagem de 500 ml,1.99,3.98,500,L,€/L,,,2024-08-02T23:59:59.999999999+01:00,PROSPECTUS,https://driveimg1.intermarche.com/pt/Content/images/boitmal/produit/zoom/DE1ABE94258D954A0B137F0F858C6881.jpg,,,12,3,,,
36909,5604260326051,,PorSi,Fraldas agility T5 de 13 a 18 kg,44 unidades,6.69,6.69,0,,€/Unidade,,,2024-08-02T23:59:59.999999999+01:00,PROSPECTUS,https://driveimg1.intermarche.com/pt/Content/images/boitmal/produit/zoom/35F5347888749D5FF884CE0B00621B68.jpg,,,12,3,,,
37045,5601217132659,500.0,Cillitbang,"Spray bolor e sujidade, garrafa de 500 ml",,2.49,4.98,500,L,€/L,,,2024-08-02T23:59:59.999999999+01:00,PROSPECTUS,https://driveimg1.intermarche.com/pt/Content/images/boitmal/produit/zoom/2A51671BCEA4544BF377B06769DE1169.jpg,,,12,3,,,
37460,5900020033963,141.0,Nestlé,Barra fitness chocolate e banana,Embalagem de 141 g,2.09,14.82,0,kg,€/Kg,,,2024-07-31T23:59:59.999999999+01:00,PROSPECTUS,https://driveimg1.intermarche.com/pt/Content/images/boitmal/produit/zoom/61BB91D38AB9279BC7CD51B60ADF8FBC.jpg,,,12,3,,,
37497,5604260300853,240.0,PorSi,Atum em azeite,Embalagem de 3 x 80 g,2.39,9.96,0,kg,€/Kg,,,2024-07-31T23:59:59.999999999+01:00,PROSPECTUS,https://driveimg1.intermarche.com/pt/Content/images/boitmal/produit/zoom/16F95DDC301572FFD07690D08F9409BF.jpg,,,12,3,,,
37948,5601217132697,500.0,Cillitbang,Spray limpeza casa de banho,Embalagem de 500 ml,2.49,4.98,500,L,€/L,,,2024-08-02T23:59:59.999999999+01:00,PROSPECTUS,https://driveimg1.intermarche.com/pt/Content/images/boitmal/produit/zoom/62E5A8E0A6D5CF81B7A29AA6D1070117.jpg,,,12,3,,,
38569,5601043111385,500.0,Espiga,Farinha de arroz,Embalagem de 500g,0.95,1.9,0,kg,€/Kg,,,2024-07-31T23:59:59.999999999+01:00,PROSPECTUS,https://driveimg1.intermarche.com/pt/Content/images/boitmal/produit/zoom/75BD610997C68B6F54D809273CB78786.jpg,,,12,3,,,
40581,2732743000000,1000.0,PorSi,Salsichas Frescas Chipolatas,Embalagem com 1 kg (aprox.) ,12.89,12.89,0,,€/Kg,,,2024-07-31T23:59:59.999999999+01:00,PROSPECTUS,https://driveimg1.intermarche.com/pt/Content/images/boitmal/produit/zoom/996B04AC70DE8BA5785E90BCAD9CF63C.jpg,,,12,3,,,
40769,5604260301942,300.0,PorSi,Comida húmida para cão,Embalagem de 300 g,0.75,2.5,0,kg,€/Kg,,,2024-08-02T23:59:59.999999999+01:00,PROSPECTUS,https://driveimg1.intermarche.com/pt/Content/images/boitmal/produit/zoom/D90B7AD78A8FE4F93D83927A0C609BE3.jpg,,,12,3,,,
40969,5601151972557,1000.0,Frize,Água com gás sabor a maracujá,"Pack 4x 0,25l",1.99,1.99,1000,L,€/L,,,2024-08-02T23:59:59.999999999+01:00,PROSPECTUS,https://driveimg1.intermarche.com/pt/Content/images/boitmal/produit/zoom/9EDA238AFCB0C6D994D4CB4972B7E3C2.jpg,,,12,3,,,
41265,5411188122074,750.0,Alpro,Bebida Soja Chocolate Light,Embalagem de 3x250ml,2.49,3.32,750,L,€/L,,,2024-07-31T23:59:59.999999999+01:00,PROSPECTUS,https://driveimg1.intermarche.com/pt/Content/images/boitmal/produit/zoom/24A030ACCC569B6A2D4040A5E6B6BA79.jpg,,,12,3,,,
41297,5601050036534,440.0,Danone,"Iogurte oikos pêssego,  4 x 110g",,1.99,4.52,0,kg,€/Kg,,,2024-08-02T23:59:59.999999999+01:00,PROSPECTUS,https://driveimg1.intermarche.com/pt/Content/images/boitmal/produit/zoom/86E0EE086DC0214DA576A0DB5E10BF28.jpg,,,12,3,,,
41299,5601050036565,440.0,Danone,"Iogurte oikos maracujá,  4 x 110g",,1.99,4.52,0,kg,€/Kg,,,2024-08-02T23:59:59.999999999+01:00,PROSPECTUS,https://driveimg1.intermarche.com/pt/Content/images/boitmal/produit/zoom/FCB02F5884DDCB459FDF089F080D1348.jpg,,,12,3,,,
41384,5601050036602,440.0,Danone,"Iogurte grego oikos stracciatella,  4 x 110 g",,1.99,4.52,0,kg,€/Kg,,,2024-08-02T23:59:59.999999999+01:00,PROSPECTUS,https://driveimg1.intermarche.com/pt/Content/images/boitmal/produit/zoom/A0A6F59B7D5832D67ED1CDB718D78849.jpg,,,12,3,,,
41622,5604260304585,5000.0,PorSi,Areia para gatos mineral perfumada,Embalagem de 5 kg,2.59,0.52,0,kg,€/Kg,,,2024-08-02T23:59:59.999999999+01:00,PROSPECTUS,https://driveimg1.intermarche.com/pt/Content/images/boitmal/produit/zoom/A22F3FF72D9C5B78E2D24E4C52DC8F4E.jpg,,,12,3,,,
41718,5604260303823,90.0,PorSi,Saqueta de puré de fruta | maçã + manga + pêssego,90 g,0.74,8.22,0,kg,€/Kg,,,2024-08-02T23:59:59.999999999+01:00,PROSPECTUS,https://driveimg1.intermarche.com/pt/Content/images/boitmal/produit/zoom/002C0AF35BCBB9E50AC34B89735CDC2C.jpg,,,12,3,,,
41819,5601082047737,,Delta Q,Café XL Deqafeinatus intensidade 1,40 cápsulas,14.99,14.99,0,,€/Unidade,,,2024-08-02T23:59:59.999999999+01:00,PROSPECTUS,https://driveimg1.intermarche.com/pt/Content/images/boitmal/produit/zoom/705993EC4BA1EBFC96981215A35D276B.jpg,,,12,3,,,
419,8718114882536,50.0,Knorr,Sopa de cebola,Embalagem de 50g,1.59,31.8,0,kg,€/Kg,,,2024-07-31T23:59:59.999999999+01:00,PROSPECTUS,https://driveimg1.intermarche.com/pt/Content/images/boitmal/produit/zoom/ED2CDBB9018393062912BF3E0AF214D1.jpg,,,12,3,,,
42080,5604260300839,240.0,PorSi,Atum posta ao natural 3x80g,Embalagem de 240g,1.95,8.13,0,kg,€/Kg,,,2024-07-31T23:59:59.999999999+01:00,PROSPECTUS,https://driveimg1.intermarche.com/pt/Content/images/boitmal/produit/zoom/0309C810A4A9FA47B0FB86154080387E.jpg,,,12,3,,,
42202,5604260308545,90.0,PorSi Bio,Bio pure fruta maca/banana,Embalagem de 90g,0.79,8.78,0,kg,€/Kg,,Produtos Bio,2024-08-02T23:59:59.999999999+01:00,PROSPECTUS,https://driveimg1.intermarche.com/pt/Content/images/boitmal/produit/zoom/E365F5C1DB1EAE536B220D12C8495923.jpg,https://driveimg1.intermarche.com/pt/Content/images/boitmal/produit/zoom/14B951515EAAAA2322752AB2EEFAC0ED.jpg,,12,3,,,
42890,8001841677279,,Dodot,Fralda cueca T7 | +17 kg,Embalagem com 23 unidades,7.98,7.98,0,,€/Unidade,,,2024-08-02T23:59:59.999999999+01:00,PROSPECTUS,https://driveimg1.intermarche.com/pt/Content/images/boitmal/produit/zoom/BD1B5C08FDBFA6C0333FD58AADF1496E.jpg,,,12,3,,,
43009,5604260307180,300.0,PorSi,Comida húmida para cão de borrego,Embalagem de 300 g,0.75,2.5,0,kg,€/Kg,,,2024-08-02T23:59:59.999999999+01:00,PROSPECTUS,https://driveimg1.intermarche.com/pt/Content/images/boitmal/produit/zoom/8873D77963E4D34906CA2FC5E881C248.jpg,https://driveimg1.intermarche.com/pt/Content/images/boitmal/produit/zoom/2B27BF4714216FFB4E9E5882412593BE.jpg,https://driveimg1.intermarche.com/pt/Content/images/boitmal/produit/zoom/2B27BF4714216FFB4E9E5882412593BE.jpg,12,3,https://driveimg1.intermarche.com/pt/Content/images/boitmal/produit/zoom/2B27BF4714216FFB4E9E5882412593BE.jpg,https://driveimg1.intermarche.com/pt/Content/images/boitmal/produit/zoom/2B27BF4714216FFB4E9E5882412593BE.jpg,https://driveimg1.intermarche.com/pt/Content/images/boitmal/produit/zoom/2B27BF4714216FFB4E9E5882412593BE.jpg
4310,3600540362384,400.0,Ultra Suave,"Champô de camomila, 400 ml",,3.79,9.48,400,L,€/L,,,2024-07-31T23:59:59.999999999+01:00,PROSPECTUS,https://driveimg1.intermarche.com/pt/Content/images/boitmal/produit/zoom/3682EA1516F924548CF0016D3C028605.jpg,,,12,3,,,
44389,8410001134925,,Scotch-Brite,Esfregão com Esponja Fibra Verde Gama Classic,Embalagem de 1 unidades,0.99,0.99,1,,€/Unidade,,,2024-08-02T23:59:59.999999999+01:00,PROSPECTUS,https://driveimg1.intermarche.com/pt/Content/images/boitmal/produit/zoom/4B6C5529FF177F3DF11EAD6B51EEDBFA.jpg,,,12,3,,,
44797,5601151971444,1000.0,Pepsi,Pepsi max lima,Garrafa de 1 l,0.99,0.99,1000,L,€/L,,,2024-08-02T23:59:59.999999999+01:00,PROSPECTUS,https://driveimg1.intermarche.com/pt/Content/images/boitmal/produit/zoom/657B12F1DF1E65D0997328121D02B203.jpg,,,12,3,,,
44961,5054563098757,75.0,Sensodyne,Pasta dentífrica repair & protect branqueadora,Embalagem de 75 ml,4.19,55.87,75,L,€/L,,,2024-07-31T23:59:59.999999999+01:00,PROSPECTUS,https://driveimg1.intermarche.com/pt/Content/images/boitmal/produit/zoom/A635A3648DCB48F3466BC2FA7131A17D.jpg,,,12,3,,,
45431,5601050036893,300.0,Danone,"Yopro líquido manga,  300g",,1.88,6.27,0,kg,€/Kg,,,2024-07-31T23:59:59.999999999+01:00,PROSPECTUS,https://driveimg1.intermarche.com/pt/Content/images/boitmal/produit/zoom/8583A6614D9FCD023E372D07BF1E7B47.jpg,,,12,3,,,
46340,8720181029370,150.0,Axe,Desodorizante spray dark temptation,Embalagem de 150 ml,3.59,23.93,150,L,€/L,,,2024-07-31T23:59:59.999999999+01:00,PROSPECTUS,https://driveimg1.intermarche.com/pt/Content/images/boitmal/produit/zoom/6089641281D0C2E4D5F46619C43CCB3F.jpg,,,12,3,,,
46341,8720181031595,150.0,Axe,"Desodorizante Spray Anarchy, 150 ml",,3.59,23.93,150,L,€/L,,,2024-07-31T23:59:59.999999999+01:00,PROSPECTUS,https://driveimg1.intermarche.com/pt/Content/images/boitmal/produit/zoom/6DEF217745A2A52B0024E50637179070.jpg,,,12,3,,,
46499,7613287399045,,Nescafé,Café em cápsulas Dolce Gusto Intenso,64 cápsulas,17.99,17.99,0,,€/Unidade,,,2024-07-31T23:59:59.999999999+01:00,PROSPECTUS,https://driveimg1.intermarche.com/pt/Content/images/boitmal/produit/zoom/29C93A54BC4D58288DD5756662274BB2.jpg,,,12,3,,,
46518,5000204208856,750.0,WC Pato,"Líquido sanitário ação total menta, 750 ml",,1.94,2.59,750,L,€/L,,,2024-07-31T23:59:59.999999999+01:00,PROSPECTUS,https://driveimg1.intermarche.com/pt/Content/images/boitmal/produit/zoom/0233D129A9EC0388789C44988374A6C5.jpg,,,12,3,,,
46816,8000500289877,200.0,Kinder,Shoko-bons white,Embalagem de 200g,3.69,18.45,0,kg,€/Kg,,,2024-07-31T23:59:59.999999999+01:00,PROSPECTUS,https://driveimg1.intermarche.com/pt/Content/images/boitmal/produit/zoom/45ADCF877A750EF9A1A76FB0E452FFF6.jpg,,,12,3,,,
46907,8006540236222,650.0,Fairy,Detergente líquido manual loiça anti bactérias,Embalagem de 650 ml,3.59,5.52,650,L,€/L,,,2024-07-31T23:59:59.999999999+01:00,PROSPECTUS,https://driveimg1.intermarche.com/pt/Content/images/boitmal/produit/zoom/3E19A00CE6DB24E6BAC3DE395FADED18.jpg,,,12,3,,,
48092,5604260322435,85.0,PorSi Select,Comida húmida gato adulto c/ frango,Embalagem de 85g,0.59,6.94,0,kg,€/Kg,,,2024-08-02T23:59:59.999999999+01:00,PROSPECTUS,https://driveimg1.intermarche.com/pt/Content/images/boitmal/produit/zoom/E590670BC863F23F67B117215815F296.jpg,,,12,3,,,
48093,5604260322459,85.0,PorSi Select,Comida húmida gato adulto c/ peixe,Embalagem de 85g,0.59,6.94,0,kg,€/Kg,,,2024-08-02T23:59:59.999999999+01:00,PROSPECTUS,https://driveimg1.intermarche.com/pt/Content/images/boitmal/produit/zoom/4AA6ADFFF1475CB1AF3BAE3736401E0B.jpg,,,12,3,,,
48279,5054563108203,,Polident,Pastilhas de Limpeza Aparelho Dentário,Embalagem com 30 unidades ,4.39,4.39,0,,€/Unidade,,,2024-08-02T23:59:59.999999999+01:00,PROSPECTUS,https://driveimg1.intermarche.com/pt/Content/images/boitmal/produit/zoom/0FB9D80F4A25AFA9B454CEB4BA68ED5F.jpg,,,12,3,,,
48907,5604260320769,,PorSi,Penso diário normal,Embalagem de 64 unidades,1.69,1.69,64,,€/Unidade,,,2024-08-02T23:59:59.999999999+01:00,PROSPECTUS,https://driveimg1.intermarche.com/pt/Content/images/boitmal/produit/zoom/160580AB04FA8705A00B47E711994C11.jpg,https://driveimg1.intermarche.com/pt/Content/images/boitmal/produit/zoom/C20F8AD2FC19771FE6AB1B975D7F3E8C.jpg,https://driveimg1.intermarche.com/pt/Content/images/boitmal/produit/zoom/C20F8AD2FC19771FE6AB1B975D7F3E8C.jpg,12,3,https://driveimg1.intermarche.com/pt/Content/images/boitmal/produit/zoom/C20F8AD2FC19771FE6AB1B975D7F3E8C.jpg,,
49084,5604260323562,300.0,PorSi,8 rissóis de carne,Embalagem de 300g,1.28,4.27,0,kg,€/Kg,,Tipo de stockagem,2024-08-02T23:59:59.999999999+01:00,PROSPECTUS,https://driveimg1.intermarche.com/pt/Content/images/boitmal/produit/zoom/217225786E9180EDB8CCAEEA81B08902.jpg,,,12,3,,,
49819,5603722517327,600.0,Matinal,"Leite Seleccionado Leve, pack 3 x 200 ml",,1.59,2.65,600,L,€/L,,,2024-07-31T23:59:59.999999999+01:00,PROSPECTUS,https://driveimg1.intermarche.com/pt/Content/images/boitmal/produit/zoom/71B7A978B09743409E9A95EE1E5CB157.jpg,,,12,3,,,
4984,5601012011500,750.0,Mateus,Vinho rosé,Garrafa de 750 ml,3.59,4.79,750,L,€/L,,,2024-08-07T23:59:59.999999999+01:00,PROSPECTUS,https://driveimg1.intermarche.com/pt/Content/images/boitmal/produit/zoom/7610C8D5121203BD98F5BBCA0E5D26B2.jpg,,,12,3,,,
49990,5603722520785,180.0,Matinal,"Queijo Fresco Cottage Magro, 180g",,1.59,8.83,0,kg,€/Kg,,,2024-07-31T23:59:59.999999999+01:00,PROSPECTUS,https://driveimg1.intermarche.com/pt/Content/images/boitmal/produit/zoom/6347351EF12999888BF6F01754206073.jpg,,,12,3,,,
50033,5601050037593,300.0,Yopro,"Iogurte Liquido Pêssego Maragujá,  300g",,1.88,6.27,0,kg,€/Kg,,,2024-07-31T23:59:59.999999999+01:00,PROSPECTUS,https://driveimg1.intermarche.com/pt/Content/images/boitmal/produit/zoom/8DF1B41264F620D281B0BA1662B0D3D8.jpg,,,12,3,,,
50277,8410436429443,,Persil,Detergente máquina roupa 4 em 1,40 cápsulas,9.99,9.99,0,,€/Unidade,,,2024-08-02T23:59:59.999999999+01:00,PROSPECTUS,https://driveimg1.intermarche.com/pt/Content/images/boitmal/produit/zoom/5E047E9BAF43F15ECC8BBAF280F71764.jpg,,,12,3,,,
50367,5604260326129,300.0,PorSi,8 rissóis de pescada,Embalagem de 300g,1.15,3.83,0,kg,€/Kg,,Tipo de stockagem,2024-08-02T23:59:59.999999999+01:00,PROSPECTUS,https://driveimg1.intermarche.com/pt/Content/images/boitmal/produit/zoom/66808786B3FF6C3E96EF19274B692EA7.jpg,,,12,3,,,
50386,8445290290014,30.0,Maggi,"Molho Suculento Frango no Forno com Alho e Cebola em Saqueta, 30g",,0.89,29.67,0,kg,€/Kg,,,2024-07-31T23:59:59.999999999+01:00,PROSPECTUS,https://driveimg1.intermarche.com/pt/Content/images/boitmal/produit/zoom/0CA9D0BA31C0E8C3087456EA0E4676B5.jpg,,,12,3,,,
50393,5411188136613,1000.0,Alpro,Alpro not milk clássica,Garrafa de 1 l,1.99,1.99,1000,L,€/L,,,2024-07-31T23:59:59.999999999+01:00,PROSPECTUS,https://driveimg1.intermarche.com/pt/Content/images/boitmal/produit/zoom/7CE5F21FCA8DEED8ABE07C23B2B91786.jpg,,,12,3,,,
50394,8720181192111,150.0,Axe,Desodorizante Aero Epic Fresh,Garrafa de 150 ml,3.59,23.93,150,L,€/L,,,2024-07-31T23:59:59.999999999+01:00,PROSPECTUS,https://driveimg1.intermarche.com/pt/Content/images/boitmal/produit/zoom/3C80774091E79B2789B93D66067912AF.jpg,,,12,3,,,
50410,8720181292903,760.0,Comfort,Intensificador de Perfume Onda de Frescura,Garrafa de 760 ml,3.49,4.59,760,L,€/L,,,2024-08-02T23:59:59.999999999+01:00,PROSPECTUS,https://driveimg1.intermarche.com/pt/Content/images/boitmal/produit/zoom/F7D6549EEE11F8BCC082E924E85195BB.jpg,,,12,3,,,
50512,8410500028206,160.0,Yopro,"Yopro morango,  160g",,0.98,6.13,0,kg,€/Kg,,,2024-07-31T23:59:59.999999999+01:00,PROSPECTUS,https://driveimg1.intermarche.com/pt/Content/images/boitmal/produit/zoom/D925B59D7A508F0A005BF08DFAE0B307.jpg,,,12,3,,,
5093,5601050033755,620.0,Danone,"Iogurte activia líquido 0% morango/kiwi,  4 x 155 g",,1.99,3.21,0,kg,€/Kg,,,2024-07-31T23:59:59.999999999+01:00,PROSPECTUS,https://driveimg1.intermarche.com/pt/Content/images/boitmal/produit/zoom/29B41AE598716D0550D815AA0FE86025.jpg,,,12,3,,,
51181,5601217137265,,Quanto,"Perfumador de Roupa Azul, 36 doses",,2.99,2.99,0,,€/Unidade,,,2024-08-02T23:59:59.999999999+01:00,PROSPECTUS,https://driveimg1.intermarche.com/pt/Content/images/boitmal/produit/zoom/D220904A5CC7339C1FC4FDBF74A24C1B.jpg,,,12,3,,,
51183,8006540421499,440.0,Fairy,Detergente Manual Loiça Maxi Poder Original,440 ml,2.99,6.8,440,L,€/L,,,2024-07-31T23:59:59.999999999+01:00,PROSPECTUS,https://driveimg1.intermarche.com/pt/Content/images/boitmal/produit/zoom/E73DD151774203585D69C5C47F32F6FA.jpg,,,12,3,,,
51516,5000204242676,750.0,WC Pato,"Líquido Sanitário Biodegradável, 750 ml",,1.69,2.25,750,L,€/L,,,2024-07-31T23:59:59.999999999+01:00,PROSPECTUS,https://driveimg1.intermarche.com/pt/Content/images/boitmal/produit/zoom/A52D20BC4663DAC31D8BC9280D80BD62.jpg,,,12,3,,,
51539,8410436441971,1250.0,Sonasol,Lava Tudo Amoniacal,1.25 litros,2.09,1.67,1250,L,€/L,,,2024-07-31T23:59:59.999999999+01:00,PROSPECTUS,https://driveimg1.intermarche.com/pt/Content/images/boitmal/produit/zoom/966C0647302090E003E4103374439B62.jpg,,,12,3,,,
51560,5601174792002,750.0,João Pires,Vinho Rosé Península de Setúbal,Garrafa de 0.75 l,3.49,4.65,750,L,€/L,,,2024-08-07T23:59:59.999999999+01:00,PROSPECTUS,https://driveimg1.intermarche.com/pt/Content/images/boitmal/produit/zoom/5C884C754161C78D04BEEB9A8611ACBF.jpg,,,12,3,,,
51927,4005900911537,270.0,Nivea Sun,Protetor Solar Kids Protect & Care FP50+,Garrafa de 270 ml,12.59,46.63,270,L,€/L,,,2024-08-07T23:59:59.999999999+01:00,PROSPECTUS,https://driveimg1.intermarche.com/pt/Content/images/boitmal/produit/zoom/9BBC6CA36143C3EB2B9B2E1200AF6EC6.jpg,,,12,3,,,
52284,5604260330218,750.0,PorSi,"Sumo fresco de laranja, garrafa de 0.75 litros",,1.69,2.25,750,L,€/L,,,2024-08-02T23:59:59.999999999+01:00,PROSPECTUS,https://driveimg1.intermarche.com/pt/Content/images/boitmal/produit/zoom/F6A838FB411485BFBCD754FF0B8A5EA6.jpg,,,12,3,,,
52327,8720181385087,,Skip,Detergente Máquina Roupa Líquido Roupa Escura,56 Doses,9.99,9.99,0,,€/Unidade,,,2024-08-02T23:59:59.999999999+01:00,PROSPECTUS,https://driveimg1.intermarche.com/pt/Content/images/boitmal/produit/zoom/E0D1F9F4573871E5DC8853A835283320.jpg,,,12,3,,,
52338,8720181392931,,Comfort,Amaciador Roupa Concentrado Creations Jasmim e Mirtilo,76 Doses,3.99,3.99,0,,€/Unidade,,,2024-08-02T23:59:59.999999999+01:00,PROSPECTUS,https://driveimg1.intermarche.com/pt/Content/images/boitmal/produit/zoom/DED7323146382FF9F9D6D0F2196F9D63.jpg,,,12,3,,,
52340,8720181392962,,Comfort,Amaciador Roupa Concentrado Creations Madressilva e Sândalo,76 Doses,3.99,3.99,0,,€/Unidade,,,2024-08-02T23:59:59.999999999+01:00,PROSPECTUS,https://driveimg1.intermarche.com/pt/Content/images/boitmal/produit/zoom/6B8F8DA9C5DF28DF49A227B125CD9AD5.jpg,,,12,3,,,
52361,5604260330485,200.0,PorSi,Pão Especial para Hamburguer,4 Unidades,0.89,4.45,0,kg,€/Kg,,,2024-08-02T23:59:59.999999999+01:00,PROSPECTUS,https://driveimg1.intermarche.com/pt/Content/images/boitmal/produit/zoom/E7F20C90E07EBB93C3E37B236831802D.jpg,,,12,3,,,
52372,8720181384783,,Skip,Detergente Máquina Roupa Líquido Active Clean,76 Doses,11.99,11.99,0,,€/Unidade,,,2024-08-02T23:59:59.999999999+01:00,PROSPECTUS,https://driveimg1.intermarche.com/pt/Content/images/boitmal/produit/zoom/317EA4E845A007FE56B2D6D0E194B17C.jpg,,,12,3,,,
52529,5604260330874,750.0,Selecção de Enófilos,Vinho Branco do Tejo Sauvignon-Blanc,Garrafa de 0.75 litros,2.99,3.99,750,L,€/L,,,2024-08-07T23:59:59.999999999+01:00,PROSPECTUS,https://driveimg1.intermarche.com/pt/Content/images/boitmal/produit/zoom/1514A633BA7B3687C04E3C4EF47B91A5.jpg,,,12,3,,,
52600,5601217137951,1710.0,Quanto,"Amaciador Roupa Concentrado Ouro e Orquídea Branca, 95 doses",,3.99,2.33,1710,L,€/L,,,2024-08-02T23:59:59.999999999+01:00,PROSPECTUS,https://driveimg1.intermarche.com/pt/Content/images/boitmal/produit/zoom/A89E9019D654EFABC7388FF37B1BF310.jpg,,,12,3,,,
52601,5601217137944,1710.0,Quanto,"Amaciador Roupa Concentrado Rubi e Jasmim, 95 doses",,3.99,2.33,1710,L,€/L,,,2024-08-02T23:59:59.999999999+01:00,PROSPECTUS,https://driveimg1.intermarche.com/pt/Content/images/boitmal/produit/zoom/EFA6AAA584BAA33F31E0C73AACE65A5B.jpg,,,12,3,,,
52786,5900020043481,310.0,Nestlé,"Cereais Protein Fitness 0% Cacau, 310g",,2.89,9.32,0,kg,€/Kg,,,2024-07-31T23:59:59.999999999+01:00,PROSPECTUS,https://driveimg1.intermarche.com/pt/Content/images/boitmal/produit/zoom/B2A0913D3F7A8C1ACF4039A186AC2CD5.jpg,,,12,3,,,
52883,8719200267824,1000.0,Planta,"Creme Vegetal para Barrar Original, 1 kg",,4.79,4.79,0,kg,€/Kg,,,2024-07-31T23:59:59.999999999+01:00,PROSPECTUS,https://driveimg1.intermarche.com/pt/Content/images/boitmal/produit/zoom/CBB4812E883E0A943660F7C5BD667E18.jpg,,,12,3,,,
52897,8720181392917,1332.0,Comfort,"Amaciador Concentrado Essência Pure, 74 Doses",,3.49,2.62,1332,L,€/L,,,2024-08-02T23:59:59.999999999+01:00,PROSPECTUS,https://driveimg1.intermarche.com/pt/Content/images/boitmal/produit/zoom/6C81AB307354BD851AD24288672BBAB9.jpg,,,12,3,,,
52941,8720181386510,2700.0,Skip,"Detergente Líquido Máquina de Roupa Sabão Natural, 60 Doses",,7.99,2.96,2700,L,€/L,,,2024-08-02T23:59:59.999999999+01:00,PROSPECTUS,https://driveimg1.intermarche.com/pt/Content/images/boitmal/produit/zoom/F78D7BA1CEEC1BA7836B80E309E4D243.jpg,,,12,3,,,
52942,8720181385070,2520.0,Skip,"Detergente Líquido Máquina de Roupa Cores, 56 Doses",,9.99,3.96,2520,L,€/L,,,2024-08-02T23:59:59.999999999+01:00,PROSPECTUS,https://driveimg1.intermarche.com/pt/Content/images/boitmal/produit/zoom/DA89C34C561727E74F60C33922AB0C9D.jpg,,,12,4,,,
52945,8410500008727,400.0,Danone,"Iogurte Danonino Petit Morango, 4 x 100g",,2.39,5.98,0,kg,€/Kg,,,2024-07-31T23:59:59.999999999+01:00,PROSPECTUS,https://driveimg1.intermarche.com/pt/Content/images/boitmal/produit/zoom/7F4489E1D7EF42149F7DDCD17A5A4E27.jpg,,,12,4,,,
53066,5601050037845,620.0,Danone,"Bifidus Líquido Activia Aveia e Noz 000%, 4 x 155g",,1.99,3.21,0,kg,€/Kg,,,2024-07-31T23:59:59.999999999+01:00,PROSPECTUS,https://driveimg1.intermarche.com/pt/Content/images/boitmal/produit/zoom/C3E5261F5C2ADA6A9243957038878389.jpg,,,12,4,,,
53240,8720181384264,2340.0,Skip,"Detergente Líquido Máquina de Roupa 2 em 1 Ultimate, 52 Doses",,10.99,4.7,2340,L,€/L,,,2024-08-02T23:59:59.999999999+01:00,PROSPECTUS,https://driveimg1.intermarche.com/pt/Content/images/boitmal/produit/zoom/ADA1267F1850FE173AC42CD30CA77DD5.jpg,,,12,4,,,
53670,5054563119827,75.0,Sensodyne,Pasta de Dentes Branqueadora Nourish Branco Saudável,Embalagem de 75ml,3.5,46.67,75,L,€/L,,,2024-07-31T23:59:59.999999999+01:00,PROSPECTUS,https://driveimg1.intermarche.com/pt/Content/images/boitmal/produit/zoom/130D159800BD3EBD441CCD4A909E65AF.jpg,https://driveimg1.intermarche.com/pt/Content/images/boitmal/produit/zoom/E9A3BE851B4BFFD8866CC74997851983.jpg,https://driveimg1.intermarche.com/pt/Content/images/boitmal/produit/zoom/E9A3BE851B4BFFD8866CC74997851983.jpg,12,4,https://driveimg1.intermarche.com/pt/Content/images/boitmal/produit/zoom/E9A3BE851B4BFFD8866CC74997851983.jpg,,
53760,8435495837145,2000.0,Gama,Detergente Máquina Roupa Líquido Frescor da Colónia,Embalagem de 45 Doses,3.99,2.0,2000,L,€/L,,,2024-08-02T23:59:59.999999999+01:00,PROSPECTUS,https://driveimg1.intermarche.com/pt/Content/images/boitmal/produit/zoom/66F2A8E21E7849C860A39607DF894D69.jpg,,,12,4,,,
53826,8410436421966,,Bref,Bloco Sanitário Poder Ativo Lima,Embalagem de 4 un.,5.24,5.24,0,,€/Unidade,,,2024-07-31T23:59:59.999999999+01:00,PROSPECTUS,https://driveimg1.intermarche.com/pt/Content/images/boitmal/produit/zoom/27F9520D68FCA11B19043831D11BA7DE.jpg,,,12,4,,,
53924,5604260333158,200.0,Labell,"Loção Solar Cenoura FP 6, 200ml",,4.99,24.95,200,L,€/L,,,2024-08-02T23:59:59.999999999+01:00,PROSPECTUS,https://driveimg1.intermarche.com/pt/Content/images/boitmal/produit/zoom/76A5E0B432406BBBD3247C9FE2E08C4C.jpg,,,12,4,,,
5464,5601377000355,750.0,Monsaraz,Vinho Rosé DOC Alentejo,"Garrafa de 0,75 l",2.99,3.99,750,L,€/L,,,2024-08-07T23:59:59.999999999+01:00,PROSPECTUS,https://driveimg1.intermarche.com/pt/Content/images/boitmal/produit/zoom/857D589A09D645BAF935FFBBE16886D5.jpg,,,12,4,,,
5471,5601385502575,75.0,Sensodyne,"Pasta dentífrica, pro-esmalte",Embalagem de 75 ml,3.95,52.67,75,L,€/L,,,2024-07-31T23:59:59.999999999+01:00,PROSPECTUS,https://driveimg1.intermarche.com/pt/Content/images/boitmal/produit/zoom/60069AE851DC89AE2DCA4F4FE3F830CC.jpg,,,12,4,,,
5632,5602445000536,750.0,Encosta das Perdizes,Vinho regional alentejano tinto,Garrafa de 750 ml,2.69,3.59,750,L,€/L,,,2024-08-02T23:59:59.999999999+01:00,PROSPECTUS,https://driveimg1.intermarche.com/pt/Content/images/boitmal/produit/zoom/3071A928CC77370088593218C9A3FE4D.jpg,,,12,4,,,
6039,5606215090017,750.0,Raposeira,Espumante bruto reserva,Garrafa de 0.75 l,6.99,9.32,750,L,€/L,,,2024-08-07T23:59:59.999999999+01:00,PROSPECTUS,https://driveimg1.intermarche.com/pt/Content/images/boitmal/produit/zoom/D1246C608EB3BA32E60D61BDE2573490.jpg,,,12,4,,,
6057,5608527000401,750.0,Dona Ermelinda,Vinho doc palmela tinto,Garrafa de 750 ml,3.99,5.32,750,L,€/L,,,2024-08-07T23:59:59.999999999+01:00,PROSPECTUS,https://driveimg1.intermarche.com/pt/Content/images/boitmal/produit/zoom/A42E08518C2D5C24CA9EADB32EC8646D.jpg,,,12,4,,,
6404,8410376017113,500.0,Gullón,Bolacha recheada mega duo chocolate,Embalagem de 500g,2.49,4.98,0,kg,€/Kg,,,2024-07-31T23:59:59.999999999+01:00,PROSPECTUS,https://driveimg1.intermarche.com/pt/Content/images/boitmal/produit/zoom/8EB5AE64DF1A4B711D2A877A1A47FC57.jpg,,,12,4,,,
6988,0000056090017,100.0,Eru,Queijo creme real,Embalagem de 100 g,1.35,13.5,0,kg,€/Kg,,,2024-07-31T23:59:59.999999999+01:00,PROSPECTUS,https://driveimg1.intermarche.com/pt/Content/images/boitmal/produit/zoom/903838029622B2F4259D8E514B009979.jpg,,,12,4,,,
6993,0000056091151,100.0,Eru,"Queijo creme, presunto",Embalagem de 100 g,1.35,13.5,0,kg,€/Kg,,,2024-07-31T23:59:59.999999999+01:00,PROSPECTUS,https://driveimg1.intermarche.com/pt/Content/images/boitmal/produit/zoom/18F3A18A3116B3716EC2E65028430488.jpg,,,12,4,,,
7550,3600541550087,400.0,Ultra Suave,Champô tesouros de mel,Embalagem de 400 ml,3.79,9.48,400,L,€/L,,,2024-07-31T23:59:59.999999999+01:00,PROSPECTUS,https://driveimg1.intermarche.com/pt/Content/images/boitmal/produit/zoom/E6566E0DAE3A76CF422C4F3C02B07F81.jpg,,,12,4,,,
7877,4023103156487,,Vileda,Recarga para balde com pedal,,6.39,6.39,0,,€/Unidade,,,2024-07-31T23:59:59.999999999+01:00,PROSPECTUS,https://driveimg1.intermarche.com/pt/Content/images/boitmal/produit/zoom/DECE5E224C2A61E0D04739CE87656442.jpg,,,12,4,,,
8391,5601049159992,1000.0,Mimosa,Leite especial cálcio + vitamina d magro,Garrafa de 1 l,0.98,0.98,1000,L,€/L,,,2024-07-31T23:59:59.999999999+01:00,PROSPECTUS,https://driveimg1.intermarche.com/pt/Content/images/boitmal/produit/zoom/9A4AD44FB60B5A45579B826AAB547587.jpg,,,12,4,,,
8415,8410500007836,600.0,Actimel Danone,"Actimel tutti-frutti,  6 x 100g",,2.79,4.65,0,kg,€/Kg,,,2024-07-31T23:59:59.999999999+01:00,PROSPECTUS,https://driveimg1.intermarche.com/pt/Content/images/boitmal/produit/zoom/DB1D3FA2CAFD2F870E694DAF87E93AD5.jpg,,,12,4,,,
8502,5601109211288,750.0,EVEL,Vinho branco doc douro,Garrafa de 750 ml,4.79,6.39,750,L,€/L,,,2024-08-07T23:59:59.999999999+01:00,PROSPECTUS,https://driveimg1.intermarche.com/pt/Content/images/boitmal/produit/zoom/170D4E8A50CEC9755918B80CA1B25767.jpg,,,12,4,,,
865,5014328028740,16.0,Tetley,Infusão de frutos vermelhos,Embalagem de 20g,1.19,74.38,0,kg,€/Kg,,,2024-07-31T23:59:59.999999999+01:00,PROSPECTUS,https://driveimg1.intermarche.com/pt/Content/images/boitmal/produit/zoom/781EBB6A7EF96D7BE9937F977C0554CF.jpg,,,12,4,,,
8794,5601237233220,750.0,JP,Vinho regional península de setúbal branco,Garrafa de 0.75 l,2.24,2.99,750,L,€/L,,,2024-07-31T23:59:59.999999999+01:00,PROSPECTUS,https://driveimg1.intermarche.com/pt/Content/images/boitmal/produit/zoom/056F6DB9A532825718031B0227D04223.jpg,,,12,4,,,
887,5413548280189,125.0,Kinder,Chocolate shokobons,Embalagem de 130g,2.49,19.92,0,kg,€/Kg,,,2024-07-31T23:59:59.999999999+01:00,PROSPECTUS,https://driveimg1.intermarche.com/pt/Content/images/boitmal/produit/zoom/185CCEF867B25C830AF04A47AE436445.jpg,,,12,4,,,
8907,5601356013062,750.0,Porta da Ravessa,Vinho doc alentejo tinto,Garrafa de 750 ml,2.19,2.92,750,L,€/L,,,2024-08-07T23:59:59.999999999+01:00,PROSPECTUS,https://driveimg1.intermarche.com/pt/Content/images/boitmal/produit/zoom/6959CDD5BE6F9D19F80D1BD635488E3C.jpg,,,12,4,,,
8929,5601377319082,750.0,Monsaraz,Vinho doc alentejo branco,"Garrafa de 0,75 l",2.99,3.99,750,L,€/L,,,2024-08-02T23:59:59.999999999+01:00,PROSPECTUS,https://driveimg1.intermarche.com/pt/Content/images/boitmal/produit/zoom/57A61372BA394565717B5AEFA7626E3C.jpg,,,12,4,,,
8933,5601377339080,750.0,Monsaraz,Vinho Tinto DOC Alentejo,"Garrafa de 0,75 l",2.99,3.99,750,L,€/L,,,2024-08-02T23:59:59.999999999+01:00,PROSPECTUS,https://driveimg1.intermarche.com/pt/Content/images/boitmal/produit/zoom/91D66AE5F752617A4B7436C49147FA1C.jpg,,,12,4,,,
9011,5601531101102,750.0,Deu-la-deu,Vinho Verde Alvarinho Branco,Garrafa de 0.75 l,5.89,7.85,750,L,€/L,,,2024-08-07T23:59:59.999999999+01:00,PROSPECTUS,https://driveimg1.intermarche.com/pt/Content/images/boitmal/produit/zoom/A59DDCB43A3BD6CCA2CD4215292E0BC5.jpg,,,12,4,,,
9113,5601989001566,750.0,Monte Velho,Vinho branco alentejo,Garrafa de 750 ml,3.99,5.32,750,L,€/L,,,2024-08-07T23:59:59.999999999+01:00,PROSPECTUS,https://driveimg1.intermarche.com/pt/Content/images/boitmal/produit/zoom/535A67A6AB54BC16A34A4F4F6B7FCD26.jpg,,,12,4,,,
9252,5603089006199,200.0,Parmalat,Nata com ervas aromáticas,Embalagem de 200 ml,1.03,5.15,200,L,€/L,,,2024-07-31T23:59:59.999999999+01:00,PROSPECTUS,https://driveimg1.intermarche.com/pt/Content/images/boitmal/produit/zoom/1B8911025812A9BB9E6C9A1B12F65203.jpg,,,12,4,,,
9308,5603722501449,130.0,Primor,Manteiga com sal marinho,Embalagem de 130g,1.79,13.77,0,kg,€/Kg,,,2024-07-31T23:59:59.999999999+01:00,PROSPECTUS,https://driveimg1.intermarche.com/pt/Content/images/boitmal/produit/zoom/3C293E46CDEBC2751EF88E5A5F91F701.jpg,,,12,4,,,
939,5601001315107,200.0,Nestlé,Mistura solúvel tofina despertar,Embalagem de 200g,2.84,14.2,0,kg,€/Kg,,,2024-08-02T23:59:59.999999999+01:00,PROSPECTUS,https://driveimg1.intermarche.com/pt/Content/images/boitmal/produit/zoom/5CE6D55625AEDC805A15D1C134965D0D.jpg,,,12,4,,,
972,5601024030056,750.0,Oliveira da Serra,"Azeite extra virgem, azeitonas verdes",Garrafa de 750 ml,8.69,11.59,750,L,€/L,,,2024-07-31T23:59:59.999999999+01:00,PROSPECTUS,https://driveimg1.intermarche.com/pt/Content/images/boitmal/produit/zoom/F81E60325884A50540DA24AAB5A050E8.jpg,,,12,4,,,
974,5601024105051,3000.0,Fula,Óleo alimentar,Embalagem 3L,5.85,1.95,3000,L,€/L,,,2024-08-02T23:59:59.999999999+01:00,PROSPECTUS,https://driveimg1.intermarche.com/pt/Content/images/boitmal/produit/zoom/E8988831656F5EAF04A94786E82867B7.jpg,,,12,4,,,
9809,5608527000418,750.0,Dona Ermelinda,Vinho doc palmela branco,Garrafa de 750 ml,3.99,5.32,750,L,€/L,,,2024-08-07T23:59:59.999999999+01:00,PROSPECTUS,https://driveimg1.intermarche.com/pt/Content/images/boitmal/produit/zoom/2259C36579DB9596F3C8BA9119D1E5F8.jpg,,,12,4,,,
9860,5998749117774,60.0,Catisfactions,Snack para gato,Embalagem de 60g,1.69,28.17,0,kg,€/Kg,,,2024-08-02T23:59:59.999999999+01:00,PROSPECTUS,https://driveimg1.intermarche.com/pt/Content/images/boitmal/produit/zoom/7959C16D36E6FB98E4D26D4979458461.jpg,,,12,4,,,
9915,7613034515667,400.0,Yogolino,Nestle iogolino prep iog baunilha 100g,Embalagem de 400g,2.24,5.6,0,kg,€/Kg,,,2024-07-31T23:59:59.999999999+01:00,PROSPECTUS,https://driveimg1.intermarche.com/pt/Content/images/boitmal/produit/zoom/6DFBF92BD5C54390DA283A2A6DCEF443.jpg,,,12,4,,,
8413,8410500008932,600.0,Actimel Danone,"Actimel morango, 6 x 100g",,2.79,4.65,0,kg,€/Kg,,,2024-07-31T23:59:59.999999999+01:00,PROSPECTUS,https://driveimg1.intermarche.com/pt/Content/images/boitmal/produit/zoom/F6EB1A175778A171D463316E7A3FAC27.jpg,,,12,4,,,
19415,5601028019798,,Renova,"Rolo de cozinha design xxl, 3 rolos",Embalagem de 3 unidades,1.99,1.99,3,,€/Unidade,,,2024-07-31T23:59:59.999999999+01:00,PROSPECTUS,https://driveimg1.intermarche.com/pt/Content/images/boitmal/produit/zoom/72BDE5829FC47024A80D1CC998CA1B8E.jpg,,,12,4,,,
51403,5604260325689,1000.0,PorSi,Vinagre de limpeza,Garrafa de 1 l,0.95,0.95,1000,L,€/L,,,2024-08-02T23:59:59.999999999+01:00,PROSPECTUS,https://driveimg1.intermarche.com/pt/Content/images/boitmal/produit/zoom/D97716AE40F4384225AEA397971D7BFD.jpg,,,12,4,,,
8434,5601050033731,620.0,Danone,"Iogurte activia líquido 0% lima/limão,  4 x 155 g",,1.99,3.21,0,kg,€/Kg,,,2024-07-31T23:59:59.999999999+01:00,PROSPECTUS,https://driveimg1.intermarche.com/pt/Content/images/boitmal/produit/zoom/E8DD28A0F1244F3320993F3917832E4F.jpg,,,12,4,,,
14862,2696029000000,70.0,Padaria,Carcaça Rústica 70 g,,0.17,2.43,0,kg,€/Kg,,,2024-07-31T23:59:59.999999999+01:00,PROSPECTUS,https://driveimg1.intermarche.com/pt/Content/images/boitmal/produit/zoom/7501756B5498BDF68A954DEA96B9AD1C.jpg,,,12,4,,,
44701,5053990156009,175.0,Pringles,Pringles original,Embalagem de 175g,2.39,13.66,0,kg,€/Kg,,,2024-07-31T23:59:59.999999999+01:00,PROSPECTUS,https://driveimg1.intermarche.com/pt/Content/images/boitmal/produit/zoom/A4350F1969E3C38471802CC20C7A43A5.jpg,https://driveimg1.intermarche.com/pt/Content/images/boitmal/produit/zoom/843E1395B62C4B40E91467CF90852642.jpg,https://driveimg1.intermarche.com/pt/Content/images/boitmal/produit/zoom/843E1395B62C4B40E91467CF90852642.jpg,12,4,https://driveimg1.intermarche.com/pt/Content/images/boitmal/produit/zoom/843E1395B62C4B40E91467CF90852642.jpg,,
49085,5604260323555,300.0,PorSi,8 rissóis de camarão,Embalagem de 300g,1.25,4.17,0,kg,€/Kg,,Tipo de stockagem,2024-08-02T23:59:59.999999999+01:00,PROSPECTUS,https://driveimg1.intermarche.com/pt/Content/images/boitmal/produit/zoom/D126C42EDA26B0D368147D17B093DA22.jpg,,,12,4,,,
41717,5604260303816,90.0,PorSi,Saqueta de puré de fruta | maçã + pera,90 g,0.74,8.22,0,kg,€/Kg,,,2024-08-02T23:59:59.999999999+01:00,PROSPECTUS,https://driveimg1.intermarche.com/pt/Content/images/boitmal/produit/zoom/BDC9DCB2575995ED71759BEA2C9A3172.jpg,,,12,4,,,
13095,2893071000000,100.0,Peixaria,Carapau Pequeno,1 un = 100 g (aprox.),0.3,2.99,0,,€/Kg,,,2024-07-31T23:59:59.999999999+01:00,PROSPECTUS,https://driveimg1.intermarche.com/pt/Content/images/boitmal/produit/zoom/A6FA4A5C89011F3F27A60AD959FD9913.jpg,,,12,4,,,
35837,5604260295289,1500.0,PorSi,Refrigerante com gás de laranja,Garrafa de 1.5 l,0.88,0.59,1500,L,€/L,,,2024-07-31T23:59:59.999999999+01:00,PROSPECTUS,https://driveimg1.intermarche.com/pt/Content/images/boitmal/produit/zoom/7340B94410405DF85CA874C09DC0A37A.jpg,,,12,4,,,
17873,8718951037885,500.0,Ajax,Limpa vidros recarga tripla ação,Embalagem de 500 ml,1.79,3.58,500,L,€/L,,,2024-07-31T23:59:59.999999999+01:00,PROSPECTUS,https://driveimg1.intermarche.com/pt/Content/images/boitmal/produit/zoom/42625D659AA36AA56C9B694404679879.jpg,,,12,4,,,
35542,7613036867405,210.0,Nescafé,Café em cápsulas dolce gusto ristreto intenso,Embalagem de 210g,9.99,47.57,0,kg,€/Kg,,,2024-08-02T23:59:59.999999999+01:00,PROSPECTUS,https://driveimg1.intermarche.com/pt/Content/images/boitmal/produit/zoom/267E125B7795F042AD3E2E89E4989A32.jpg,,,12,4,,,
36657,5601217132673,500.0,Cillitbang,Spray lixívia e higiene,Garrafa de 500 ml,2.49,4.98,500,L,€/L,,,2024-08-02T23:59:59.999999999+01:00,PROSPECTUS,https://driveimg1.intermarche.com/pt/Content/images/boitmal/produit/zoom/B883369E3F8FD2106485DC8F041B61F8.jpg,,,12,4,,,
13175,2893160000000,300.0,Marisco,Mexilhão Médio Fresco,Vendido ao peso,0.6,1.99,0,,€/Kg,,,2024-08-07T23:59:59.999999999+01:00,PROSPECTUS,https://driveimg1.intermarche.com/pt/Content/images/boitmal/produit/zoom/1B99F057F8C4C1BA9A19D558FEEB76B4.jpg,,,12,4,,,
24415,8410436299961,1300.0,Sonasol,Lava tudo lavanda,"Embalagem de 1,3L",2.09,1.61,1300,L,€/L,,,2024-08-02T23:59:59.999999999+01:00,PROSPECTUS,https://driveimg1.intermarche.com/pt/Content/images/boitmal/produit/zoom/4C901B46EE167F7ABAA5D085E91578A1.jpg,,,12,4,,,
44240,8410500010539,1200.0,Actimel Danone,"Actimel Kids, 12 x 100 g",,4.79,3.99,0,kg,€/Kg,,,2024-07-31T23:59:59.999999999+01:00,PROSPECTUS,https://driveimg1.intermarche.com/pt/Content/images/boitmal/produit/zoom/30A5D0ACB9ED08A0E0975059507175B8.jpg,,,12,4,,,
1414,5601252106639,750.0,Gallo,Azeite virgem delicado,Garrafa de 750 ml,8.69,11.59,750,L,€/L,,,2024-07-31T23:59:59.999999999+01:00,PROSPECTUS,https://driveimg1.intermarche.com/pt/Content/images/boitmal/produit/zoom/14892E13E5F7C3707D2EB967992642D1.jpg,,,12,4,,,
50405,8445290489173,900.0,Cerelac,Papa Infantil + 6 meses,Embalagem de 900g,6.29,6.99,0,kg,€/Kg,,,2024-08-02T23:59:59.999999999+01:00,PROSPECTUS,https://driveimg1.intermarche.com/pt/Content/images/boitmal/produit/zoom/AC49BEE482A5844CB7C28462BEA4C70C.jpg,,,12,4,,,
13566,2893560000000,250.0,Congelado de Aquicultura,Camarão Congelado 20/30,1 un = 250 gr  (aprox.),2.2,8.79,0,,€/Kg,,Avantages !,2024-08-07T23:59:59.999999999+01:00,PROSPECTUS,https://driveimg1.intermarche.com/pt/Content/images/boitmal/produit/zoom/863DB9F10BE616A55736AB7A17BC6BB5.jpg,,,12,4,,,
