identifier,produitEan13,capacite,marque,libelle,conditionnement,prix,unitPrice,volume,typeProduit_uniteByCode,unit_value,pictogrammes_0,pictogrammes_libelleCategorie,images_0,images_1,images_2,avantages_dateFin,avantages_categorie,nro_paginas,page,images_3
931,5601001228100,300.0,Nestum,Nestum flocos de cereais com mel,Embalagem de 300g,2.09,6.97,0,kg,€/Kg,,,https://driveimg1.intermarche.com/pt/Content/images/boitmal/produit/zoom/3533A13BC534891673C8C96375839B78.jpg,,,2024-10-16T23:59:59.999999999+01:00,PROSPECTUS,9,1,
9293,5603722493942,250.0,Primor,Manteiga pasteurizada com sal cuvet,Embalagem de 250g,1.79,7.16,0,kg,€/Kg,,,https://driveimg1.intermarche.com/pt/Content/images/boitmal/produit/zoom/5B98CBCDF9DE77B1D84C2C6375C3439D.jpg,,,2024-10-16T23:59:59.999999999+01:00,PROSPECTUS,9,1,
1322,5601163011114,5400.0,Luso,Água s/ gás,"Garrafa de 5,4 l",1.59,0.29,5400,L,€/L,,,https://driveimg1.intermarche.com/pt/Content/images/boitmal/produit/zoom/4B414C742356ECF49B4C0D49D2F721F7.jpg,,,2024-10-16T23:59:59.999999999+01:00,PROSPECTUS,9,1,
17402,8412600027233,700.0,Bimbo,Pão forma familiar normal,embalagem de 700 g,1.79,2.56,0,kg,€/Kg,,,https://driveimg1.intermarche.com/pt/Content/images/boitmal/produit/zoom/DE8CCFFBC376CC9F4596A72F8ABC4CE5.jpg,,,2024-10-16T23:59:59.999999999+01:00,PROSPECTUS,9,1,
11688,5601244202318,200.0,Terra Nostra,Queijo flamengo em fatias,Embalagem de 200g,2.19,10.95,0,kg,€/Kg,,,https://driveimg1.intermarche.com/pt/Content/images/boitmal/produit/zoom/1AC37D1F5312990D8FFDE85110EEAFAE.jpg,,,2024-10-16T23:59:59.999999999+01:00,PROSPECTUS,9,1,
12972,2892040000000,1000.0,Fruta,Banana,1 un = 200 gr (aprox.),1.09,1.09,0,,€/Kg,,,https://driveimg1.intermarche.com/pt/Content/images/boitmal/produit/zoom/C368220872795E9863F1F37C2230CCEA.jpg,,,2024-10-16T23:59:59.999999999+01:00,PROSPECTUS,9,1,
24369,5601050033045,620.0,Danone,"Iogurte líquido morango / kiwi corpos danone,  4 x 155 g",,1.69,2.73,0,kg,€/Kg,,,https://driveimg1.intermarche.com/pt/Content/images/boitmal/produit/zoom/727FBA9E88DFAC31F291DCAC14087FD2.jpg,,,2024-10-16T23:59:59.999999999+01:00,PROSPECTUS,9,1,
19022,5603722509742,800.0,Agros,Leite com Chocolate,Embalagem de 4 x 200 ml,1.49,1.86,800,L,€/L,,,https://driveimg1.intermarche.com/pt/Content/images/boitmal/produit/zoom/5E96016EA2C29977083D2986B4126E1A.jpg,,,2024-10-16T23:59:59.999999999+01:00,PROSPECTUS,9,1,
19414,5601028024716,,Renova,"Papel Higiénico Puríssimo 3 Folhas, embalagem c/ 12 rolos",,4.89,4.89,0,,€/Unidade,,,https://driveimg1.intermarche.com/pt/Content/images/boitmal/produit/zoom/6242763EE156B95E7FFD25754BFAE64B.jpg,,,2024-10-16T23:59:59.999999999+01:00,PROSPECTUS,9,1,
24410,8710908859502,750.0,Cif,Spray power&shine multiusos c/ lixívia,Garrafa de 750 ml,2.69,3.59,750,L,€/L,,,https://driveimg1.intermarche.com/pt/Content/images/boitmal/produit/zoom/BC1FC8E39B43E72D32F4657C6D001534.jpg,,,2024-10-16T23:59:59.999999999+01:00,PROSPECTUS,9,1,
5985,5604422145209,1000.0,Macieira,Brandy,Garrafa de 1 l,15.39,15.39,1000,L,€/L,,,https://driveimg1.intermarche.com/pt/Content/images/boitmal/produit/zoom/B32E3266FD6067B7F44159A4FC61A7F0.jpg,,,2024-10-16T23:59:59.999999999+01:00,PROSPECTUS,9,1,
2778,8410168399939,4000.0,Friskies,Ração para gato adulto com coelho,Embalagem de 4 kg,9.79,2.45,0,kg,€/Kg,,,https://driveimg1.intermarche.com/pt/Content/images/boitmal/produit/zoom/D77E234EEC231A513DCFB3E4E6B53BA0.jpg,,,2024-10-16T23:59:59.999999999+01:00,PROSPECTUS,9,1,
1293,5601151398104,630.0,Compal,Pack de 3 embalagens de polpa de tomate,Embalagem de 630g,1.49,2.37,0,kg,€/Kg,,,https://driveimg1.intermarche.com/pt/Content/images/boitmal/produit/zoom/2F7BD591A6A78BA4615EC03A19AC4973.jpg,,,2024-10-16T23:59:59.999999999+01:00,PROSPECTUS,9,1,
22335,5000116110940,420.0,Capitão Iglo,15 douradinhos,Embalagem de 420g,4.99,11.88,0,kg,€/Kg,,Tipo de stockagem,https://driveimg1.intermarche.com/pt/Content/images/boitmal/produit/zoom/A875E63BB10AF2CF300666B64DC69107.jpg,,,2024-10-16T23:59:59.999999999+01:00,PROSPECTUS,9,1,
21766,7613035487840,90.0,Nestlé,Fruta para bebé banana laranja bolacha +6 meses,Embalagem de 90g,0.74,8.22,0,kg,€/Kg,,,https://driveimg1.intermarche.com/pt/Content/images/boitmal/produit/zoom/97B5DC278815B47BCD7E38EEC0455DC8.jpg,,,2024-10-16T23:59:59.999999999+01:00,PROSPECTUS,9,1,
9279,5603533652002,1000.0,Frize,Água c/ gás limão,pack 4 x 0.25 l,1.99,1.99,1000,L,€/L,,,https://driveimg1.intermarche.com/pt/Content/images/boitmal/produit/zoom/5168323A2D812BEF907FCB0E5F1CDA9E.jpg,,,2024-10-16T23:59:59.999999999+01:00,PROSPECTUS,9,1,
13866,2891048000000,1000.0,Porco,Bifanas,Vendido ao peso a partir de 1 kg,4.98,4.98,0,,€/Kg,,,https://driveimg1.intermarche.com/pt/Content/images/boitmal/produit/zoom/C9E276B082B119EFEDC2A2B0E1BC737E.jpg,,,2024-10-16T23:59:59.999999999+01:00,PROSPECTUS,9,1,
26047,8412600070994,650.0,Bimbo,Pão de forma s/ côdea,Embalagem de 650 g,1.79,2.75,0,kg,€/Kg,,,https://driveimg1.intermarche.com/pt/Content/images/boitmal/produit/zoom/998967574B383CCF8D49F03316F06108.jpg,,,2024-10-16T23:59:59.999999999+01:00,PROSPECTUS,9,1,
13541,2893533000000,250.0,Congelado de Aquicultura,Camarão Congelado 60/80,1 un = 250 gr  (aprox.),1.75,6.99,0,,€/Kg,,Avantages !,https://driveimg1.intermarche.com/pt/Content/images/boitmal/produit/zoom/29A2DFA509FFDAFCD18E7F308BD753B4.jpg,,,2024-10-16T23:59:59.999999999+01:00,PROSPECTUS,9,1,
11503,5601050019100,600.0,Danone,"Danacol frutos exóticos,  6 x 100 g",,2.99,4.98,0,kg,€/Kg,,,https://driveimg1.intermarche.com/pt/Content/images/boitmal/produit/zoom/17F7F3CE5BC5B190BC85D20A58C39B60.jpg,,,2024-10-16T23:59:59.999999999+01:00,PROSPECTUS,9,1,
28507,8006540618752,,Dodot,Fralda Cueca Extra T6 | +14 kg,Embalagem c/ 48 un.,13.49,13.49,0,,€/Unidade,,,https://driveimg1.intermarche.com/pt/Content/images/boitmal/produit/zoom/0E81716B09BE4333C336DFF322751365.jpg,,,2024-10-16T23:59:59.999999999+01:00,PROSPECTUS,9,1,
20477,8714789876801,650.0,Palmolive,Gel Banho Coco,Embalagem de 650 ml,3.29,5.06,650,L,€/L,,,https://driveimg1.intermarche.com/pt/Content/images/boitmal/produit/zoom/C841EAB15BFBC711E7703D2FB84F7757.jpg,,,2024-10-16T23:59:59.999999999+01:00,PROSPECTUS,9,1,
8752,5601217102065,1000.0,Finish,Sal p/ máquina de lavar loiça,Embalagem de 1 kg,1.89,1.89,0,kg,€/Kg,,,https://driveimg1.intermarche.com/pt/Content/images/boitmal/produit/zoom/8EBDC7AE1197593D3539E53F449D6E79.jpg,,,2024-10-16T23:59:59.999999999+01:00,PROSPECTUS,9,1,
9232,5602616001911,5000.0,Capataz,Vinho tinto bag-in-box,Embalagem de 5 l,5.99,1.2,5000,L,€/L,,,https://driveimg1.intermarche.com/pt/Content/images/boitmal/produit/zoom/E9E0789411CF6D97D0142D77C4251DFD.jpg,,,2024-10-16T23:59:59.999999999+01:00,PROSPECTUS,9,1,
21417,8410136003486,400.0,Pedigree,"Alimento húmido para cão, galinha e cordeiro",Embalagem de 400g,2.45,6.13,0,kg,€/Kg,,,https://driveimg1.intermarche.com/pt/Content/images/boitmal/produit/zoom/3591685DF3CE8F70C5DF9853F3C50774.jpg,,,2024-10-16T23:59:59.999999999+01:00,PROSPECTUS,9,1,
12994,2892524000000,100.0,Legumes,Cenoura Granel,1 un = 100 gr (aprox.),0.09,0.85,0,,€/Kg,,,https://driveimg1.intermarche.com/pt/Content/images/boitmal/produit/zoom/6427FE21A79FA79A1E8CC03E5F3B3703.jpg,,,2024-10-16T23:59:59.999999999+01:00,PROSPECTUS,9,1,
12887,2892089000000,500.0,Fruta,Manga Barco,1 un = 500 gr (aprox.),1.2,2.39,0,,€/Kg,,,https://driveimg1.intermarche.com/pt/Content/images/boitmal/produit/zoom/ADC504D3921218CCB4DF31F75AAF28C0.jpg,,,2024-10-16T23:59:59.999999999+01:00,PROSPECTUS,9,1,
13865,2891042000000,1000.0,Porco,Costeletas do Cachaço,Vendido ao peso a partir de 1 kg,4.98,4.98,0,,€/Kg,,,https://driveimg1.intermarche.com/pt/Content/images/boitmal/produit/zoom/9CC30521C194F3CF0E71F32C6E004880.jpg,,,2024-10-16T23:59:59.999999999+01:00,PROSPECTUS,9,1,
13934,2891062000000,250.0,Porco,Rojões,1 un = 250 gr  (aprox.),1.25,4.98,0,,€/Kg,,,https://driveimg1.intermarche.com/pt/Content/images/boitmal/produit/zoom/EC22EC97C3D422144CA5D38D9F748D88.jpg,,,2024-10-16T23:59:59.999999999+01:00,PROSPECTUS,9,1,
13881,2891051000000,500.0,Porco,Lombinhos,1 un=500 gr aprox.,4.0,7.99,0,,€/Kg,,,https://driveimg1.intermarche.com/pt/Content/images/boitmal/produit/zoom/72A8F969F14B8E66787332FACB9A8F30.jpg,,,2024-10-16T23:59:59.999999999+01:00,PROSPECTUS,9,1,
13893,2891043000000,1000.0,Porco,Entrecosto,Vendido ao peso a partir de 1 kg,6.28,6.28,0,,€/Kg,,,https://driveimg1.intermarche.com/pt/Content/images/boitmal/produit/zoom/AA05EE99D302D59771FCC108473E0700.jpg,,,2024-10-16T23:59:59.999999999+01:00,PROSPECTUS,9,1,
13897,2891053000000,1000.0,Porco,Lombo sem Osso,Vendido ao peso a partir de 1 kg,5.28,5.28,0,,€/Kg,,,https://driveimg1.intermarche.com/pt/Content/images/boitmal/produit/zoom/415564DA70574ED3C1D7475F1F28BDB6.jpg,,,2024-10-16T23:59:59.999999999+01:00,PROSPECTUS,9,1,
13915,2891249000000,2000.0,Peru,Perna com Osso,Vendido ao peso,5.78,2.89,0,,€/Kg,,,https://driveimg1.intermarche.com/pt/Content/images/boitmal/produit/zoom/1D88BA2E1544364C5EB66CF19AD6E70E.jpg,,,2024-10-16T23:59:59.999999999+01:00,PROSPECTUS,9,1,
13892,2891041000000,1000.0,Porco,Costeletas do Lombo,Vendido ao peso a partir de 1 kg,4.98,4.98,0,,€/Kg,,,https://driveimg1.intermarche.com/pt/Content/images/boitmal/produit/zoom/0CEDBCB04142A68CDED3690FB39820D0.jpg,,,2024-10-16T23:59:59.999999999+01:00,PROSPECTUS,9,1,
15353,5604260270767,800.0,PorSi,Tentáculos pota,Embalagem de 800G,5.49,6.86,0,kg,€/Kg,,Tipo de stockagem,https://driveimg1.intermarche.com/pt/Content/images/boitmal/produit/zoom/D78C45D85CA71C2035AE1E10072AC656.jpg,,,2024-10-16T23:59:59.999999999+01:00,PROSPECTUS,9,1,
13242,2893227000000,200.0,Peixaria,Robalo de Viveiro,de 200 a 600 g (aprox.),1.2,5.99,0,,€/Kg,,,https://driveimg1.intermarche.com/pt/Content/images/boitmal/produit/zoom/48561D1FC8B0542874DDBC21F2E9ADCA.jpg,,,2024-10-16T23:59:59.999999999+01:00,PROSPECTUS,9,1,
13954,2891192000000,500.0,Porco,Tiras da Costela/Piano,1 un = 500 gr (aprox.),4.0,7.99,0,,€/Kg,,,https://driveimg1.intermarche.com/pt/Content/images/boitmal/produit/zoom/7D0B09E93398DFB0B31D06D5AFBD6B99.jpg,,,2024-10-16T23:59:59.999999999+01:00,PROSPECTUS,9,1,
14861,2696026000000,90.0,Padaria,Pão da Avó 90 g,,0.28,3.11,0,kg,€/Kg,,,https://driveimg1.intermarche.com/pt/Content/images/boitmal/produit/zoom/181141F58BD1675F6CCB7D7436484D87.jpg,,,2024-10-16T23:59:59.999999999+01:00,PROSPECTUS,9,1,
41621,5604260303625,5000.0,PorSi,Areia para gatos 100% natural,Embalagem de 5 kg,1.29,0.26,0,kg,€/Kg,,,https://driveimg1.intermarche.com/pt/Content/images/boitmal/produit/zoom/D31760E94B21E9196509712F2DC20BF5.jpg,,,2024-10-16T23:59:59.999999999+01:00,PROSPECTUS,9,1,
9315,5603722509544,1000.0,Mimosa,Leite 0% lactose magro,Garrafa de 1 l,0.99,0.99,1000,L,€/L,,,https://driveimg1.intermarche.com/pt/Content/images/boitmal/produit/zoom/F5A14B3D114F4F7D42484C8D1602E358.jpg,https://driveimg1.intermarche.com/pt/Content/images/boitmal/produit/zoom/DC5219EC1E15E09529E323B7D196FADA.jpg,https://driveimg1.intermarche.com/pt/Content/images/boitmal/produit/zoom/DC48BFFA4281D8016E9FB40168ED4485.jpg,2024-10-16T23:59:59.999999999+01:00,PROSPECTUS,9,1,
11961,5603722505607,1000.0,Mimosa,Leite s/ lactose meio gordo,Garrafa de 1 l,0.99,0.99,1000,L,€/L,,,https://driveimg1.intermarche.com/pt/Content/images/boitmal/produit/zoom/B50AD06E1D69691E134268704FD849E5.jpg,https://driveimg1.intermarche.com/pt/Content/images/boitmal/produit/zoom/4E57BFE09E8D859BDBE1705476BB9F1B.jpg,https://driveimg1.intermarche.com/pt/Content/images/boitmal/produit/zoom/E1F70144AAFCC0EAEBFF05614177D009.jpg,2024-10-16T23:59:59.999999999+01:00,PROSPECTUS,9,1,
13094,2893070000000,150.0,Peixaria,Carapau Médio Fresco,1 un = 150 gr (aprox.),0.45,2.99,0,,€/Kg,,,https://driveimg1.intermarche.com/pt/Content/images/boitmal/produit/zoom/5561FF39144D34B65C5FB553D6B1F100.jpg,,,2024-10-16T23:59:59.999999999+01:00,PROSPECTUS,9,1,
14339,3387390325911,630.0,Nestlé,Cereais fitness,Embalagem de 630g,4.59,7.29,0,kg,€/Kg,,,https://driveimg1.intermarche.com/pt/Content/images/boitmal/produit/zoom/B3B7D0C0554F9B07E610EDBBFFBD0CD0.jpg,,,2024-10-16T23:59:59.999999999+01:00,PROSPECTUS,9,1,
1484,5601326000122,1000.0,Pato real,Arroz carolino malandrinho,Embalagem de 1 kg,2.28,2.28,0,kg,€/Kg,,,https://driveimg1.intermarche.com/pt/Content/images/boitmal/produit/zoom/894170BBEE1DCE01EC4648E1F8CDBAFD.jpg,,,2024-10-16T23:59:59.999999999+01:00,PROSPECTUS,9,1,
20918,5000116110964,840.0,Capitão Iglo,30 douradinhos,Embalagem de 840g,7.99,9.51,0,kg,€/Kg,,Tipo de stockagem,https://driveimg1.intermarche.com/pt/Content/images/boitmal/produit/zoom/AEDD14052902A045272594F0C20ABD33.jpg,,,2024-10-16T23:59:59.999999999+01:00,PROSPECTUS,9,1,
26091,7613036115575,550.0,Nestlé,Cereais estrelitas,Embalagem de 550g,2.49,4.53,0,kg,€/Kg,,,https://driveimg1.intermarche.com/pt/Content/images/boitmal/produit/zoom/C94C2BEBB47FF1CA98FCF1DC9BAD855D.jpg,,,2024-10-16T23:59:59.999999999+01:00,PROSPECTUS,9,1,
39625,5607233533951,385.0,Panrico,Pão cerealia 100% integral,Embalagem de 385g,1.89,4.91,0,kg,€/Kg,,,https://driveimg1.intermarche.com/pt/Content/images/boitmal/produit/zoom/41D40B955E0A17EB04A654C74F17935A.jpg,,,2024-10-16T23:59:59.999999999+01:00,PROSPECTUS,9,1,
52880,8719200267794,450.0,Becel,"Creme Vegetal de Barrar com Sabor a Manteiga, 450g",,2.99,6.64,0,kg,€/Kg,,,https://driveimg1.intermarche.com/pt/Content/images/boitmal/produit/zoom/287D301C66C180312FAA8A3BAE7EA710.jpg,,,2024-10-16T23:59:59.999999999+01:00,PROSPECTUS,9,1,
10823,2895063000000,250.0,Castelões,Queijo Curado kg,1 un = 250 gr  (aprox.),2.75,10.99,0,,€/Kg,,,https://driveimg1.intermarche.com/pt/Content/images/boitmal/produit/zoom/75B6363D9B6BD363EA11623977BF1CB2.jpg,,,2024-10-16T23:59:59.999999999+01:00,PROSPECTUS,9,1,
11523,5601051410029,250.0,Primor,"Manteiga com sal, 250g",,1.79,7.16,0,kg,€/Kg,,,https://driveimg1.intermarche.com/pt/Content/images/boitmal/produit/zoom/5E7E0622B0F1F3C827A5445EBDA354EF.jpg,,,2024-10-16T23:59:59.999999999+01:00,PROSPECTUS,9,1,
12206,5608272000114,15000.0,Nova lenha,Pellets madeira,Embalagem de 15kg,3.99,0.27,0,kg,€/Kg,,,https://driveimg1.intermarche.com/pt/Content/images/boitmal/produit/zoom/1FA0E1528B7AD0E4A7FB71B9E411015C.jpg,,,2024-10-16T23:59:59.999999999+01:00,PROSPECTUS,9,1,
1272,5601151060254,500.0,Compal,Tomate triturado,Embalagem de 500g,1.39,2.78,0,kg,€/Kg,,,https://driveimg1.intermarche.com/pt/Content/images/boitmal/produit/zoom/8578E2260B46D071F7AECDA37452145B.jpg,,,2024-10-16T23:59:59.999999999+01:00,PROSPECTUS,9,1,
1323,5601163020512,9000.0,Luso,Água s/ gás,Pack 6 x 1.5 l,3.48,0.39,9000,L,€/L,,,https://driveimg1.intermarche.com/pt/Content/images/boitmal/produit/zoom/571D03B7CBBBB17BF53B16AF9AF5385C.jpg,,,2024-10-16T23:59:59.999999999+01:00,PROSPECTUS,9,1,
13511,2893503000000,350.0,Nossa Seleção,Camarão Tigre Congelado 20/30,,3.85,10.99,0,,€/Kg,,Avantages !,https://driveimg1.intermarche.com/pt/Content/images/boitmal/produit/zoom/E82BCD25FFFB4DE2BFED051270400B76.jpg,,,2024-10-16T23:59:59.999999999+01:00,PROSPECTUS,9,1,
13522,2893514000000,200.0,Peixaria,Choco Pequeno Congelado,1 un= 200 gr (aprox.),1.9,9.49,0,,€/Kg,,Avantages !,https://driveimg1.intermarche.com/pt/Content/images/boitmal/produit/zoom/37754AAC1A8B81BA5D21C470572981B5.jpg,,,2024-10-16T23:59:59.999999999+01:00,PROSPECTUS,9,1,
13567,2893562000000,250.0,Marisco,Ameijoa Castanha Vietnamita Congelada,Venda ao Kilo,0.72,2.89,0,,€/Kg,,Avantages !,https://driveimg1.intermarche.com/pt/Content/images/boitmal/produit/zoom/33CC3279E2741F227440A7AFDC3AEEF9.jpg,,,2024-10-16T23:59:59.999999999+01:00,PROSPECTUS,9,1,
13950,2891145000000,100.0,Porco,Salsicha Fresca,1 un = 100 gr (aprox.),0.6,5.99,0,,€/Kg,,,https://driveimg1.intermarche.com/pt/Content/images/boitmal/produit/zoom/2E1CED7EDF010F56C2BF0E6CDF74D52B.jpg,,,2024-10-16T23:59:59.999999999+01:00,PROSPECTUS,9,1,
14025,2891195000000,150.0,Porco,Bochechas,1 un = 150 gr (aprox.),1.95,12.99,0,,€/Kg,,,https://driveimg1.intermarche.com/pt/Content/images/boitmal/produit/zoom/3D60CE0A2317E208CB420B4ACEB4DFAC.jpg,,,2024-10-16T23:59:59.999999999+01:00,PROSPECTUS,9,1,
1462,5601286231772,250.0,Milaneza,"Massa, estrelinhas",Embalagem de 250g,0.63,2.52,0,kg,€/Kg,,,https://driveimg1.intermarche.com/pt/Content/images/boitmal/produit/zoom/E2F1A211F7D24F0BF020FA7DF88C2F67.jpg,,,2024-10-16T23:59:59.999999999+01:00,PROSPECTUS,9,1,
1471,5601286254788,500.0,Milaneza,Massa macarronete grande,Embalagem de 500g,1.19,2.38,0,kg,€/Kg,,,https://driveimg1.intermarche.com/pt/Content/images/boitmal/produit/zoom/ECCE0C4A0B77E8669302DA27C5B102B0.jpg,,,2024-10-16T23:59:59.999999999+01:00,PROSPECTUS,9,1,
14862,2696029000000,70.0,Padaria,Carcaça Rústica 70 g,,0.16,2.29,0,kg,€/Kg,,,https://driveimg1.intermarche.com/pt/Content/images/boitmal/produit/zoom/7501756B5498BDF68A954DEA96B9AD1C.jpg,,,2024-10-16T23:59:59.999999999+01:00,PROSPECTUS,9,1,
14936,2891055000000,1000.0,Porco,Pá com Osso,Vendido ao peso a partir de 1 kg,4.08,4.08,0,,€/Kg,,,https://driveimg1.intermarche.com/pt/Content/images/boitmal/produit/zoom/DCB3979D4697BF7A768518A7C52DC125.jpg,,,2024-10-16T23:59:59.999999999+01:00,PROSPECTUS,9,1,
15010,2892545000000,1000.0,Programa Origens,Couve Flor,1 un = 1 kg (aprox.),1.99,1.99,0,,€/Kg,,,https://driveimg1.intermarche.com/pt/Content/images/boitmal/produit/zoom/73DF9B2986748054B9303F926F23B964.jpg,,,2024-10-16T23:59:59.999999999+01:00,PROSPECTUS,9,1,
16105,5601146703463,7500.0,Sagres,Cerveja Mini,pack 30 x 0.25 L,11.49,1.53,7500,L,€/L,,,https://driveimg1.intermarche.com/pt/Content/images/boitmal/produit/zoom/6A268F7D3CFF6A55F6AD0FB91F4E6512.jpg,,,2024-10-16T23:59:59.999999999+01:00,PROSPECTUS,9,1,
20202,5601151976456,1000.0,Frize,Água c/ gás: limão/pepino/gengibre,pack 4 x 0.25 l,1.99,1.99,1000,L,€/L,,,https://driveimg1.intermarche.com/pt/Content/images/boitmal/produit/zoom/F47824AB7ACD4F4E1E1A0CC54659430F.jpg,,,2024-10-16T23:59:59.999999999+01:00,PROSPECTUS,9,1,
20221,8410500020071,480.0,Danone,"Iogurte activia aveia nozes,  4 x 120 g",,2.39,4.98,0,kg,€/Kg,,,https://driveimg1.intermarche.com/pt/Content/images/boitmal/produit/zoom/E3646F8812C5353023D3951FE268028D.jpg,,,2024-10-16T23:59:59.999999999+01:00,PROSPECTUS,9,1,
21291,2891140000000,1000.0,Porco,Cachaço s/ Osso,Vendido ao peso a partir de 1 kg,5.38,5.38,0,,€/Kg,,,https://driveimg1.intermarche.com/pt/Content/images/boitmal/produit/zoom/5959AA495A4B146D941DA93F1CFF6837.jpg,,,2024-10-16T23:59:59.999999999+01:00,PROSPECTUS,9,1,
31327,5601286260444,500.0,Milaneza,Esparguete integral com aveia,Embalagem de 500g,1.39,2.78,0,kg,€/Kg,,,https://driveimg1.intermarche.com/pt/Content/images/boitmal/produit/zoom/ED109D373D309526BEFD47862BA4E84B.jpg,,,2024-10-16T23:59:59.999999999+01:00,PROSPECTUS,9,1,
44318,2893254000000,2000.0,Peixaria,Tamboril,Vendido ao peso,21.98,10.99,0,,€/Kg,,,https://driveimg1.intermarche.com/pt/Content/images/boitmal/produit/zoom/779A2AA54DB1730CAED33CD59B87F3EC.jpg,,,2024-10-16T23:59:59.999999999+01:00,PROSPECTUS,9,1,
45773,5054563087829,75.0,Aquafresh,"Pasta dentífrica eucalipto, lima e menta",Embalagem de 75ml,1.85,24.67,75,L,€/L,,,https://driveimg1.intermarche.com/pt/Content/images/boitmal/produit/zoom/9BD714E3A534CEE4C22E5ACF847E84CE.jpg,,,2024-10-16T23:59:59.999999999+01:00,PROSPECTUS,9,1,
4687,5000116105212,375.0,Iglo,Ervilhas,Embalagem de 375 g,1.69,4.51,0,kg,€/Kg,,Tipo de stockagem,https://driveimg1.intermarche.com/pt/Content/images/boitmal/produit/zoom/AB2CFAA543F3CFC918196092BD0A768E.jpg,,,2024-10-16T23:59:59.999999999+01:00,PROSPECTUS,9,1,
7105,2894508000000,100.0,Primor,Bacon Extra,"Vendido ao peso, fatiado a partir de 100 gr",1.2,11.99,0,,€/Kg,,,https://driveimg1.intermarche.com/pt/Content/images/boitmal/produit/zoom/11A9EC567F982E26800D8DF9E4043FCC.jpg,,,2024-10-16T23:59:59.999999999+01:00,PROSPECTUS,9,1,
809,5000116102075,280.0,Capitão Iglo,"Douradinhos de salmão, 10 unidades",Embalagem de 280g,4.99,17.82,0,kg,€/Kg,,Tipo de stockagem,https://driveimg1.intermarche.com/pt/Content/images/boitmal/produit/zoom/94E9D7D87D69DF936F9880FE165277C6.jpg,,,2024-10-16T23:59:59.999999999+01:00,PROSPECTUS,9,1,
848,5000189974579,200.0,Kit Kat,Chocolate mini,Embalagem de 200g,3.38,16.9,0,kg,€/Kg,,,https://driveimg1.intermarche.com/pt/Content/images/boitmal/produit/zoom/33F684DC544CDCED4E93A337A33052D5.jpg,,,2024-10-16T23:59:59.999999999+01:00,PROSPECTUS,9,1,
991,5601029004090,120.0,Bom Petisco,Atum posta em azeite,Embalagem de 120 g,1.77,14.75,0,kg,€/Kg,,,https://driveimg1.intermarche.com/pt/Content/images/boitmal/produit/zoom/40ABAA5E8C339E4103EB73DD68903264.jpg,,,2024-10-16T23:59:59.999999999+01:00,PROSPECTUS,9,1,
9989,8000430133035,125.0,Galbani,Queijo mozzarella fresca,Embalagem de 125 g,1.65,13.2,0,kg,€/Kg,,,https://driveimg1.intermarche.com/pt/Content/images/boitmal/produit/zoom/605C9FB94611B32191667C7EDC36EC8E.jpg,,,2024-10-16T23:59:59.999999999+01:00,PROSPECTUS,9,1,
10639,8712566395514,60.0,Knorr,"Sopa gourmet, cogumelos",Embalagem de 60g,1.99,33.17,0,kg,€/Kg,,,https://driveimg1.intermarche.com/pt/Content/images/boitmal/produit/zoom/B0DE93CCE9C882CDFCAF84912313B4E5.jpg,,,2024-10-16T23:59:59.999999999+01:00,PROSPECTUS,9,1,
10669,8714789703046,360.0,Palmolive,Sabonete sensitive,Embalagem de 4x90 g,3.59,9.97,0,kg,€/Kg,,,https://driveimg1.intermarche.com/pt/Content/images/boitmal/produit/zoom/E1B6CB90823C0471DEECAE12A1EACB59.jpg,,,2024-10-16T23:59:59.999999999+01:00,PROSPECTUS,9,1,
10842,2895207000000,250.0,Santiago,Queijo 3 Igrejas Cura 2m Pimentão,Vendido ao peso a partir de 250 gr,3.0,11.99,0,,€/Kg,,,https://driveimg1.intermarche.com/pt/Content/images/boitmal/produit/zoom/2F11F4EC63EB49EF2522FB61028743A0.jpg,,,2024-10-16T23:59:59.999999999+01:00,PROSPECTUS,9,1,
11418,5449000020024,4000.0,Coca-Cola,Refrigerante  c/ gás regular,pack 4 x 1 l,4.79,1.2,4000,L,€/L,,,https://driveimg1.intermarche.com/pt/Content/images/boitmal/produit/zoom/2D87E5C0C9B50C36B31B6AAE2DD8ADBC.jpg,https://driveimg1.intermarche.com/pt/Content/images/boitmal/produit/zoom/CA0D8B97BB868D45B944027647273BDD.jpg,,2024-10-16T23:59:59.999999999+01:00,PROSPECTUS,9,1,
11496,5601049213991,200.0,Mimosa,Nata uht,embalagem de 200 ml,0.79,3.95,200,L,€/L,,,https://driveimg1.intermarche.com/pt/Content/images/boitmal/produit/zoom/887C5343F4688DBB2FEDBF4E6D25399A.jpg,,,2024-10-16T23:59:59.999999999+01:00,PROSPECTUS,9,1,
11524,5601051420028,250.0,Primor,Manteiga sem sal,Embalagem de 250g,1.79,7.16,0,kg,€/Kg,,,https://driveimg1.intermarche.com/pt/Content/images/boitmal/produit/zoom/B2FFA6A89B700950590104B0F7BA500E.jpg,,,2024-10-16T23:59:59.999999999+01:00,PROSPECTUS,9,1,
11959,5603722504945,200.0,Mimosa,Nata para culinária ligeira,Embalagem de 200 ml,0.84,4.2,200,L,€/L,,,https://driveimg1.intermarche.com/pt/Content/images/boitmal/produit/zoom/A0377F70E8B13E785737B9E790570BDE.jpg,,,2024-10-16T23:59:59.999999999+01:00,PROSPECTUS,9,1,
12519,8712100417054,416.0,Hellmann's,"Maionese, frasco",Embalagem de 420g,3.14,7.55,0,kg,€/Kg,,,https://driveimg1.intermarche.com/pt/Content/images/boitmal/produit/zoom/252D905CA391CC38A3FB504ED230564C.jpg,https://driveimg1.intermarche.com/pt/Content/images/boitmal/produit/zoom/6731B805B2B4B445CCCFD0D614219E37.jpg,https://driveimg1.intermarche.com/pt/Content/images/boitmal/produit/zoom/6731B805B2B4B445CCCFD0D614219E37.jpg,2024-10-16T23:59:59.999999999+01:00,PROSPECTUS,9,1,
1270,5601151023150,500.0,Compal,Polpa de tomate com cebola e alho,Embalagem de 500g,1.39,2.78,0,kg,€/Kg,,,https://driveimg1.intermarche.com/pt/Content/images/boitmal/produit/zoom/D455823659AE027A7D3A2F64537EA4D9.jpg,,,2024-10-16T23:59:59.999999999+01:00,PROSPECTUS,9,1,
1310,5601151979969,140.0,Compal,Compal da horta concentrado tomate,Embalagem de 140g,0.99,7.07,0,kg,€/Kg,,,https://driveimg1.intermarche.com/pt/Content/images/boitmal/produit/zoom/9A5812864404A787E39139B51FC70102.jpg,,,2024-10-16T23:59:59.999999999+01:00,PROSPECTUS,9,1,
13133,2893114000000,500.0,Peixaria,Faneca,"Vendido ao peso, 1 un = 500 g (aprox.)",2.0,3.99,0,,€/Kg,,,https://driveimg1.intermarche.com/pt/Content/images/boitmal/produit/zoom/B3B2873A2D7B6182C4A2F2B5F7F12F0A.jpg,,,2024-10-16T23:59:59.999999999+01:00,PROSPECTUS,9,1,
13158,2893143000000,100.0,Peixaria,Lula Descongelada,1 un= 100 gr (aprox.),1.0,9.99,0,,€/Kg,,,https://driveimg1.intermarche.com/pt/Content/images/boitmal/produit/zoom/ED50EDDD473B6F16081950AF9B5B4382.jpg,,,2024-10-16T23:59:59.999999999+01:00,PROSPECTUS,9,1,
13602,2893597000000,500.0,Peixaria,Pescada Média Argentina Congelada,+ de 500 g,1.8,3.59,0,,€/Kg,,Avantages !,https://driveimg1.intermarche.com/pt/Content/images/boitmal/produit/zoom/0B666403B9A0F93B2C5A3F28805283FC.jpg,,,2024-10-16T23:59:59.999999999+01:00,PROSPECTUS,9,1,
13894,2891044000000,1000.0,Porco,Entremeada sem Entrecosto,Vendido ao peso a partir de 1 kg,4.88,4.88,0,,€/Kg,,,https://driveimg1.intermarche.com/pt/Content/images/boitmal/produit/zoom/C03EF63C56AFB4E4EA78E134436BF30C.jpg,,,2024-10-16T23:59:59.999999999+01:00,PROSPECTUS,9,1,
13895,2891047000000,150.0,Porco,Espetadas,1 un = 150 gr (aprox.),1.2,7.99,0,,€/Kg,,,https://driveimg1.intermarche.com/pt/Content/images/boitmal/produit/zoom/401EE6D6FA8B752FC8E1714FD69830E3.jpg,,,2024-10-16T23:59:59.999999999+01:00,PROSPECTUS,9,1,
13896,2891049000000,1000.0,Porco,Fígado,Vendido ao peso a partir de 1 kg,3.99,3.99,0,,€/Kg,,,https://driveimg1.intermarche.com/pt/Content/images/boitmal/produit/zoom/740BF060094E10F038B52E10E6D0AA68.jpg,,,2024-10-16T23:59:59.999999999+01:00,PROSPECTUS,9,1,
13977,2696106000000,,Pastelaria,Folhado de Maçã,1 unidade= 100 g,0.89,0.89,0,,€/Unidade,,,https://driveimg1.intermarche.com/pt/Content/images/boitmal/produit/zoom/E2A4FBB809D0E7BB4A2D714065081A4C.jpg,,,2024-10-16T23:59:59.999999999+01:00,PROSPECTUS,9,1,
14172,5601226006460,1500.0,Ucal,Leite com chocolate original,Embalagem de 6 x 250 ml,4.49,2.99,1500,L,€/L,,,https://driveimg1.intermarche.com/pt/Content/images/boitmal/produit/zoom/A8DEEA2F1BA52BEDD2EBCFD8028ACEB1.jpg,,,2024-10-16T23:59:59.999999999+01:00,PROSPECTUS,9,1,
1436,5601260038106,1000.0,Cigala,Arroz brajma,Embalagem de 1 kg,2.54,2.54,0,kg,€/Kg,,,https://driveimg1.intermarche.com/pt/Content/images/boitmal/produit/zoom/61072CF34FC0F6BAB0BEEADB6DBF8C24.jpg,,,2024-10-16T23:59:59.999999999+01:00,PROSPECTUS,9,1,
1438,5601260047108,1000.0,Saludães,Arroz agulha,Embalagem de 1kg,1.35,1.35,0,kg,€/Kg,,,https://driveimg1.intermarche.com/pt/Content/images/boitmal/produit/zoom/A47E0478F621CD18819B801F7F6528A1.jpg,,,2024-10-16T23:59:59.999999999+01:00,PROSPECTUS,9,1,
1452,5601286205780,500.0,Milaneza,Massa talharim,Embalagem de 500g,1.38,2.76,0,kg,€/Kg,,,https://driveimg1.intermarche.com/pt/Content/images/boitmal/produit/zoom/31F09B87E10DDA3B38922FB84E4949A1.jpg,,,2024-10-16T23:59:59.999999999+01:00,PROSPECTUS,9,1,
1455,5601286214782,500.0,Milaneza,Aletria,Embalagem de 500g,1.25,2.5,0,kg,€/Kg,,,https://driveimg1.intermarche.com/pt/Content/images/boitmal/produit/zoom/0C88DF23B70E89E63079C07076C9E33B.jpg,,,2024-10-16T23:59:59.999999999+01:00,PROSPECTUS,9,1,
1456,5601286217639,500.0,Milaneza,Massa farfalle tricolor,Embalagem de 500g,1.26,2.52,0,kg,€/Kg,,,https://driveimg1.intermarche.com/pt/Content/images/boitmal/produit/zoom/2CB58ADA26EF1E83B0978C82005EFCEE.jpg,,,2024-10-16T23:59:59.999999999+01:00,PROSPECTUS,9,1,
1461,5601286223784,500.0,Milaneza,Massa de cotovelos grandes riscados,Embalagem de 500g,1.19,2.38,0,kg,€/Kg,,,https://driveimg1.intermarche.com/pt/Content/images/boitmal/produit/zoom/BE1B03BCD6BCED25C712B88921B09E09.jpg,,,2024-10-16T23:59:59.999999999+01:00,PROSPECTUS,9,1,
1468,5601286250780,500.0,Milaneza,Massa macarronete riscado,Embalagem de 500g,1.04,2.08,0,kg,€/Kg,,,https://driveimg1.intermarche.com/pt/Content/images/boitmal/produit/zoom/E29625DD7DC1FE05A5F96FD16E9391E8.jpg,,,2024-10-16T23:59:59.999999999+01:00,PROSPECTUS,9,2,
14726,8711100080060,400.0,Maizena,Farinha,Embalagem de 400g,1.64,4.1,0,kg,€/Kg,,,https://driveimg1.intermarche.com/pt/Content/images/boitmal/produit/zoom/B08373790D6917B03E052473E2AB175C.jpg,,,2024-10-16T23:59:59.999999999+01:00,PROSPECTUS,9,2,
1475,5601286273789,500.0,Milaneza,Massa fusilli tricolor,Embalagem de 500g,1.26,2.52,0,kg,€/Kg,,,https://driveimg1.intermarche.com/pt/Content/images/boitmal/produit/zoom/A32BE3BEA03451FFDDD551AFD3876300.jpg,,,2024-10-16T23:59:59.999999999+01:00,PROSPECTUS,9,2,
14884,2891116000000,1000.0,Aves,Galinha Pequena com Miúdos,1 un = 1 kg (aprox.),1.99,1.99,0,,€/Kg,,,https://driveimg1.intermarche.com/pt/Content/images/boitmal/produit/zoom/20A6BFA82163B6E8DA0585FFEDD12ED3.jpg,,,2024-10-16T23:59:59.999999999+01:00,PROSPECTUS,9,2,
14906,2893338000000,2500.0,Peixaria,Raia Média,1un= 2.5 kg (aprox.),12.48,4.99,0,,€/Kg,,,https://driveimg1.intermarche.com/pt/Content/images/boitmal/produit/zoom/F793DB00DDC6B724D88FB735A347087D.jpg,,,2024-10-16T23:59:59.999999999+01:00,PROSPECTUS,9,2,
1507,5601383014537,250.0,Izidoro,Salsichas Frankfurt em lata,Embalagem de 250g,1.69,6.76,0,kg,€/Kg,,,https://driveimg1.intermarche.com/pt/Content/images/boitmal/produit/zoom/2F007D77C245888A3F3F0F69D08EF71D.jpg,,,2024-10-16T23:59:59.999999999+01:00,PROSPECTUS,9,2,
15687,5000116109234,700.0,Iglo,Ervilhas,Embalagem de 700g,2.98,4.26,0,kg,€/Kg,,Tipo de stockagem,https://driveimg1.intermarche.com/pt/Content/images/boitmal/produit/zoom/71AD6BFBFF464D2A1A4DF7364A6C0B7A.jpg,,,2024-10-16T23:59:59.999999999+01:00,PROSPECTUS,9,2,
15810,3094900059593,75.0,Aquafresh,Pasta Dentífrica Menta Suave,Embalagem de 75 ml,1.85,24.67,75,L,€/L,,,https://driveimg1.intermarche.com/pt/Content/images/boitmal/produit/zoom/36417FD84E6918863BC4A9B51808C017.jpg,,,2024-10-16T23:59:59.999999999+01:00,PROSPECTUS,9,2,
15981,5601119244375,210.0,Nobre,Salsichas extra suculentas de frango,Frasco de 210g,2.39,11.38,0,kg,€/Kg,,,https://driveimg1.intermarche.com/pt/Content/images/boitmal/produit/zoom/9377F1AC54A3AFE8E58484C3F13B4B3B.jpg,,,2024-10-16T23:59:59.999999999+01:00,PROSPECTUS,9,2,
16962,5601029004113,390.0,Bom Petisco,Atum posta em azeite,Embalagem de 390g,5.66,14.51,0,kg,€/Kg,,,https://driveimg1.intermarche.com/pt/Content/images/boitmal/produit/zoom/1B91710086B8F360AE5F50CD51D75118.jpg,,,2024-10-16T23:59:59.999999999+01:00,PROSPECTUS,9,2,
17149,8436048440393,120.0,Artiach,Bolacha infantil dinossaurus mini dino cereais,Embalagem de 120g,1.39,11.58,0,kg,€/Kg,,,https://driveimg1.intermarche.com/pt/Content/images/boitmal/produit/zoom/49D75D0158B292C84E9F3C8C3B699590.jpg,,,2024-10-16T23:59:59.999999999+01:00,PROSPECTUS,9,2,
17150,8436048440416,120.0,Artiach,Bolacha infantil dinossaurus mini dino chocolate,Embalagem de 120g,1.39,11.58,0,kg,€/Kg,,,https://driveimg1.intermarche.com/pt/Content/images/boitmal/produit/zoom/7804F014CF31FFDFCA93C4985FA51ED7.jpg,,,2024-10-16T23:59:59.999999999+01:00,PROSPECTUS,9,2,
17900,8001480023277,700.0,Neoblanc,"Lixívia Spray Mousse Flor, 700ml",,2.59,3.7,700,L,€/L,,,https://driveimg1.intermarche.com/pt/Content/images/boitmal/produit/zoom/FA98D871A88B2DCD779EA51368257E43.jpg,,,2024-10-16T23:59:59.999999999+01:00,PROSPECTUS,9,2,
18325,5601008100119,200.0,Vieira,Bolacha cream cracker,Embalagem de 200g,0.94,4.7,0,kg,€/Kg,,,https://driveimg1.intermarche.com/pt/Content/images/boitmal/produit/zoom/E837555F80435358C2C42B48DB43F00A.jpg,,,2024-10-16T23:59:59.999999999+01:00,PROSPECTUS,9,2,
18350,8410320148245,80.0,Campofrio,Chouriço fatiado,Embalagem de 80g,1.59,19.88,0,kg,€/Kg,,,https://driveimg1.intermarche.com/pt/Content/images/boitmal/produit/zoom/C935719A57D5E81DA0BFC4CFFF1CE04A.jpg,,,2024-10-16T23:59:59.999999999+01:00,PROSPECTUS,9,2,
19046,5000116110414,480.0,Capitão Iglo,8 hamburguers s/ glúten frango,Embalagem de 480g,7.49,15.6,0,kg,€/Kg,,Tipo de stockagem,https://driveimg1.intermarche.com/pt/Content/images/boitmal/produit/zoom/1C35A366EB207E26898D1AC0CE188CE6.jpg,,,2024-10-16T23:59:59.999999999+01:00,PROSPECTUS,9,2,
19415,5601028019798,,Renova,"Rolo de cozinha design xxl, 3 rolos",Embalagem de 3 unidades,1.99,1.99,3,,€/Unidade,,,https://driveimg1.intermarche.com/pt/Content/images/boitmal/produit/zoom/72BDE5829FC47024A80D1CC998CA1B8E.jpg,,,2024-10-16T23:59:59.999999999+01:00,PROSPECTUS,9,2,
19586,8435257028057,720.0,Longa vida,"Iogurte aroma 0% tutti fruti/coco,  6 x 120 g",,2.29,3.18,0,kg,€/Kg,,,https://driveimg1.intermarche.com/pt/Content/images/boitmal/produit/zoom/18D91A939DFD31509CD0E9DB0A5315E6.jpg,,,2024-10-16T23:59:59.999999999+01:00,PROSPECTUS,9,2,
20101,5601010131231,120.0,Ramirez,Atum em azeite,Embalagem de 120g,1.54,12.83,0,kg,€/Kg,,,https://driveimg1.intermarche.com/pt/Content/images/boitmal/produit/zoom/2C3AFEA545E0483E06B1434C41105979.jpg,,,2024-10-16T23:59:59.999999999+01:00,PROSPECTUS,9,2,
20546,3387390326468,375.0,Nestlé,Cereais fitness chocolate,Embalagem de 380g,2.99,7.97,0,kg,€/Kg,,,https://driveimg1.intermarche.com/pt/Content/images/boitmal/produit/zoom/EDA24403FE3A93B3EEF7E09718C280E3.jpg,,,2024-10-16T23:59:59.999999999+01:00,PROSPECTUS,9,2,
21749,7613035766532,250.0,Nestum,Nestum chocolate,Embalagem de 250g,2.14,8.56,0,kg,€/Kg,,,https://driveimg1.intermarche.com/pt/Content/images/boitmal/produit/zoom/2985CAADA6D151AC0E20062A22E70429.jpg,,,2024-10-16T23:59:59.999999999+01:00,PROSPECTUS,9,2,
22232,8410320104500,80.0,Campofrio,Salame fat,Embalagem de 80g,1.59,19.88,0,kg,€/Kg,,,https://driveimg1.intermarche.com/pt/Content/images/boitmal/produit/zoom/55984918C252981E6C8956EFD4419256.jpg,,,2024-10-16T23:59:59.999999999+01:00,PROSPECTUS,9,2,
22327,7613035766488,250.0,Nestum,Nestum bolacha maria,Embalagem de 250g,2.14,8.56,0,kg,€/Kg,,,https://driveimg1.intermarche.com/pt/Content/images/boitmal/produit/zoom/2A470117028949BD6CC7619A1F2A3929.jpg,,,2024-10-16T23:59:59.999999999+01:00,PROSPECTUS,9,2,
22395,8712100745614,412.0,Hellmann's,Mionese top down,Embalagem de 410g,3.14,7.62,0,kg,€/Kg,,,https://driveimg1.intermarche.com/pt/Content/images/boitmal/produit/zoom/C642A36EEC291CE47645FCCBF50ED41C.jpg,https://driveimg1.intermarche.com/pt/Content/images/boitmal/produit/zoom/8441A970BF19CB238C08CCCD9712CAB2.jpg,https://driveimg1.intermarche.com/pt/Content/images/boitmal/produit/zoom/8441A970BF19CB238C08CCCD9712CAB2.jpg,2024-10-16T23:59:59.999999999+01:00,PROSPECTUS,9,2,
22953,8411660670236,750.0,Sanytol,Desinfetante Multiusos,Embalagem de 750 ml,2.49,3.32,750,L,€/L,,,https://driveimg1.intermarche.com/pt/Content/images/boitmal/produit/zoom/4F59BDA8C1BC8BFF3ED00CA4247713EC.jpg,,,2024-10-16T23:59:59.999999999+01:00,PROSPECTUS,9,2,
23469,8410500020453,280.0,Danonino Danone,"Danonino para levar, polpa de morango,  4 x 70 g",,2.14,7.64,0,kg,€/Kg,,,https://driveimg1.intermarche.com/pt/Content/images/boitmal/produit/zoom/BCB8B07B4A9632B9CA3C8436CD26979D.jpg,,,2024-10-16T23:59:59.999999999+01:00,PROSPECTUS,9,2,
24370,5601050033052,620.0,Danone,"Iogurte líquido morango / framboesa corpos danone,  4 x 155 g",,1.69,2.73,0,kg,€/Kg,,,https://driveimg1.intermarche.com/pt/Content/images/boitmal/produit/zoom/944714BB6E54D611AAE53F4C9C525265.jpg,,,2024-10-16T23:59:59.999999999+01:00,PROSPECTUS,9,2,
2449,7310390855108,30.0,Lipton,20 saquetas chá de frutos silvestres,Embalagem de 30g,1.89,63.0,0,kg,€/Kg,,,https://driveimg1.intermarche.com/pt/Content/images/boitmal/produit/zoom/E1330CB3B4FE43B14F3F6146B929696D.jpg,,,2024-10-16T23:59:59.999999999+01:00,PROSPECTUS,9,2,
25052,3023290113684,480.0,Longa vida,"Iogurte 0% pedaços muesli e cereal,  4 x 120 g",,2.29,4.77,0,kg,€/Kg,,,https://driveimg1.intermarche.com/pt/Content/images/boitmal/produit/zoom/102CF2E69A699193F17BFBE2D269DEE0.jpg,,,2024-10-16T23:59:59.999999999+01:00,PROSPECTUS,9,2,
2506,7613033269707,400.0,Friskies,Ração para gato adulto com atum e legumes selecionados,Embalagem de 400g,1.86,4.65,0,kg,€/Kg,,,https://driveimg1.intermarche.com/pt/Content/images/boitmal/produit/zoom/312085192EC38A0CD177D73C362AF824.jpg,,,2024-10-16T23:59:59.999999999+01:00,PROSPECTUS,9,2,
251,2696001000000,400.0,Padaria,Baguete,400 g,0.79,1.98,0,kg,€/Kg,,,https://driveimg1.intermarche.com/pt/Content/images/boitmal/produit/zoom/872B1FA740AE707B5EB206709F5F94A0.jpg,,,2024-10-16T23:59:59.999999999+01:00,PROSPECTUS,9,2,
25513,8410063074924,320.0,Pescanova,4 filetes de pescada tipo caseiro s/ gluten,Embalagem com 320 g,3.79,11.84,0,kg,€/Kg,,Tipo de stockagem,https://driveimg1.intermarche.com/pt/Content/images/boitmal/produit/zoom/A60F8C5A32524AE2D0CCAE712BE129EE.jpg,,,2024-10-16T23:59:59.999999999+01:00,PROSPECTUS,9,2,
2583,7622300118969,30.0,Tang,"Refresco em pó, tropical",Embalagem de 30g,0.87,29.0,0,kg,€/Kg,,,https://driveimg1.intermarche.com/pt/Content/images/boitmal/produit/zoom/CA5DD9C6D01E8CCB6A796283D557355A.jpg,,,2024-10-16T23:59:59.999999999+01:00,PROSPECTUS,9,2,
26165,5029053566122,,Scottex,Papel Higiénico Gigante,18 Rolos = 54 Rolos,9.49,9.49,0,,€/Unidade,,,https://driveimg1.intermarche.com/pt/Content/images/boitmal/produit/zoom/B9EFFCCC399CF59CCC81A462AE061D6E.jpg,,,2024-10-16T23:59:59.999999999+01:00,PROSPECTUS,9,2,
2749,8410063046532,350.0,Pescanova,Miolo de camarão 80/100,Embalagem de 350g,4.99,14.26,0,kg,€/Kg,,Tipo de stockagem,https://driveimg1.intermarche.com/pt/Content/images/boitmal/produit/zoom/B1D2AEF816246B4D1E4F3A2363606A04.jpg,,,2024-10-16T23:59:59.999999999+01:00,PROSPECTUS,9,2,
2779,8410180108038,185.0,Artiach,Bolachas infantil dinossauros,Embalagem de 190g,1.69,9.14,0,kg,€/Kg,,,https://driveimg1.intermarche.com/pt/Content/images/boitmal/produit/zoom/6D63D115534CE580F1302DD713E987C3.jpg,,,2024-10-16T23:59:59.999999999+01:00,PROSPECTUS,9,2,
29366,8710447376133,435.0,Cif,"Spray fornos e grelhadores, 435 ml",,2.49,5.72,435,L,€/L,,,https://driveimg1.intermarche.com/pt/Content/images/boitmal/produit/zoom/0983FC0F3C1B5D9C271D56B3C7E3A30E.jpg,,,2024-10-16T23:59:59.999999999+01:00,PROSPECTUS,9,2,
29374,5601146530304,500.0,Bandida do Pomar,Sidra maçã,Lata de 500 ml,1.19,2.38,500,L,€/L,,,https://driveimg1.intermarche.com/pt/Content/images/boitmal/produit/zoom/57CDF902BE68D0923B8FF79F40E5361C.jpg,,,2024-10-16T23:59:59.999999999+01:00,PROSPECTUS,9,2,
29916,5600826203613,500.0,Prozis,"Manteiga de amendoim crocante, 500g",,3.95,7.9,0,kg,€/Kg,,,https://driveimg1.intermarche.com/pt/Content/images/boitmal/produit/zoom/CA1914B393A02A9776C79C9EDB820EC4.jpg,,,2024-10-16T23:59:59.999999999+01:00,PROSPECTUS,9,2,
30199,3086127500941,,Bic,Máquina Depilatória Descartável Twin Lady,Embalagem com 10 un.,1.99,1.99,0,,€/Unidade,,,https://driveimg1.intermarche.com/pt/Content/images/boitmal/produit/zoom/47F6D64C8B90268E51E76586B884427D.jpg,,,2024-10-16T23:59:59.999999999+01:00,PROSPECTUS,9,2,
30638,5607233511584,435.0,Panrico,Pão de Forma Cerealia 14 Cereais e Sementes 0% Açúcares,Embalagem de 440g,1.89,4.34,0,kg,€/Kg,,,https://driveimg1.intermarche.com/pt/Content/images/boitmal/produit/zoom/2769FBFBEDD069E6375BE645E47F1DF1.jpg,,,2024-10-16T23:59:59.999999999+01:00,PROSPECTUS,9,2,
31580,8410076470584,244.0,Old El Paso,"Tortilhas de trigo, 244g",,1.34,5.49,0,kg,€/Kg,,,https://driveimg1.intermarche.com/pt/Content/images/boitmal/produit/zoom/B520C03A87D419C26BF808B151773A5E.jpg,,,2024-10-16T23:59:59.999999999+01:00,PROSPECTUS,9,2,
31908,8001090134226,,Dodot,Toalhita Azul,Embalagem de 64 un.,1.49,1.49,0,,€/Unidade,,,https://driveimg1.intermarche.com/pt/Content/images/boitmal/produit/zoom/A40107D24C6ED2C9535BA1C356D2F9D5.jpg,,,2024-10-16T23:59:59.999999999+01:00,PROSPECTUS,9,2,
32342,5603722517334,200.0,Milhafre,Queijo açoriano fatias de textura cremosa,Embalagem de 200g,2.09,10.45,0,kg,€/Kg,,,https://driveimg1.intermarche.com/pt/Content/images/boitmal/produit/zoom/ED1DA3BFDC83B30FF20CB1A8441640A4.jpg,,,2024-10-16T23:59:59.999999999+01:00,PROSPECTUS,9,2,
32560,8006540808610,440.0,Fairy,Detergente Manual Loiça Maxi Poder Limão,440 ml,2.99,6.8,440,L,€/L,,,https://driveimg1.intermarche.com/pt/Content/images/boitmal/produit/zoom/76939BBBBC7A9CB088990F95841C1714.jpg,,,2024-10-16T23:59:59.999999999+01:00,PROSPECTUS,9,2,
33536,3600542182485,400.0,Garnier,Champô Ultra Suave leite amêndoa,400 ml,5.89,14.73,400,L,€/L,,Produtos Bio,https://driveimg1.intermarche.com/pt/Content/images/boitmal/produit/zoom/F3B1CF4AEFF71FB10FB8C2143F7B79A7.jpg,,,2024-10-16T23:59:59.999999999+01:00,PROSPECTUS,9,2,
33563,5609060007070,200.0,Delta,Cevada solúvel,Embalagem de 200 g,2.29,11.45,0,kg,€/Kg,,,https://driveimg1.intermarche.com/pt/Content/images/boitmal/produit/zoom/FCB4ACE0A99B76EEACA4812C330BEF0D.jpg,,,2024-10-16T23:59:59.999999999+01:00,PROSPECTUS,9,2,
33564,5603722517396,1500.0,Pleno,"Pleno chá verde & mirtilo 1,5l","Garrafa de 1,5 l",1.59,1.06,1500,L,€/L,,,https://driveimg1.intermarche.com/pt/Content/images/boitmal/produit/zoom/BC3947DBD960E163232CBE5917F7EBF9.jpg,,,2024-10-16T23:59:59.999999999+01:00,PROSPECTUS,9,2,
33659,3600542182492,400.0,Garnier,Condicionador Ultra Suave leite amêndoa,Embalagem de 400 ml,5.89,14.73,400,L,€/L,,Produtos Bio,https://driveimg1.intermarche.com/pt/Content/images/boitmal/produit/zoom/DEAD82467DDC93B6370C614580E5C99E.jpg,,,2024-10-16T23:59:59.999999999+01:00,PROSPECTUS,9,2,
33884,2893837000000,1500.0,Peixaria,Peixe espada preto inteiro,Vendido ao peso,10.49,6.99,0,,€/Kg,,,https://driveimg1.intermarche.com/pt/Content/images/boitmal/produit/zoom/C67775DEF7965BD4AF6F93F01FE1AC28.jpg,,,2024-10-16T23:59:59.999999999+01:00,PROSPECTUS,9,2,
35450,8410436339490,1250.0,Sonasol,"Gel desinfetante com lixívia, 1.25 litros",,1.99,1.59,1250,L,€/L,,,https://driveimg1.intermarche.com/pt/Content/images/boitmal/produit/zoom/6A37FAFFB617E0CB0B6C24073A2B4212.jpg,,,2024-10-16T23:59:59.999999999+01:00,PROSPECTUS,9,2,
35473,8410063079042,400.0,Pescanova,Filete de pescada ervas aromáticas,Embalagem de 400 g,4.65,11.63,0,kg,€/Kg,,Tipo de stockagem,https://driveimg1.intermarche.com/pt/Content/images/boitmal/produit/zoom/73BA0A6AAFC5E57C13B5145ED23CC310.jpg,,,2024-10-16T23:59:59.999999999+01:00,PROSPECTUS,9,2,
35652,5603722517440,750.0,Mimosa,Bebida cálcio sem lactose + proteína,Embalagem de 3 x 250 ml,2.49,3.32,750,L,€/L,,,https://driveimg1.intermarche.com/pt/Content/images/boitmal/produit/zoom/082D57B313B97BA67B4431F02ED4BA22.jpg,https://driveimg1.intermarche.com/pt/Content/images/boitmal/produit/zoom/125C9D1092125B3BF7F626465A710366.jpg,https://driveimg1.intermarche.com/pt/Content/images/boitmal/produit/zoom/D55403D07574DB9841CBC2E986BD092B.jpg,2024-10-16T23:59:59.999999999+01:00,PROSPECTUS,9,2,https://driveimg1.intermarche.com/pt/Content/images/boitmal/produit/zoom/9CE43F9767873E3B88A8F371593A237D.jpg
36183,5604736300097,100.0,Maria Batata,Batata doce frita,embalagem de 100 g,1.74,17.4,0,kg,€/Kg,,,https://driveimg1.intermarche.com/pt/Content/images/boitmal/produit/zoom/71A1C6E59EDA9EE5A4876F3C1F68F50F.jpg,,,2024-10-16T23:59:59.999999999+01:00,PROSPECTUS,9,2,
37551,5601050035889,600.0,Danone,"Iogurte liquido de noz,  6 x 100 g",,2.99,4.98,0,kg,€/Kg,,,https://driveimg1.intermarche.com/pt/Content/images/boitmal/produit/zoom/A29E8F593078306CBB29AE1BAF1D768E.jpg,,,2024-10-16T23:59:59.999999999+01:00,PROSPECTUS,9,2,
38049,8001841361079,340.0,Fairy,Detergente liquido para loiça limão,Embalagem de 340 ml,1.59,4.68,340,L,€/L,,,https://driveimg1.intermarche.com/pt/Content/images/boitmal/produit/zoom/BED1AA3039C8B605B08FD8155BD78E2E.jpg,,,2024-10-16T23:59:59.999999999+01:00,PROSPECTUS,9,2,
38313,8410104489090,800.0,Finish,Abrilhantador máquinas de loiça,800 ml,7.99,9.99,800,L,€/L,,,https://driveimg1.intermarche.com/pt/Content/images/boitmal/produit/zoom/8B79CB925236D2DED71F7EF88F673037.jpg,,,2024-10-16T23:59:59.999999999+01:00,PROSPECTUS,9,2,
392,8712566173860,70.0,Knorr,Canja c/ aletria,Embalagem de 70g,1.6,22.86,0,kg,€/Kg,,,https://driveimg1.intermarche.com/pt/Content/images/boitmal/produit/zoom/97E00E32BCAF3594A1D59DEF0C0A64C0.jpg,,,2024-10-16T23:59:59.999999999+01:00,PROSPECTUS,9,2,
40347,8410076471604,350.0,Old El Paso,Tortilhas de Trigo Wraps,Embalagem de 350g,1.94,5.54,0,kg,€/Kg,,,https://driveimg1.intermarche.com/pt/Content/images/boitmal/produit/zoom/82EA638866E34F556114F2E95362AEAD.jpg,,,2024-10-16T23:59:59.999999999+01:00,PROSPECTUS,9,2,
40670,5000116125449,1440.0,Capitão Iglo,18 hamburguers s/ glúten vaca,Pack familiar com 1.4 kg,14.99,10.41,0,kg,€/Kg,,Tipo de stockagem,https://driveimg1.intermarche.com/pt/Content/images/boitmal/produit/zoom/1205D6FFB1292702E12CA65D9CB59DB1.jpg,,,2024-10-16T23:59:59.999999999+01:00,PROSPECTUS,9,2,
41069,8410650171425,1500.0,Ultima,Ração seca gato esterilizado com salmão,Embalagem de 1.5 kg,9.96,6.64,0,kg,€/Kg,,,https://driveimg1.intermarche.com/pt/Content/images/boitmal/produit/zoom/2B9A6251EDBCD84AB63C9F8D62ABB689.jpg,,,2024-10-16T23:59:59.999999999+01:00,PROSPECTUS,9,2,
41864,3574661552583,,Carefree,Pensos diários respirare,embalagem com 20 unidades,1.49,1.49,0,,€/Unidade,,,https://driveimg1.intermarche.com/pt/Content/images/boitmal/produit/zoom/72B719D88397C03CA439E3867F50FE4C.jpg,,,2024-10-16T23:59:59.999999999+01:00,PROSPECTUS,9,2,
41895,5000116125784,220.0,Capitão Iglo,12 nuggets frango polme americano,Embalagem de 220g,2.69,12.23,0,kg,€/Kg,,Tipo de stockagem,https://driveimg1.intermarche.com/pt/Content/images/boitmal/produit/zoom/4A36D918CE859C1F06A618542B06F111.jpg,,,2024-10-16T23:59:59.999999999+01:00,PROSPECTUS,9,2,
42240,5000396041392,200.0,McVities,Bolacha digestiva chocolate negro,Embalagem de 200g,1.99,9.95,0,kg,€/Kg,,,https://driveimg1.intermarche.com/pt/Content/images/boitmal/produit/zoom/59A028488E9DEEBD2DDB6138E70C20D4.jpg,,,2024-10-16T23:59:59.999999999+01:00,PROSPECTUS,9,2,
43113,3033710075652,125.0,Nescafé,Cappuccino Café Solúvel Descafeinado,Embalagem de 125g | 10 Saquetas,2.69,21.52,0,kg,€/Kg,,,https://driveimg1.intermarche.com/pt/Content/images/boitmal/produit/zoom/A407516AA35D086D9FC17DFA6C03BA04.jpg,,,2024-10-16T23:59:59.999999999+01:00,PROSPECTUS,9,2,
4335,3600540829160,50.0,Narta men,"Desodorizante roll-on, invisimax",Embalagem de 50 ml,2.69,53.8,50,L,€/L,,,https://driveimg1.intermarche.com/pt/Content/images/boitmal/produit/zoom/A48BB816DCCE142F5DC4F8D9E2CEC850.jpg,,,2024-10-16T23:59:59.999999999+01:00,PROSPECTUS,9,2,
43756,8410500026363,480.0,Danone,"Iogurte Activia 0% aveia e linhaça,  4 x 120 g",,2.39,4.98,0,kg,€/Kg,,,https://driveimg1.intermarche.com/pt/Content/images/boitmal/produit/zoom/E57678E975E0133AA749A66A9BC6FE48.jpg,,,2024-10-16T23:59:59.999999999+01:00,PROSPECTUS,9,2,
43987,5604260292653,400.0,PorSi,Salsichas frescas de porco tipo brasileiro,400 g,2.49,6.23,0,kg,€/Kg,,,https://driveimg1.intermarche.com/pt/Content/images/boitmal/produit/zoom/AE8364FC9C500F44CB43B8D63EB104EF.jpg,,,2024-10-16T23:59:59.999999999+01:00,PROSPECTUS,9,2,
44736,5601119354296,220.0,Nobre,Fiambre da perna extra fatias finas,Embalagem de 220g,3.29,14.95,0,kg,€/Kg,,,https://driveimg1.intermarche.com/pt/Content/images/boitmal/produit/zoom/A78050C7BB155B5DB1353AC09A55C6E3.jpg,,,2024-10-16T23:59:59.999999999+01:00,PROSPECTUS,9,2,
44761,5601146050505,500.0,Bandida do Pomar,Bandida do pomar frutos vermelhos lata 50cl,Garrafa de 500 ml,1.19,2.38,500,L,€/L,,,https://driveimg1.intermarche.com/pt/Content/images/boitmal/produit/zoom/742101EF53028A0048A920A4A9EEC720.jpg,,,2024-10-16T23:59:59.999999999+01:00,PROSPECTUS,9,2,
45466,5604260315628,400.0,PorSi,Bifana de porco,Embalagem de 400 g,2.19,5.48,0,kg,€/Kg,,,https://driveimg1.intermarche.com/pt/Content/images/boitmal/produit/zoom/8CA0B03CA076CF372A58B6BDF8A20C36.jpg,,,2024-10-16T23:59:59.999999999+01:00,PROSPECTUS,9,2,
45468,5604260315642,400.0,PorSi,Costeleta do cachaço de porco,Embalagem de 400 g,2.39,5.98,0,kg,€/Kg,,,https://driveimg1.intermarche.com/pt/Content/images/boitmal/produit/zoom/18D33F973F2A936FFEE819045795CEA7.jpg,,,2024-10-16T23:59:59.999999999+01:00,PROSPECTUS,9,2,
45469,5604260315673,400.0,PorSi,Entremeada de porco fatiada,Embalagem de 400 g,2.49,6.23,0,kg,€/Kg,,,https://driveimg1.intermarche.com/pt/Content/images/boitmal/produit/zoom/24AA04150DF476DED357E95B492F6093.jpg,,,2024-10-16T23:59:59.999999999+01:00,PROSPECTUS,9,2,
45552,8001841993874,300.0,H&S,Champô anti-caspa limpeza profunda purificante,300 ml,4.94,16.47,300,L,€/L,,,https://driveimg1.intermarche.com/pt/Content/images/boitmal/produit/zoom/71784009BAD4838BFC36A6DD6C321111.jpg,,,2024-10-16T23:59:59.999999999+01:00,PROSPECTUS,9,2,
45856,8718951427358,500.0,Palmolive,"Gel de banho memories of nature, summer dreams",Embalagem de 500 ml,2.99,5.98,500,L,€/L,,,https://driveimg1.intermarche.com/pt/Content/images/boitmal/produit/zoom/8D6029F902784C79AAB06326C1871CE6.jpg,,,2024-10-16T23:59:59.999999999+01:00,PROSPECTUS,9,2,
46517,5000204208917,750.0,Pato,"Líquido sanitário ação total pinho, 750 ml",,1.94,2.59,750,L,€/L,,,https://driveimg1.intermarche.com/pt/Content/images/boitmal/produit/zoom/C1525539577E5CAF5C0667315D239809.jpg,,,2024-10-16T23:59:59.999999999+01:00,PROSPECTUS,9,2,
47110,7613287218766,110.0,Nestlé,Bolsitas de puré de multifrutas,Embalagem de 110g,0.84,7.64,0,kg,€/Kg,,,https://driveimg1.intermarche.com/pt/Content/images/boitmal/produit/zoom/6D82A987C9C6908002E3D5AFC9ADDDBF.jpg,,,2024-10-16T23:59:59.999999999+01:00,PROSPECTUS,9,2,
4785,5000396036138,220.0,McVities,"Bolachas fruit & forma, maçã e canela",Embalagem de 220g,1.79,8.14,0,kg,€/Kg,,,https://driveimg1.intermarche.com/pt/Content/images/boitmal/produit/zoom/BF9D3CB3A0C232FF6535776878C3FCC0.jpg,,,2024-10-16T23:59:59.999999999+01:00,PROSPECTUS,9,2,
49258,8718951476271,75.0,Colgate,Pasta de Dentes Gengivas Limpeza Interdentária,Embalagem de 75 ml,3.24,43.2,75,L,€/L,,,https://driveimg1.intermarche.com/pt/Content/images/boitmal/produit/zoom/E7FF1C0096CE044713C2591A9F09FD0E.jpg,,,2024-10-16T23:59:59.999999999+01:00,PROSPECTUS,9,2,
49463,8445290250322,600.0,Nestum,Flocos Cereais Mel,Embalagem de 600g,3.29,5.48,0,kg,€/Kg,,,https://driveimg1.intermarche.com/pt/Content/images/boitmal/produit/zoom/9F028579C623CFF4FC3FA9CCEB955938.jpg,,,2024-10-16T23:59:59.999999999+01:00,PROSPECTUS,9,2,
50076,6001076003241,75.0,Aquafresh,"Dentífrico Senses Melancia, Pepino e Menta",75 ml,1.85,24.67,75,L,€/L,,,https://driveimg1.intermarche.com/pt/Content/images/boitmal/produit/zoom/559EAD4BEEBFD4065BB8C74F79A0FF02.jpg,,,2024-10-16T23:59:59.999999999+01:00,PROSPECTUS,9,2,
5031,5601028008778,,Renova,Papel Higiénico Deco |4 Folhas,Embalagem 12 Rolos,5.39,5.39,0,,€/Unidade,,,https://driveimg1.intermarche.com/pt/Content/images/boitmal/produit/zoom/B70E662FFAB7738B3A9B393407A26FB2.jpg,,,2024-10-16T23:59:59.999999999+01:00,PROSPECTUS,9,2,
50477,8410063087016,400.0,Pescanova,"Filetes de Pescada Com Alho e Salsa, 400g",,4.65,11.63,0,kg,€/Kg,,Tipo de stockagem,https://driveimg1.intermarche.com/pt/Content/images/boitmal/produit/zoom/9F688DD1CA0CA1D041E58546401B96C0.jpg,,,2024-10-16T23:59:59.999999999+01:00,PROSPECTUS,9,2,
51113,8720181262784,500.0,Cif,"Limpa Casa Banho Spray Higiene c/ Lixívia, 500 ml",,1.99,3.98,500,L,€/L,,,https://driveimg1.intermarche.com/pt/Content/images/boitmal/produit/zoom/269947C1E7ED82654B4A41635C3A67E7.jpg,,,2024-10-16T23:59:59.999999999+01:00,PROSPECTUS,9,2,
51177,8410436440455,,Persil,Detergente máquina roupa sabão azul e branco,76 doses,9.99,9.99,0,,€/Unidade,,,https://driveimg1.intermarche.com/pt/Content/images/boitmal/produit/zoom/405B529427643132DC974A0DC45DDCCF.jpg,,,2024-10-16T23:59:59.999999999+01:00,PROSPECTUS,9,2,
51369,5000116125791,1400.0,Capitão Iglo,50 douradinhos de peixe ómega-3 iglo,Embalagem de 1.4 kg,12.99,9.28,0,kg,€/Kg,,Tipo de stockagem,https://driveimg1.intermarche.com/pt/Content/images/boitmal/produit/zoom/5F5682F8A5B575F68738EAA2498BE609.jpg,,,2024-10-16T23:59:59.999999999+01:00,PROSPECTUS,9,2,
51383,8434165608023,150.0,Cuétara,Cuet marinheiros chia-quinoa-lin *9,Embalagem de 150g,1.49,9.93,0,kg,€/Kg,,,https://driveimg1.intermarche.com/pt/Content/images/boitmal/produit/zoom/5C8205D363D4015627AE56BB6ED62258.jpg,,,2024-10-16T23:59:59.999999999+01:00,PROSPECTUS,9,2,
51837,8711327587205,2000.0,Lipton,Ice Tea Pêssego,Garrafa de 2 l,3.19,1.6,2000,L,€/L,,,https://driveimg1.intermarche.com/pt/Content/images/boitmal/produit/zoom/CEC4B87682C01CD71571EE1F09612EAF.jpg,,,2024-10-16T23:59:59.999999999+01:00,PROSPECTUS,9,2,
52296,3023290072097,160.0,Lindahls,"Iogurte Sólido Proteico Stracciatella,  160 g",,1.09,6.81,0,kg,€/Kg,,,https://driveimg1.intermarche.com/pt/Content/images/boitmal/produit/zoom/1D58D41F174566840E8A77CBA42EC7F1.jpg,,,2024-10-16T23:59:59.999999999+01:00,PROSPECTUS,9,2,
52302,3600542512428,400.0,Garnier,Champô Ultra Suave Carvão,Embalagem de 400ml,5.89,14.73,400,L,€/L,,Produtos Bio,https://driveimg1.intermarche.com/pt/Content/images/boitmal/produit/zoom/8126B6DDAA84D0A1234F6E7D42BC7B29.jpg,,,2024-10-16T23:59:59.999999999+01:00,PROSPECTUS,9,2,
52598,5601217137975,1710.0,Quanto,"Amaciador Roupa Concentrado Frutos Silvestres, 95 doses",,3.99,2.33,1710,L,€/L,,,https://driveimg1.intermarche.com/pt/Content/images/boitmal/produit/zoom/425B618E435B239C500E88642C038EB6.jpg,,,2024-10-16T23:59:59.999999999+01:00,PROSPECTUS,9,2,
5272,5601164902312,4800.0,Super Bock,Cerveja Mini,pack 24 x 0.20 l ,9.99,2.08,4800,L,€/L,,,https://driveimg1.intermarche.com/pt/Content/images/boitmal/produit/zoom/2912E3195E8AA342B174CBFEDFDDDFEF.jpg,https://driveimg1.intermarche.com/pt/Content/images/boitmal/produit/zoom/C2C2858ADC421F33AF17C6115D108100.jpg,,2024-10-16T23:59:59.999999999+01:00,PROSPECTUS,9,2,
52786,5900020043481,310.0,Nestlé,"Cereais Protein Fitness 0% Cacau, 310g",,2.99,9.65,0,kg,€/Kg,,,https://driveimg1.intermarche.com/pt/Content/images/boitmal/produit/zoom/B2A0913D3F7A8C1ACF4039A186AC2CD5.jpg,,,2024-10-16T23:59:59.999999999+01:00,PROSPECTUS,9,2,
53286,5010338404314,150.0,Blue Dragon,"Molho de Ostras Chinês, garrafa de 150 ml",,2.99,19.93,150,L,€/L,,,https://driveimg1.intermarche.com/pt/Content/images/boitmal/produit/zoom/3CAD7EDC8D04A1006DC4A4E5FC3D9978.jpg,,,2024-10-16T23:59:59.999999999+01:00,PROSPECTUS,9,2,
53514,7702018490707,,Gillette,"Lâminas de Barbear Descartáveis Sensor3 Sensitive, 4 unidades",,5.24,5.24,4,,€/Unidade,,,https://driveimg1.intermarche.com/pt/Content/images/boitmal/produit/zoom/A0D422E2F7E8CD8881986E23E258E00C.jpg,,,2024-10-16T23:59:59.999999999+01:00,PROSPECTUS,9,2,
53919,2696282000000,250.0,Pastelaria,"Baguete Constance, 250 g",,0.79,3.16,0,kg,€/Kg,,,https://driveimg1.intermarche.com/pt/Content/images/boitmal/produit/zoom/0BA49B9462EB8B9EAD281953127E99E8.jpg,,,2024-10-16T23:59:59.999999999+01:00,PROSPECTUS,9,2,
543,3228881083241,30.0,Lipton,20 saquetas chá digestão fácil,Embalagem de 30g,2.09,69.67,0,kg,€/Kg,,,https://driveimg1.intermarche.com/pt/Content/images/boitmal/produit/zoom/28A1713A439B692F2535F37C60AAED17.jpg,,,2024-10-16T23:59:59.999999999+01:00,PROSPECTUS,9,2,
544,3228881083326,30.0,Lipton,20 saquetas chá noite tranquila,Embalagem de 30g,2.09,69.67,0,kg,€/Kg,,,https://driveimg1.intermarche.com/pt/Content/images/boitmal/produit/zoom/4B6373E8CCC5E41A695E3EDADC8DBB53.jpg,,,2024-10-16T23:59:59.999999999+01:00,PROSPECTUS,9,2,
6818,8712566118625,390.0,Olá,Gelado supermaxi,Embalagem de 6 x 65 ml,3.09,7.92,390,L,€/L,,Tipo de stockagem,https://driveimg1.intermarche.com/pt/Content/images/boitmal/produit/zoom/EDD74C84414985483D339FDE915214FB.jpg,https://driveimg1.intermarche.com/pt/Content/images/boitmal/produit/zoom/C78EEEF4719F48D1D9E8F75D0F700815.jpg,https://driveimg1.intermarche.com/pt/Content/images/boitmal/produit/zoom/C78EEEF4719F48D1D9E8F75D0F700815.jpg,2024-10-16T23:59:59.999999999+01:00,PROSPECTUS,9,2,
7231,3059941005008,750.0,Harpic,Gel wc tripla ação c/ lixívia,Garrafa de 750 ml,1.99,2.65,750,L,€/L,,,https://driveimg1.intermarche.com/pt/Content/images/boitmal/produit/zoom/4F4DC0D04FEFE2E1C1396B2DF4E1E13C.jpg,,,2024-10-16T23:59:59.999999999+01:00,PROSPECTUS,9,2,
7273,3086127500934,,Twin lady,"Lâminas  depilatórias, 5 unidades",Uma embalagem,0.99,0.99,0,,€/Unidade,,,https://driveimg1.intermarche.com/pt/Content/images/boitmal/produit/zoom/98BD313CB68F62010A9A709C5451AE55.jpg,,,2024-10-16T23:59:59.999999999+01:00,PROSPECTUS,9,3,
8280,5601010111219,130.0,Ramirez,Sardinhas em óleo,Embalagem de 130g,1.08,8.31,0,kg,€/Kg,,,https://driveimg1.intermarche.com/pt/Content/images/boitmal/produit/zoom/708A96E75FA2DD9866B55D784B3683E8.jpg,,,2024-10-16T23:59:59.999999999+01:00,PROSPECTUS,9,3,
8398,5601050016024,600.0,Danone,"Danacol natural,  6 x 100 g",,2.99,4.98,0,kg,€/Kg,,,https://driveimg1.intermarche.com/pt/Content/images/boitmal/produit/zoom/F95F766B58ABBBA7608620C57921073C.jpg,,,2024-10-16T23:59:59.999999999+01:00,PROSPECTUS,9,3,
8520,5601119956490,120.0,Nobre,Fiambre perna extra finissimos fatiado,Embalagem de 120g,1.99,16.58,0,kg,€/Kg,,,https://driveimg1.intermarche.com/pt/Content/images/boitmal/produit/zoom/A7AE9A4CE77B2E0C74B78D8E6FD0475C.jpg,,,2024-10-16T23:59:59.999999999+01:00,PROSPECTUS,9,3,
8658,5601163101716,3000.0,Luso,Água sem gás,pack 6 x 0.5 l,2.59,0.86,3000,L,€/L,,,https://driveimg1.intermarche.com/pt/Content/images/boitmal/produit/zoom/7DE0FF5737733513F14135E2CA47ED18.jpg,,,2024-10-16T23:59:59.999999999+01:00,PROSPECTUS,9,3,
8800,5601244201922,200.0,Terra Nostra,"Queijo em fatias, -50% gordura",Embalagem de 200g,2.29,11.45,0,kg,€/Kg,,,https://driveimg1.intermarche.com/pt/Content/images/boitmal/produit/zoom/85D15B5E2887AAA1EC03C6E7ECAD1482.jpg,,,2024-10-16T23:59:59.999999999+01:00,PROSPECTUS,9,3,
9300,5603722497261,1500.0,Pleno,Tisana chá verde/limão,"Garrafa de 1,5 l",1.59,1.06,1500,L,€/L,,,https://driveimg1.intermarche.com/pt/Content/images/boitmal/produit/zoom/63B46E2B2042FC121A0C4D7D5A49ED19.jpg,,,2024-10-16T23:59:59.999999999+01:00,PROSPECTUS,9,3,
941,5601001322808,100.0,Nescafé,Café solúvel,Embalagem de 100g,3.19,31.9,0,kg,€/Kg,,,https://driveimg1.intermarche.com/pt/Content/images/boitmal/produit/zoom/60C0C99B7DDDE569E73B19209673ED55.jpg,,,2024-10-16T23:59:59.999999999+01:00,PROSPECTUS,9,3,
950,5601008100058,125.0,Vieira de Castro,Bolachas de água e sal,Embalagem de 125 g,0.74,5.92,0,kg,€/Kg,,,https://driveimg1.intermarche.com/pt/Content/images/boitmal/produit/zoom/5BC4A3164BD6082587D987B4AF0BA107.jpg,,,2024-10-16T23:59:59.999999999+01:00,PROSPECTUS,9,3,
18595,8410500016012,400.0,Danonino Danone,"Iogurte líquido danonino morango,  4 x 100 g",,1.99,4.98,0,kg,€/Kg,,,https://driveimg1.intermarche.com/pt/Content/images/boitmal/produit/zoom/0E203361E14F23CD94ABD0BD721CC32D.jpg,,,2024-10-16T23:59:59.999999999+01:00,PROSPECTUS,9,3,
8396,5601049614330,250.0,Milhafre,Manteiga com sal,Embalagem de 250g,1.99,7.96,0,kg,€/Kg,,,https://driveimg1.intermarche.com/pt/Content/images/boitmal/produit/zoom/8DCB9F2F3B36086D35B7173891ABA268.jpg,,,2024-10-16T23:59:59.999999999+01:00,PROSPECTUS,9,3,
6267,8016825926687,75.0,Aquafresh,Pasta dentífrica menta fresca,Embalagem de 75 ml,1.85,24.67,75,L,€/L,,,https://driveimg1.intermarche.com/pt/Content/images/boitmal/produit/zoom/B3DC987DC2831B4B3E07291CAE434D07.jpg,,,2024-10-16T23:59:59.999999999+01:00,PROSPECTUS,9,3,
1195,5601119230224,650.0,Nobre,Salsichas extra suculentas,Frasco de 650 g,2.09,3.22,0,kg,€/Kg,,,https://driveimg1.intermarche.com/pt/Content/images/boitmal/produit/zoom/8D9323C0AA785F7D26E063775F0C6C13.jpg,,,2024-10-16T23:59:59.999999999+01:00,PROSPECTUS,9,3,
38148,5603722519123,1000.0,Milhafre,Leite de Pastagem Biológico Meio Gordo,1 litro,1.14,1.14,1000,L,€/L,,Produtos Bio,https://driveimg1.intermarche.com/pt/Content/images/boitmal/produit/zoom/2257B1DDB3999CD244A662F9C30070FE.jpg,,,2024-10-16T23:59:59.999999999+01:00,PROSPECTUS,9,3,
1305,5601151862155,500.0,Compal,Polpa de tomate em garrafa,Embalagem de 500g,1.24,2.48,0,kg,€/Kg,,,https://driveimg1.intermarche.com/pt/Content/images/boitmal/produit/zoom/AAB3292CC676B25102611CA57B6FA818.jpg,,,2024-10-16T23:59:59.999999999+01:00,PROSPECTUS,9,3,
16042,8410022000025,200.0,Donuts,Donuts classic,Embalagem de 200g,2.19,10.95,0,kg,€/Kg,,,https://driveimg1.intermarche.com/pt/Content/images/boitmal/produit/zoom/9DE87D45842580C95F36B655B1BA5FC5.jpg,,,2024-10-16T23:59:59.999999999+01:00,PROSPECTUS,9,3,
49762,5601050037562,460.0,Danone,"Iogurte com Cereais Activia, 4 x 120g",,2.39,5.2,0,kg,€/Kg,,,https://driveimg1.intermarche.com/pt/Content/images/boitmal/produit/zoom/51EAF4A53D8366A31634F35574981BCB.jpg,,,2024-10-16T23:59:59.999999999+01:00,PROSPECTUS,9,3,
36945,8719200009899,500.0,Vaqueiro,Margarina líquida,Embalagem de 500 ml,2.79,5.58,500,L,€/L,,,https://driveimg1.intermarche.com/pt/Content/images/boitmal/produit/zoom/18B276D9701F28BD99E88251DF4CDB08.jpg,,,2024-10-16T23:59:59.999999999+01:00,PROSPECTUS,9,3,
49763,5601050037579,460.0,Danone,"Iogurte Activia Fibras Aveia & Frutos Secos, 4 x 120g",,2.39,5.2,0,kg,€/Kg,,,https://driveimg1.intermarche.com/pt/Content/images/boitmal/produit/zoom/D3105D0A7021B60785802EF13F61AE8F.jpg,,,2024-10-16T23:59:59.999999999+01:00,PROSPECTUS,9,3,
13175,2893160000000,300.0,Marisco,Mexilhão Médio Fresco,Vendido ao peso,0.6,1.99,0,,€/Kg,,,https://driveimg1.intermarche.com/pt/Content/images/boitmal/produit/zoom/F14ACE9787BE0CEBB197A6DF9EBBAB4B.jpg,,,2024-10-16T23:59:59.999999999+01:00,PROSPECTUS,9,3,
882,5410041001204,100.0,Tuc,"Bolachas aperitivas, simples",Embalagem de 100g,0.99,9.9,0,kg,€/Kg,,,https://driveimg1.intermarche.com/pt/Content/images/boitmal/produit/zoom/DB0E5412E4B7AABA821CD2AF0DA3E461.jpg,,,2024-10-16T23:59:59.999999999+01:00,PROSPECTUS,9,3,
1467,5601286236784,500.0,Milaneza,Massa de espirais,Embalagem de 500g,0.99,1.98,0,kg,€/Kg,,,https://driveimg1.intermarche.com/pt/Content/images/boitmal/produit/zoom/75C555C38AA58E95CAD2174BF2E349D1.jpg,,,2024-10-16T23:59:59.999999999+01:00,PROSPECTUS,9,3,
21052,8435257034270,640.0,Nestlé,"Iogurte líquido yoggi, sem lactose, morango/banana,  4 x 160 g",,2.19,3.42,0,kg,€/Kg,,,https://driveimg1.intermarche.com/pt/Content/images/boitmal/produit/zoom/93C63CDCCE271351E42C385AFD3AE69F.jpg,,,2024-10-16T23:59:59.999999999+01:00,PROSPECTUS,9,3,
29915,5600826202982,500.0,Prozis,"Manteiga de amendoim cremosa, 500g",,3.95,7.9,0,kg,€/Kg,,,https://driveimg1.intermarche.com/pt/Content/images/boitmal/produit/zoom/5039923B1D2DFB66F663AC55A706C4D6.jpg,,,2024-10-16T23:59:59.999999999+01:00,PROSPECTUS,9,3,
38560,5601027006447,280.0,Bimbo,Pão de leite 8 un.,Embalagem de 280g,1.99,7.11,0,kg,€/Kg,,,https://driveimg1.intermarche.com/pt/Content/images/boitmal/produit/zoom/61E1C93727499A77EF100DF4D069FE8B.jpg,https://driveimg1.intermarche.com/pt/Content/images/boitmal/produit/zoom/03428EFF3EBBF0386E77776667460845.jpg,,2024-10-16T23:59:59.999999999+01:00,PROSPECTUS,9,3,
13523,2893515000000,250.0,Peixaria,Lula Congelada,1 un= 250 gr (aprox.),1.25,4.99,0,,€/Kg,,Avantages !,https://driveimg1.intermarche.com/pt/Content/images/boitmal/produit/zoom/B2B7BBDC4CDC3C912C9CD2FEC6D3B682.jpg,,,2024-10-16T23:59:59.999999999+01:00,PROSPECTUS,9,3,
15507,5601050031621,480.0,Danone,"Iogurte activia cremoso coco,  4 x 120 g",,1.99,4.15,0,kg,€/Kg,,,https://driveimg1.intermarche.com/pt/Content/images/boitmal/produit/zoom/05783495E4A676779F417115EB52CFE8.jpg,,,2024-10-16T23:59:59.999999999+01:00,PROSPECTUS,9,3,
28640,5054563030948,75.0,Aquafresh,Dentífrico Tripla Proteção,Embalagem de 75 ml,1.85,24.67,75,L,€/L,,,https://driveimg1.intermarche.com/pt/Content/images/boitmal/produit/zoom/2F0758EC50E92354A2691A9D74801B48.jpg,,,2024-10-16T23:59:59.999999999+01:00,PROSPECTUS,9,3,
35525,5604260292646,400.0,PorSi,Salsichas frescas de porco,Embalagem de 400 g,2.49,6.23,0,kg,€/Kg,,,https://driveimg1.intermarche.com/pt/Content/images/boitmal/produit/zoom/E30C1DA540EE807ED81A6C7CC08B1771.jpg,,,2024-10-16T23:59:59.999999999+01:00,PROSPECTUS,9,3,
50405,8445290489173,900.0,Cerelac,Papa Infantil + 6 meses,Embalagem de 900g,5.99,6.66,0,kg,€/Kg,,,https://driveimg1.intermarche.com/pt/Content/images/boitmal/produit/zoom/AC49BEE482A5844CB7C28462BEA4C70C.jpg,,,2024-10-16T23:59:59.999999999+01:00,PROSPECTUS,9,3,
5095,5601050026405,300.0,Danone,"Queijinho dadoninho petitdino de morango,  6 x 50 g",,1.99,6.63,0,kg,€/Kg,,,https://driveimg1.intermarche.com/pt/Content/images/boitmal/produit/zoom/A996A3A25DAAE4625EF7D6D51278644F.jpg,,,2024-10-16T23:59:59.999999999+01:00,PROSPECTUS,9,3,
10280,8410469002781,,Colhogar,Papel Higiénico Compacto Ultra Suave XXL,12 rolos,5.22,5.22,0,,€/Unidade,,,https://driveimg1.intermarche.com/pt/Content/images/boitmal/produit/zoom/4CA9509CB2D72B829B2D15E9A61717F5.jpg,,,2024-10-16T23:59:59.999999999+01:00,PROSPECTUS,9,3,
21051,8435257034300,640.0,Nestlé,"Iogurte líquido yoggi, sem lactose, morango,  4 x 160 g",,2.19,3.42,0,kg,€/Kg,,,https://driveimg1.intermarche.com/pt/Content/images/boitmal/produit/zoom/EDE6B117FB886E95B7257B2282F005D2.jpg,,,2024-10-16T23:59:59.999999999+01:00,PROSPECTUS,9,3,
44264,5603722517136,200.0,Mimosa,"Nata cremosa sem lactose, 200 ml",,0.99,4.95,200,L,€/L,,,https://driveimg1.intermarche.com/pt/Content/images/boitmal/produit/zoom/505AB5A758F0033F2C092C6776B8A3D2.jpg,,,2024-10-16T23:59:59.999999999+01:00,PROSPECTUS,9,3,
979,5601024134471,750.0,Oliveira da Serra,Azeite Virgem,Embalagem de 750 ml,6.49,8.65,750,L,€/L,,,https://driveimg1.intermarche.com/pt/Content/images/boitmal/produit/zoom/32A5EFAE1A78DF80856528FEA48BA60C.jpg,,,2024-10-16T23:59:59.999999999+01:00,PROSPECTUS,9,3,
14075,2891270000000,800.0,Bovino,Picanha,Vendido ao peso a partir de 800 g,10.39,12.99,0,,€/Kg,,,https://driveimg1.intermarche.com/pt/Content/images/boitmal/produit/zoom/0D53841F7FAAB339706426EF33AAF920.jpg,,,2024-10-16T23:59:59.999999999+01:00,PROSPECTUS,9,3,
1453,5601286207579,500.0,Milaneza,Massa para lasanha com ovo,Embalagem de 500g,1.93,3.86,0,kg,€/Kg,,,https://driveimg1.intermarche.com/pt/Content/images/boitmal/produit/zoom/C99977C7BDC0B6A99195DC697FD6F8DE.jpg,,,2024-10-16T23:59:59.999999999+01:00,PROSPECTUS,9,3,
1465,5601286234773,250.0,Milaneza,Massa de letras,Embalagem de 250g,0.63,2.52,0,kg,€/Kg,,,https://driveimg1.intermarche.com/pt/Content/images/boitmal/produit/zoom/B041072B3650057DB6CDC9523E22E29B.jpg,,,2024-10-16T23:59:59.999999999+01:00,PROSPECTUS,9,3,
15979,5601119242364,650.0,Nobre,Salsichas de Aves Extra Suculentas,frasco de 650g,2.09,3.22,0,kg,€/Kg,,,https://driveimg1.intermarche.com/pt/Content/images/boitmal/produit/zoom/96E028FA4B876A7EDCC2B01C6774E1B0.jpg,,,2024-10-16T23:59:59.999999999+01:00,PROSPECTUS,9,3,
25735,5000116112173,208.0,Capitão Iglo,10 nuggets peito de frango e queijo,Embalagem de 210g,2.69,12.93,0,kg,€/Kg,,Tipo de stockagem,https://driveimg1.intermarche.com/pt/Content/images/boitmal/produit/zoom/E9A162F74796CC7150848F5AAF7336C9.jpg,,,2024-10-16T23:59:59.999999999+01:00,PROSPECTUS,9,3,
11942,5603533492202,1000.0,Frize,Água c/ gás groselha,pack 4 x 0.25 l,1.99,1.99,1000,L,€/L,,,https://driveimg1.intermarche.com/pt/Content/images/boitmal/produit/zoom/1BCB2445A8F41EC02B613ABED34EE191.jpg,,,2024-10-16T23:59:59.999999999+01:00,PROSPECTUS,9,3,
16003,5000116109630,300.0,Capitão Iglo,12 douradinhos forníssimo,Embalagem de 300g,3.49,11.63,0,kg,€/Kg,,Tipo de stockagem,https://driveimg1.intermarche.com/pt/Content/images/boitmal/produit/zoom/233E9FC9471A71F1B4977B2D8B4AFE95.jpg,,,2024-10-16T23:59:59.999999999+01:00,PROSPECTUS,9,3,
25262,5000116112166,208.0,Capitão Iglo,10 nuggets de frango,Embalagem de 210g,2.69,12.93,0,kg,€/Kg,,Tipo de stockagem,https://driveimg1.intermarche.com/pt/Content/images/boitmal/produit/zoom/4CF12EA727EBC42ED8634368F0F21B4F.jpg,,,2024-10-16T23:59:59.999999999+01:00,PROSPECTUS,9,3,
419,8718114882536,50.0,Knorr,Sopa de cebola,Embalagem de 50g,1.6,32.0,0,kg,€/Kg,,,https://driveimg1.intermarche.com/pt/Content/images/boitmal/produit/zoom/ED2CDBB9018393062912BF3E0AF214D1.jpg,,,2024-10-16T23:59:59.999999999+01:00,PROSPECTUS,9,3,
940,5601001322402,20.0,Nescafé,Café solúvel nescafé,Embalagem de 20g,1.19,59.5,0,kg,€/Kg,,,https://driveimg1.intermarche.com/pt/Content/images/boitmal/produit/zoom/0F212944843A52390E68B12CB14B3980.jpg,,,2024-10-16T23:59:59.999999999+01:00,PROSPECTUS,9,3,
942,5601001324109,100.0,Nescafé,Café solúvel gold,Embalagem de 100g,4.99,49.9,0,kg,€/Kg,,,https://driveimg1.intermarche.com/pt/Content/images/boitmal/produit/zoom/D2208D6FAF47450CD5F51F6C5577F9FD.jpg,,,2024-10-16T23:59:59.999999999+01:00,PROSPECTUS,9,3,
1328,5601165005760,20.0,Lipton,10 saquetas infusão de cidreira,Embalagem de 20g,0.74,37.0,0,kg,€/Kg,,,https://driveimg1.intermarche.com/pt/Content/images/boitmal/produit/zoom/CD0E912EDCBC0F88CCB88A275A3DBF8A.jpg,,,2024-10-16T23:59:59.999999999+01:00,PROSPECTUS,9,3,
2520,7613033822827,250.0,Nestum,Nestum flocos de cereais integrais,Embalagem de 250g,2.14,8.56,0,kg,€/Kg,,,https://driveimg1.intermarche.com/pt/Content/images/boitmal/produit/zoom/C34EF83D0967AA6ED013672F2285D0CB.jpg,,,2024-10-16T23:59:59.999999999+01:00,PROSPECTUS,9,3,
36829,5604260291533,1000.0,PorSi,Costeleta do cachaço de porco,Embalagem de 1 kg,4.98,4.98,0,kg,€/Kg,,,https://driveimg1.intermarche.com/pt/Content/images/boitmal/produit/zoom/FF0C927FDDCA81029A3A6CF580547213.jpg,,,2024-10-16T23:59:59.999999999+01:00,PROSPECTUS,9,3,
43267,5607233552624,400.0,Panrico,"Pão de forma 100% farinha de centeio, 400g",,1.89,4.73,0,kg,€/Kg,,,https://driveimg1.intermarche.com/pt/Content/images/boitmal/produit/zoom/0F9A11277B175306AD9072D8C45D6943.jpg,,,2024-10-16T23:59:59.999999999+01:00,PROSPECTUS,9,3,
47109,7613287218704,110.0,Nestlé,Bolsitas de puré de 4 frutas,Embalagem de 110g,0.84,7.64,0,kg,€/Kg,,,https://driveimg1.intermarche.com/pt/Content/images/boitmal/produit/zoom/AAE972318DF3C7B29E7A2F9B4E66DEFB.jpg,,,2024-10-16T23:59:59.999999999+01:00,PROSPECTUS,9,3,
49964,8719200238176,225.0,Becel,Creme de Barrar,Embalagem de 225g,1.99,8.84,0,kg,€/Kg,,,https://driveimg1.intermarche.com/pt/Content/images/boitmal/produit/zoom/382BF7BFAA9AE155413812F2C51A439C.jpg,,,2024-10-16T23:59:59.999999999+01:00,PROSPECTUS,9,3,
1680,5602711001625,1000.0,Rar,Açúcar areado amarelo,Embalagem de 1kg,1.65,1.65,0,kg,€/Kg,,,https://driveimg1.intermarche.com/pt/Content/images/boitmal/produit/zoom/3C5E6DE51426168BD36EBB60A45175FF.jpg,,,2024-10-16T23:59:59.999999999+01:00,PROSPECTUS,9,3,
2589,7622300281182,150.0,Oreo,"Bolachas, tubo",Embalagem de 150g,1.34,8.93,0,kg,€/Kg,,,https://driveimg1.intermarche.com/pt/Content/images/boitmal/produit/zoom/A967EF8D7DC66A4DE384AFCA6E356DB8.jpg,,,2024-10-16T23:59:59.999999999+01:00,PROSPECTUS,9,3,
10666,8714789700472,360.0,Palmolive,Sabonete leite & mel,Embalagem de 4x90 g,3.59,9.97,0,kg,€/Kg,,,https://driveimg1.intermarche.com/pt/Content/images/boitmal/produit/zoom/6DA48FA699B13C5AAD7C8FEC3222BF79.jpg,,,2024-10-16T23:59:59.999999999+01:00,PROSPECTUS,9,3,
1470,5601286253781,500.0,Milaneza,Massa de macarrão grande estriado,Embalagem de 500g,1.19,2.38,0,kg,€/Kg,,,https://driveimg1.intermarche.com/pt/Content/images/boitmal/produit/zoom/2A5BFFD877EADD2E4A51B78A90E2D632.jpg,,,2024-10-16T23:59:59.999999999+01:00,PROSPECTUS,9,3,
15489,7613031884247,4000.0,Friskies,"Ração para gato adulto com vaca, frango",Embalagem de 4kg,9.79,2.45,0,kg,€/Kg,,,https://driveimg1.intermarche.com/pt/Content/images/boitmal/produit/zoom/3758935B87F55535F41EEF08B41E8342.jpg,,,2024-10-16T23:59:59.999999999+01:00,PROSPECTUS,9,3,
2740,8410063016627,400.0,Pescanova,4 filetes de pescada panados c/ limão,Embalagem de 400g,4.65,11.63,0,kg,€/Kg,,Tipo de stockagem,https://driveimg1.intermarche.com/pt/Content/images/boitmal/produit/zoom/3032EB7CA68A0B391F99FAEA119599B8.jpg,,,2024-10-16T23:59:59.999999999+01:00,PROSPECTUS,9,3,
8521,5601119956810,120.0,Nobre,Fiambre perna extra fatiado,Embalagem de 120g,1.99,16.58,0,kg,€/Kg,,,https://driveimg1.intermarche.com/pt/Content/images/boitmal/produit/zoom/92F6E974DF0D1BEE6EC9B9E40F884B8B.jpg,,,2024-10-16T23:59:59.999999999+01:00,PROSPECTUS,9,3,
951,5601010131217,120.0,Ramirez,Atum posta em óleo,Embalagem de 120g,1.79,14.92,0,kg,€/Kg,,,https://driveimg1.intermarche.com/pt/Content/images/boitmal/produit/zoom/5BE3B05F210FF0425C989109F8B84C66.jpg,,,2024-10-16T23:59:59.999999999+01:00,PROSPECTUS,9,3,
1141,5601082026930,55.0,Delta Q,Cápsulas de café qharacter,Embalagem de 60g,3.89,70.73,0,kg,€/Kg,,,https://driveimg1.intermarche.com/pt/Content/images/boitmal/produit/zoom/1A71F3C4A9EBBD2C86D1F4FAB26D9C96.jpg,,,2024-10-16T23:59:59.999999999+01:00,PROSPECTUS,9,3,
1466,5601286235770,250.0,Milaneza,Massa cuscus,Embalagem de 250g,0.63,2.52,0,kg,€/Kg,,,https://driveimg1.intermarche.com/pt/Content/images/boitmal/produit/zoom/C88D2492C00ABAD0495ACF6CE8960CC4.jpg,,,2024-10-16T23:59:59.999999999+01:00,PROSPECTUS,9,3,
25214,7613035930551,90.0,Nestlé,Fruta para bebé maçã banana morango +8 meses,Embalagem de 90g,0.74,8.22,0,kg,€/Kg,,,https://driveimg1.intermarche.com/pt/Content/images/boitmal/produit/zoom/320AF02AD6CE8711C7912DB2FA781A00.jpg,,,2024-10-16T23:59:59.999999999+01:00,PROSPECTUS,9,3,
32306,8718951202979,500.0,Palmolive,Gel de banho naturals amêndoa e leite,500 ml,2.65,5.3,500,L,€/L,,,https://driveimg1.intermarche.com/pt/Content/images/boitmal/produit/zoom/679D3CFCC9969DD874FD147C2208C882.jpg,,,2024-10-16T23:59:59.999999999+01:00,PROSPECTUS,9,3,
46518,5000204208856,750.0,Pato,"Líquido sanitário ação total menta, 750 ml",,1.94,2.59,750,L,€/L,,,https://driveimg1.intermarche.com/pt/Content/images/boitmal/produit/zoom/0233D129A9EC0388789C44988374A6C5.jpg,,,2024-10-16T23:59:59.999999999+01:00,PROSPECTUS,9,3,
476,3010470159020,400.0,Friskies,"Ração para gato adulto com coelho, frango e legumes",Embalagem de 400g,1.86,4.65,0,kg,€/Kg,,,https://driveimg1.intermarche.com/pt/Content/images/boitmal/produit/zoom/910C940E517160C08ABDD9D62AF704F9.jpg,,,2024-10-16T23:59:59.999999999+01:00,PROSPECTUS,9,3,
51516,5000204242676,750.0,Pato,"Líquido Sanitário Biodegradável, 750 ml",,1.69,2.25,750,L,€/L,,,https://driveimg1.intermarche.com/pt/Content/images/boitmal/produit/zoom/A52D20BC4663DAC31D8BC9280D80BD62.jpg,,,2024-10-16T23:59:59.999999999+01:00,PROSPECTUS,9,3,
7140,2895062000000,250.0,Santiago,Queijo tres igrejas cura 2 meses,Vendido ao peso a partir de 250 gr,3.0,11.99,0,,€/Kg,,,https://driveimg1.intermarche.com/pt/Content/images/boitmal/produit/zoom/23C77AA648CADC2DCC87B3557E21073E.jpg,,,2024-10-16T23:59:59.999999999+01:00,PROSPECTUS,9,3,
8657,5601163081711,1980.0,Luso,Água s/ gás,pack 6 x 0.33 l,2.35,1.19,1980,L,€/L,,,https://driveimg1.intermarche.com/pt/Content/images/boitmal/produit/zoom/BDA4A39891F935792B52BE1088E63C0F.jpg,,,2024-10-16T23:59:59.999999999+01:00,PROSPECTUS,9,3,
12237,7613034725936,390.0,Nesquik,Achocolatado em pó extra chocolate,Embalagem de 390g,3.84,9.85,0,kg,€/Kg,,,https://driveimg1.intermarche.com/pt/Content/images/boitmal/produit/zoom/BB833C246FA0F7BBDDFD7107AA28A5C9.jpg,,,2024-10-16T23:59:59.999999999+01:00,PROSPECTUS,9,3,
1458,5601286220783,500.0,Milaneza,Massa de cotovelos grossos,Embalagem de 500g,1.09,2.18,0,kg,€/Kg,,,https://driveimg1.intermarche.com/pt/Content/images/boitmal/produit/zoom/3227F59B4850D93351548A67BD46CA40.jpg,,,2024-10-16T23:59:59.999999999+01:00,PROSPECTUS,9,3,
18426,3600541887817,400.0,Garnier,Champô Ultra Suave Delicias de Aveia,Embalagem de 400 ml,5.89,14.73,400,L,€/L,,,https://driveimg1.intermarche.com/pt/Content/images/boitmal/produit/zoom/6E178A060EBA624F1168DFA6C596E4DF.jpg,,,2024-10-16T23:59:59.999999999+01:00,PROSPECTUS,9,3,
20201,5603722516221,1500.0,Pleno,Tisana chá camomila e romã,"Garrafa de 1,5 l",1.59,1.06,1500,L,€/L,,,https://driveimg1.intermarche.com/pt/Content/images/boitmal/produit/zoom/7D7CD25DE9A010F83E1BA590B1E838FC.jpg,,,2024-10-16T23:59:59.999999999+01:00,PROSPECTUS,9,3,
22254,3600542027533,250.0,Garnier,Champô Ultra Suave Limão & Argila,Embalagem de 400 ml,5.89,23.56,250,L,€/L,,,https://driveimg1.intermarche.com/pt/Content/images/boitmal/produit/zoom/E3CC3793DBEA441FB5E435D1445DE8F2.jpg,,,2024-10-16T23:59:59.999999999+01:00,PROSPECTUS,9,3,
29356,8718951202856,500.0,Palmolive,Gel de banho natural leite e mel,500 ml,2.65,5.3,500,L,€/L,,,https://driveimg1.intermarche.com/pt/Content/images/boitmal/produit/zoom/03DDD6064F175B5617E28ECB6E66862A.jpg,,,2024-10-16T23:59:59.999999999+01:00,PROSPECTUS,9,3,
34456,5604260325726,330.0,PorSi,Salsicha fresca merguez,Embalagem de 330 g,5.29,16.03,0,kg,€/Kg,,,https://driveimg1.intermarche.com/pt/Content/images/boitmal/produit/zoom/22438EF01FEDB1476B95CB4F80EA6172.jpg,,,2024-10-16T23:59:59.999999999+01:00,PROSPECTUS,9,3,
49761,8410500024574,460.0,Danone,"Iogurte Bifidus Activia Chia Amêndoa 0%, 4 x 120g",,2.39,5.2,0,kg,€/Kg,,,https://driveimg1.intermarche.com/pt/Content/images/boitmal/produit/zoom/3C78D604FF38EBC1F8556A8A62CA8C37.jpg,,,2024-10-16T23:59:59.999999999+01:00,PROSPECTUS,9,3,
52221,8720181370427,,Surf,Detergente Máquina de Roupa Coco,45 cápsulas,8.99,8.99,0,,€/Unidade,,,https://driveimg1.intermarche.com/pt/Content/images/boitmal/produit/zoom/B89060F66F34B8E1C79FE5068E94C801.jpg,,,2024-10-16T23:59:59.999999999+01:00,PROSPECTUS,9,3,
8068,5011417544679,400.0,Finish,Abrilhantador p/ máquina de lavar loiça,Garrafa de 400 ml,3.99,9.98,400,L,€/L,,,https://driveimg1.intermarche.com/pt/Content/images/boitmal/produit/zoom/5D045CC65EE222532216DB5B0BF2A582.jpg,,,2024-10-16T23:59:59.999999999+01:00,PROSPECTUS,9,3,
815,5000116106172,250.0,Capitão Iglo,"Douradinhos de frango, 10 unidades",Embalagem de 250g,3.49,13.96,0,kg,€/Kg,,Tipo de stockagem,https://driveimg1.intermarche.com/pt/Content/images/boitmal/produit/zoom/F63F8EDC7F7FF2702078ACE6C5ED02AC.jpg,,,2024-10-16T23:59:59.999999999+01:00,PROSPECTUS,9,3,
883,5410041143508,100.0,Tuc,"Bolachas aperitivas, bacon",Embalagem de 100g,0.99,9.9,0,kg,€/Kg,,,https://driveimg1.intermarche.com/pt/Content/images/boitmal/produit/zoom/2FFB8648AC82415A9D0C3A5A879BF623.jpg,,,2024-10-16T23:59:59.999999999+01:00,PROSPECTUS,9,3,
14165,5099873090473,700.0,Jack Daniel's,Whiskey bourbon,Garrafa de 700 ml,21.99,31.41,700,L,€/L,,,https://driveimg1.intermarche.com/pt/Content/images/boitmal/produit/zoom/1C68A9CA0085F370C66B536F41B373C8.jpg,,,2024-10-16T23:59:59.999999999+01:00,PROSPECTUS,9,3,
1463,5601286232779,250.0,Milaneza,Massa pevide,Embalagem de 250g,0.63,2.52,0,kg,€/Kg,,,https://driveimg1.intermarche.com/pt/Content/images/boitmal/produit/zoom/EBAFF1FEDF33318543096DA417AD4777.jpg,,,2024-10-16T23:59:59.999999999+01:00,PROSPECTUS,9,3,
31326,5601286260437,500.0,Milaneza,"Macarrão integral com aveia, 500g",,1.31,2.62,0,kg,€/Kg,,,https://driveimg1.intermarche.com/pt/Content/images/boitmal/produit/zoom/687469F1412D2299A6CE181241DB8128.jpg,,,2024-10-16T23:59:59.999999999+01:00,PROSPECTUS,9,3,
37510,7613036841498,90.0,Nestlé,Pacote maçã e pêssego,Embalagem de 90 g,0.74,8.22,0,kg,€/Kg,,,https://driveimg1.intermarche.com/pt/Content/images/boitmal/produit/zoom/B6EBF57BF6FEE625FEE4365FC32440DD.jpg,,,2024-10-16T23:59:59.999999999+01:00,PROSPECTUS,9,3,
47648,5601119355378,120.0,Nobre,Fiambre Perna Extra Braseado Finissimas,Embalagem de 120g,1.99,16.58,0,kg,€/Kg,,,https://driveimg1.intermarche.com/pt/Content/images/boitmal/produit/zoom/45073CAB30F31F6D40B3DBFB7E59A4B9.jpg,,,2024-10-16T23:59:59.999999999+01:00,PROSPECTUS,9,3,
51751,8720181338502,435.0,Cif,"Spray remove bolores, 435 ml",,2.49,5.72,435,L,€/L,,,https://driveimg1.intermarche.com/pt/Content/images/boitmal/produit/zoom/380C503403FDBF9BBCD37132FDE8F56E.jpg,,,2024-10-16T23:59:59.999999999+01:00,PROSPECTUS,9,3,
52600,5601217137951,1710.0,Quanto,"Amaciador Roupa Concentrado Ouro e Orquídea Branca, 95 doses",,3.99,2.33,1710,L,€/L,,,https://driveimg1.intermarche.com/pt/Content/images/boitmal/produit/zoom/A89E9019D654EFABC7388FF37B1BF310.jpg,,,2024-10-16T23:59:59.999999999+01:00,PROSPECTUS,9,3,
7965,5000204595369,,Glade,"Recarga ambientador automático, sense & spray, lavanda/jasmim",,3.49,3.49,0,,€/Unidade,,,https://driveimg1.intermarche.com/pt/Content/images/boitmal/produit/zoom/79F31608A8C9C832B0C2783B71CE42B1.jpg,,,2024-10-16T23:59:59.999999999+01:00,PROSPECTUS,9,3,
977,5601024124052,750.0,Oliveira da Serra,Azeite virgem extra seleção ouro,Garrafa de 750 ml,9.29,12.39,750,L,€/L,,,https://driveimg1.intermarche.com/pt/Content/images/boitmal/produit/zoom/C1949CA33BBB7B540392F14948B1D8BF.jpg,,,2024-10-16T23:59:59.999999999+01:00,PROSPECTUS,9,3,
1146,5601082027029,55.0,Delta Q,Café em cápsulas deqafeitatus,Embalagem de 55 g,3.89,70.73,0,kg,€/Kg,,,https://driveimg1.intermarche.com/pt/Content/images/boitmal/produit/zoom/28C52B3A2B5D6D42C3DE921BCC460F79.jpg,,,2024-10-16T23:59:59.999999999+01:00,PROSPECTUS,9,3,
12286,8001480020696,2000.0,Neoblanc,Lixívia para roupa delicada,Embalagem de 2 l,5.24,2.62,2000,L,€/L,,,https://driveimg1.intermarche.com/pt/Content/images/boitmal/produit/zoom/1EEF05A0D9CFE46475A118F5FF12889D.jpg,,,2024-10-16T23:59:59.999999999+01:00,PROSPECTUS,9,3,
13864,2891037000000,800.0,Porco,Chispe da Perna,1 un = 800 gr (aprox.),2.79,3.49,0,,€/Kg,,,https://driveimg1.intermarche.com/pt/Content/images/boitmal/produit/zoom/B3DAAD6BE624664B4FCA9BE619015E84.jpg,,,2024-10-16T23:59:59.999999999+01:00,PROSPECTUS,9,3,
13873,2891197000000,500.0,Porco,Cachaço c/ Osso,1 un= 500 gr (aprox.),2.49,4.98,0,,€/Kg,,,https://driveimg1.intermarche.com/pt/Content/images/boitmal/produit/zoom/641196B6FD150D9312988E658BC35D8E.jpg,,,2024-10-16T23:59:59.999999999+01:00,PROSPECTUS,9,3,
1460,5601286222787,500.0,Milaneza,Massa de cotovelinhos,Embalagem de 500g,1.04,2.08,0,kg,€/Kg,,,https://driveimg1.intermarche.com/pt/Content/images/boitmal/produit/zoom/F76BC192D8D45CCBC8881AA2D2BAAD83.jpg,,,2024-10-16T23:59:59.999999999+01:00,PROSPECTUS,9,3,
14698,7613034570512,90.0,Nestlé,Fruta para bebé 4 frutas +4 meses,Embalagem de 90g,0.74,8.22,0,kg,€/Kg,,,https://driveimg1.intermarche.com/pt/Content/images/boitmal/produit/zoom/0783A3CBD6B546AE24E09BF08DF0A429.jpg,,,2024-10-16T23:59:59.999999999+01:00,PROSPECTUS,9,3,
1476,5601286290786,500.0,Milaneza,Massa de laços,Embalagem de 500g,1.25,2.5,0,kg,€/Kg,,,https://driveimg1.intermarche.com/pt/Content/images/boitmal/produit/zoom/D687B9FD61EA56CF807EB6EB67FC5ABA.jpg,,,2024-10-16T23:59:59.999999999+01:00,PROSPECTUS,9,3,
15503,8410500018931,400.0,Danonino Danone,"Iogurte líquido danonino tutti-frutti,  4 x 100 g",,1.99,4.98,0,kg,€/Kg,,,https://driveimg1.intermarche.com/pt/Content/images/boitmal/produit/zoom/E9A644740B00EFD95B05B4DA40640B6A.jpg,,,2024-10-16T23:59:59.999999999+01:00,PROSPECTUS,9,3,
18351,8410320029971,80.0,Campofrio,Salsichão fat,Embalagem de 80g,1.59,19.88,0,kg,€/Kg,,,https://driveimg1.intermarche.com/pt/Content/images/boitmal/produit/zoom/522F54407A09BACA8592684E0563A486.jpg,,,2024-10-16T23:59:59.999999999+01:00,PROSPECTUS,9,3,
20012,7622300571351,100.0,Tuc,Bolacha craker queijo,Embalagem de 100g,0.99,9.9,0,kg,€/Kg,,,https://driveimg1.intermarche.com/pt/Content/images/boitmal/produit/zoom/A7E1DD186B24846CF7742C4E35C9AF6F.jpg,,,2024-10-16T23:59:59.999999999+01:00,PROSPECTUS,9,3,
25153,5000146400042,750.0,Harpic,Líquido wc duraguard pinho da montanha,Garrafa de 750 ml,1.99,2.65,750,L,€/L,,,https://driveimg1.intermarche.com/pt/Content/images/boitmal/produit/zoom/4436EFCC1EEADD9FE9996407752961F9.jpg,,,2024-10-16T23:59:59.999999999+01:00,PROSPECTUS,9,4,
42890,8001841677279,,Dodot,Fralda cueca T7 | +17 kg,Embalagem com 23 unidades,7.98,7.98,0,,€/Unidade,,,https://driveimg1.intermarche.com/pt/Content/images/boitmal/produit/zoom/BD1B5C08FDBFA6C0333FD58AADF1496E.jpg,,,2024-10-16T23:59:59.999999999+01:00,PROSPECTUS,9,4,
438,8722700140139,20.0,Lipton,20 saquetas infusão de cidreira,Embalagem de 20g,1.49,74.5,0,kg,€/Kg,,,https://driveimg1.intermarche.com/pt/Content/images/boitmal/produit/zoom/5BD4BD05824B7246D1659F44FE1CD00E.jpg,,,2024-10-16T23:59:59.999999999+01:00,PROSPECTUS,9,4,
52013,5601146100026,1000.0,Sagres,Cerveja com Álcool preta,Garrafa de 1 l,1.74,1.74,1000,L,€/L,,,https://driveimg1.intermarche.com/pt/Content/images/boitmal/produit/zoom/8EDCC3FD0D7835AFB60E55A1E05FEB5F.jpg,,,2024-10-16T23:59:59.999999999+01:00,PROSPECTUS,9,4,
52298,3023290072011,160.0,Lindahls,"Iogurte Sólido Proteico Limão Cookies,  160 g",,1.09,6.81,0,kg,€/Kg,,,https://driveimg1.intermarche.com/pt/Content/images/boitmal/produit/zoom/8EAA7FD65180D3A14B47E261ECEE195A.jpg,,,2024-10-16T23:59:59.999999999+01:00,PROSPECTUS,9,4,
52887,5603722523137,200.0,Mimosa,"Natas para Massas, 200 ml",,0.99,4.95,200,L,€/L,,,https://driveimg1.intermarche.com/pt/Content/images/boitmal/produit/zoom/F3EDAE46E372CBB78EE7DEA3A9DB3BD9.jpg,,,2024-10-16T23:59:59.999999999+01:00,PROSPECTUS,9,4,
10595,8712000900014,250.0,Heineken,Cerveja Mini,"Pack 6x0,25 l ",3.99,15.96,250,L,€/L,,,https://driveimg1.intermarche.com/pt/Content/images/boitmal/produit/zoom/4CD67FF57C15377D615F5BEED8C6BB98.jpg,,,2024-10-16T23:59:59.999999999+01:00,PROSPECTUS,9,4,
11950,5603722495106,200.0,Mimosa,Nata uht light,Embalagem de 200 ml,0.84,4.2,200,L,€/L,,,https://driveimg1.intermarche.com/pt/Content/images/boitmal/produit/zoom/6E7D8A653C78B6ADF8DDAFC11006499D.jpg,,,2024-10-16T23:59:59.999999999+01:00,PROSPECTUS,9,4,
1307,5601151962152,1000.0,Compal,Polpa de tomate em garrafa,Embalagem de 1 kg,2.09,2.09,0,kg,€/Kg,,,https://driveimg1.intermarche.com/pt/Content/images/boitmal/produit/zoom/188D8B739A75F9183E13BB6E462F65B0.jpg,,,2024-10-16T23:59:59.999999999+01:00,PROSPECTUS,9,4,
1469,5601286251787,500.0,Milaneza,Massa de macarrão,Embalagem de 500g,1.04,2.08,0,kg,€/Kg,,,https://driveimg1.intermarche.com/pt/Content/images/boitmal/produit/zoom/23F94F5EC15597A4AB9A1FC4C5526842.jpg,,,2024-10-16T23:59:59.999999999+01:00,PROSPECTUS,9,4,
15504,5601050031669,480.0,Danone,"Iogurte activia cremoso frutos silvestres,  4 x 120 g",,1.99,4.15,0,kg,€/Kg,,,https://driveimg1.intermarche.com/pt/Content/images/boitmal/produit/zoom/709B548D37F71DDA459131D3F3B36E78.jpg,,,2024-10-16T23:59:59.999999999+01:00,PROSPECTUS,9,4,
16517,5601286260215,500.0,Milaneza,Espirais s/ glúten,Embalagem de 500g,1.99,3.98,0,kg,€/Kg,,,https://driveimg1.intermarche.com/pt/Content/images/boitmal/produit/zoom/56A925808860FBA8046B55A561A8DD98.jpg,,,2024-10-16T23:59:59.999999999+01:00,PROSPECTUS,9,4,
18080,5601008100560,168.0,Vieira,Bolachas água e sal doces,Embalagem de 170g,2.09,12.44,0,kg,€/Kg,,,https://driveimg1.intermarche.com/pt/Content/images/boitmal/produit/zoom/8B7FFF96649C214D2C1F59409B1A23A6.jpg,,,2024-10-16T23:59:59.999999999+01:00,PROSPECTUS,9,4,
25706,8411660670229,750.0,Sanytol,Desinfetante p/ WC,Embalagem de 750 ml,2.49,3.32,750,L,€/L,,,https://driveimg1.intermarche.com/pt/Content/images/boitmal/produit/zoom/4F095CFF62680B19FBA53108E2CB03B7.jpg,,,2024-10-16T23:59:59.999999999+01:00,PROSPECTUS,9,4,
45774,5054563107800,75.0,Aquafresh,"Pasta dentífrica toranja, limão e menta",Embalagem de 75ml,1.85,24.67,75,L,€/L,,,https://driveimg1.intermarche.com/pt/Content/images/boitmal/produit/zoom/14337ACDA5395CC2FA0C709CC7D82E7C.jpg,,,2024-10-16T23:59:59.999999999+01:00,PROSPECTUS,9,4,
4713,5000204559163,150.0,Glade,"Absorvedores de odores, relax zen",Embalagem de 2x150g,3.29,21.93,150,L,€/L,,,https://driveimg1.intermarche.com/pt/Content/images/boitmal/produit/zoom/5F5127732C6C1BEA94A3BEA1EF5AFBE6.jpg,,,2024-10-16T23:59:59.999999999+01:00,PROSPECTUS,9,4,
4716,5000204593242,72.0,Pato,Discos Sanitários Activos Recarga Lima,Embalagem de 2x36 ml,3.49,48.47,72,L,€/L,,,https://driveimg1.intermarche.com/pt/Content/images/boitmal/produit/zoom/63F83864AA3214D8A29D6F7792A8DB6E.jpg,,,2024-10-16T23:59:59.999999999+01:00,PROSPECTUS,9,4,
5158,5601109211127,750.0,Porca de Murça,Vinho tinto douro,Garrafa de 750 ml,3.69,4.92,750,L,€/L,,,https://driveimg1.intermarche.com/pt/Content/images/boitmal/produit/zoom/30B67AC8E69DE198F7491E5F5BEA03A8.jpg,,,2024-10-16T23:59:59.999999999+01:00,PROSPECTUS,9,4,
52872,8711327574236,350.0,Olá,"Gelado Mini Milk, 10 x 35ml",,3.09,8.83,350,L,€/L,,Tipo de stockagem,https://driveimg1.intermarche.com/pt/Content/images/boitmal/produit/zoom/8FC5865ACA0C922AAC2AF492CD9FE50B.jpg,,,2024-10-16T23:59:59.999999999+01:00,PROSPECTUS,9,4,
5403,5601286211781,500.0,Milaneza,Massa linguine,Embalagem de 500g,1.25,2.5,0,kg,€/Kg,,,https://driveimg1.intermarche.com/pt/Content/images/boitmal/produit/zoom/704F39F2EDF7458BC2C5C5750B9A7F1C.jpg,,,2024-10-16T23:59:59.999999999+01:00,PROSPECTUS,9,4,
7550,3600541550087,400.0,Garnier,Champô Ultra Suave tesouros de mel,Embalagem de 400 ml,5.89,14.73,400,L,€/L,,,https://driveimg1.intermarche.com/pt/Content/images/boitmal/produit/zoom/E6566E0DAE3A76CF422C4F3C02B07F81.jpg,,,2024-10-16T23:59:59.999999999+01:00,PROSPECTUS,9,4,
8500,5601109211110,750.0,Porca de Murça,Vinho branco douro,Garrafa de 750 ml,3.69,4.92,750,L,€/L,,,https://driveimg1.intermarche.com/pt/Content/images/boitmal/produit/zoom/357A202AB590CC4A88C02B2D14AFB3ED.jpg,,,2024-10-16T23:59:59.999999999+01:00,PROSPECTUS,9,4,
972,5601024030056,750.0,Oliveira da Serra,"Azeite extra virgem, azeitonas verdes",Garrafa de 750 ml,8.69,11.59,750,L,€/L,,,https://driveimg1.intermarche.com/pt/Content/images/boitmal/produit/zoom/F81E60325884A50540DA24AAB5A050E8.jpg,,,2024-10-16T23:59:59.999999999+01:00,PROSPECTUS,9,4,
10000,8001480020559,2000.0,Neoblanc,Lixivia perfume fresco,Embalagem de 2 l,2.24,1.12,2000,L,€/L,,,https://driveimg1.intermarche.com/pt/Content/images/boitmal/produit/zoom/AB043965B840954BA1E2B970EB3CF7B9.jpg,,,2024-10-16T23:59:59.999999999+01:00,PROSPECTUS,9,4,
13944,2891054000000,250.0,Porco,Orelhas,1 un = 250 gr (aprox.),1.75,6.99,0,,€/Kg,,,https://driveimg1.intermarche.com/pt/Content/images/boitmal/produit/zoom/58E736C9F70B312B5FE9853375C94DCC.jpg,,,2024-10-16T23:59:59.999999999+01:00,PROSPECTUS,9,4,
14340,3387390326291,140.0,Nestlé,Barras fitness com morango,Embalagem de 140g,2.09,14.93,0,kg,€/Kg,,,https://driveimg1.intermarche.com/pt/Content/images/boitmal/produit/zoom/ABF74D21E3C804C027E678D6B2AB2D7B.jpg,,,2024-10-16T23:59:59.999999999+01:00,PROSPECTUS,9,4,
14458,7613034678607,90.0,Nestlé,Fruta para bebé banana maçã +4 meses,Embalagem de 90g,0.74,8.22,0,kg,€/Kg,,,https://driveimg1.intermarche.com/pt/Content/images/boitmal/produit/zoom/61C36FFFF4D3AE906443F9876484DF6E.jpg,,,2024-10-16T23:59:59.999999999+01:00,PROSPECTUS,9,4,
1464,5601286233776,250.0,Milaneza,Massa de bagos,Embalagem de 250g,0.63,2.52,0,kg,€/Kg,,,https://driveimg1.intermarche.com/pt/Content/images/boitmal/produit/zoom/94A5C2AC0EA7E97B0F5832D0BD95AE7F.jpg,,,2024-10-16T23:59:59.999999999+01:00,PROSPECTUS,9,4,
15889,5000116112180,208.0,Capitão Iglo,10 nuggets de frango com cereais integrais,Embalagem de 208 g,2.69,12.93,0,kg,€/Kg,,Tipo de stockagem,https://driveimg1.intermarche.com/pt/Content/images/boitmal/produit/zoom/33E37BD94FEA9CE794B6269CFF0B46F4.jpg,,,2024-10-16T23:59:59.999999999+01:00,PROSPECTUS,9,4,
17024,5601286252777,250.0,Milaneza,Cannelloni,Embalagem de 250g,1.33,5.32,0,kg,€/Kg,,,https://driveimg1.intermarche.com/pt/Content/images/boitmal/produit/zoom/CCA9CE4DC3690BAFEB69D1C50C01CEE0.jpg,,,2024-10-16T23:59:59.999999999+01:00,PROSPECTUS,9,4,
17114,5000116110148,320.0,Capitão Iglo,4 hamburguers vaca s/ glúten,Embalagem de 320g,3.99,12.47,0,kg,€/Kg,,Tipo de stockagem,https://driveimg1.intermarche.com/pt/Content/images/boitmal/produit/zoom/8E7F8CBEF475C7DF0459EA1D70B35576.jpg,,,2024-10-16T23:59:59.999999999+01:00,PROSPECTUS,9,4,
22952,8411660670212,750.0,Sanytol,Desinfetante p/ Cozinha,Embalagem de 750 ml,2.49,3.32,750,L,€/L,,,https://driveimg1.intermarche.com/pt/Content/images/boitmal/produit/zoom/CE7BBD8143A9B157574CD47FA1699DDC.jpg,,,2024-10-16T23:59:59.999999999+01:00,PROSPECTUS,9,4,
25338,3600542075350,400.0,Garnier,Condicionador Ultra Suave Leite de Coco e Macadâmia,Embalagem de 400 ml,5.89,14.73,400,L,€/L,,,https://driveimg1.intermarche.com/pt/Content/images/boitmal/produit/zoom/5E8E5BE7843BC84D401EC87981F1391B.jpg,,,2024-10-16T23:59:59.999999999+01:00,PROSPECTUS,9,4,
29355,8718951202795,500.0,Palmolive,Gel de banho natural leite oliva,500 ml,2.65,5.3,500,L,€/L,,,https://driveimg1.intermarche.com/pt/Content/images/boitmal/produit/zoom/77171253CA8BE22F47735182D75DE702.jpg,,,2024-10-16T23:59:59.999999999+01:00,PROSPECTUS,9,4,
30639,5607233511591,435.0,Panrico,Pão Forma Cerealia 5 Sementes 0% Açúcares Vegan s/ Lactose,Embalagem de 440g,1.89,4.34,0,kg,€/Kg,,,https://driveimg1.intermarche.com/pt/Content/images/boitmal/produit/zoom/8AFCDEC726F0683BDFA4A9DB676476EA.jpg,,,2024-10-16T23:59:59.999999999+01:00,PROSPECTUS,9,4,
32542,5609060007087,200.0,Delta,Café solúvel + cereais,Embalagem de 200 g,3.49,17.45,0,kg,€/Kg,,,https://driveimg1.intermarche.com/pt/Content/images/boitmal/produit/zoom/71017D6AD31C4FAB5A8BF8D255A8BF79.jpg,,,2024-10-16T23:59:59.999999999+01:00,PROSPECTUS,9,4,
36655,8410436343404,500.0,Sonasol,Spray casa de banho brilhante,Embalagem de 500 ml,1.99,3.98,500,L,€/L,,,https://driveimg1.intermarche.com/pt/Content/images/boitmal/produit/zoom/DE1ABE94258D954A0B137F0F858C6881.jpg,,,2024-10-16T23:59:59.999999999+01:00,PROSPECTUS,9,4,
37443,7613037040869,250.0,Nestum,Nestum zero espelta/aveia,Embalagem de 250 g,2.14,8.56,0,kg,€/Kg,,,https://driveimg1.intermarche.com/pt/Content/images/boitmal/produit/zoom/BF80E2BF1A95765256612BEC5A65D8DD.jpg,,,2024-10-16T23:59:59.999999999+01:00,PROSPECTUS,9,4,
37460,5900020033963,141.0,Nestlé,Barra fitness chocolate e banana,Embalagem de 141 g,2.09,14.82,0,kg,€/Kg,,,https://driveimg1.intermarche.com/pt/Content/images/boitmal/produit/zoom/61BB91D38AB9279BC7CD51B60ADF8FBC.jpg,,,2024-10-16T23:59:59.999999999+01:00,PROSPECTUS,9,4,
391,8712566173648,70.0,Knorr,"Sopa de cozido, 70g",,1.6,22.86,0,kg,€/Kg,,,https://driveimg1.intermarche.com/pt/Content/images/boitmal/produit/zoom/C0EE5A12F75937ABFCDAF9A5E610D848.jpg,,,2024-10-16T23:59:59.999999999+01:00,PROSPECTUS,9,4,
42519,8001841677231,,Dodot,Fralda cueca T6 | +15 kg,Embalagem com 27 unidades,7.98,7.98,0,,€/Unidade,,,https://driveimg1.intermarche.com/pt/Content/images/boitmal/produit/zoom/14DC2145C7F0EE74A22026D2FA4B4D06.jpg,,,2024-10-16T23:59:59.999999999+01:00,PROSPECTUS,9,4,
4322,3600540623911,50.0,Narta,"Desodorizante Roll'On Invisivel, 50 ml",,2.69,53.8,50,L,€/L,,,https://driveimg1.intermarche.com/pt/Content/images/boitmal/produit/zoom/2548E7F9189B3705E4D8DD9171C395C3.jpg,,,2024-10-16T23:59:59.999999999+01:00,PROSPECTUS,9,4,
4409,3600550266917,200.0,Narta,"Desodorizante spray, protect.5",Embalagem de 200 ml,2.69,13.45,200,L,€/L,,,https://driveimg1.intermarche.com/pt/Content/images/boitmal/produit/zoom/7C71A1978C10610C24EF8E897CF38176.jpg,,,2024-10-16T23:59:59.999999999+01:00,PROSPECTUS,9,4,
46162,3083681106480,400.0,Bonduelle,Salteado parisino,Embalagem de 400g,2.59,6.48,0,kg,€/Kg,,Tipo de stockagem,https://driveimg1.intermarche.com/pt/Content/images/boitmal/produit/zoom/06D3269CF888DEE604E81717FC556DB1.jpg,,,2024-10-16T23:59:59.999999999+01:00,PROSPECTUS,9,4,
49767,5601151969106,1000.0,Frize,Água c/ Gás Ananás,pack 4 x 0.25 l,1.99,1.99,1000,L,€/L,,,https://driveimg1.intermarche.com/pt/Content/images/boitmal/produit/zoom/EE071A8A9B23805FF5594CF8DCE06CD5.jpg,,,2024-10-16T23:59:59.999999999+01:00,PROSPECTUS,9,4,
53215,7613287300423,,Nescafé,"Café Cápsulas Dolce Gusto Buondi, 48 unidades",,13.99,13.99,48,,€/Unidade,,,https://driveimg1.intermarche.com/pt/Content/images/boitmal/produit/zoom/8D8B92EE92A77C536C79B5FADFE86C51.jpg,,,2024-10-16T23:59:59.999999999+01:00,PROSPECTUS,9,4,
5411,5601286277787,500.0,Milaneza,Massa tagliatelle com ovo,Embalagem de 500g,2.05,4.1,0,kg,€/Kg,,,https://driveimg1.intermarche.com/pt/Content/images/boitmal/produit/zoom/9D2DEFC751955A121D3B271EE9946711.jpg,,,2024-10-16T23:59:59.999999999+01:00,PROSPECTUS,9,4,
7183,3010470158047,400.0,Friskies,"Ração para gato júnior com frango, cenoura e leite",Embalagem de 400g,1.86,4.65,0,kg,€/Kg,,,https://driveimg1.intermarche.com/pt/Content/images/boitmal/produit/zoom/AEFE9F8B2C2F7544510CA11893278F9E.jpg,,,2024-10-16T23:59:59.999999999+01:00,PROSPECTUS,9,4,
1224,5601146000104,1000.0,Sagres,Cerveja com álcool,Garrafa de 1 l,1.69,1.69,1000,L,€/L,,,https://driveimg1.intermarche.com/pt/Content/images/boitmal/produit/zoom/61199517C4A36CE8AA54F4F59C81BAB3.jpg,,,2024-10-16T23:59:59.999999999+01:00,PROSPECTUS,9,4,
12521,8712100417474,460.0,Hellmann's,Maionese magra em frasco,Embalagem de 460g,3.14,6.83,0,kg,€/Kg,,,https://driveimg1.intermarche.com/pt/Content/images/boitmal/produit/zoom/A7BCD2CD890AA2348D9DB42E7F0D2DB6.jpg,https://driveimg1.intermarche.com/pt/Content/images/boitmal/produit/zoom/5EE500879C9469898FD1466D95386BB7.jpg,https://driveimg1.intermarche.com/pt/Content/images/boitmal/produit/zoom/5EE500879C9469898FD1466D95386BB7.jpg,2024-10-16T23:59:59.999999999+01:00,PROSPECTUS,9,4,
13201,2893186000000,800.0,Peixaria,Pargo Mulato, 1un = 800 gr (aprox.),5.59,6.99,0,,€/Kg,,,https://driveimg1.intermarche.com/pt/Content/images/boitmal/produit/zoom/E0618151B3B8B33430897B1086A8B8B7.jpg,,,2024-10-16T23:59:59.999999999+01:00,PROSPECTUS,9,4,
14297,5601098045000,125.0,Paiva,Queijo fresco s/ lactose,Embalagem de 130g,1.49,11.92,0,kg,€/Kg,,,https://driveimg1.intermarche.com/pt/Content/images/boitmal/produit/zoom/30CF31A977CB434D222A9033F54EA39F.jpg,,,2024-10-16T23:59:59.999999999+01:00,PROSPECTUS,9,4,
1472,5601286256782,500.0,Milaneza,Massa de ondas,Embalagem de 500g,1.09,2.18,0,kg,€/Kg,,,https://driveimg1.intermarche.com/pt/Content/images/boitmal/produit/zoom/EBEC60CF3C8D752CF3C2E06EF4538599.jpg,,,2024-10-16T23:59:59.999999999+01:00,PROSPECTUS,9,4,
16780,8001480023307,700.0,Neoblanc,Gel WC Flores,Embalagem de 700 ml,1.49,2.13,700,L,€/L,,,https://driveimg1.intermarche.com/pt/Content/images/boitmal/produit/zoom/36FE1E6AC61F30A909B5EBA70E233B3E.jpg,,,2024-10-16T23:59:59.999999999+01:00,PROSPECTUS,9,4,
17115,5000116110155,640.0,Capitão Iglo,8 hamburguers s/ glúten vaca,Embalagem de 640g,7.49,11.7,0,kg,€/Kg,,Tipo de stockagem,https://driveimg1.intermarche.com/pt/Content/images/boitmal/produit/zoom/51D71CE1CBF4D0AAF556325F4A9852DC.jpg,,,2024-10-16T23:59:59.999999999+01:00,PROSPECTUS,9,4,
17897,8001480021440,700.0,Neoblanc,"Lixívia Spray Mousse, 700ml",,2.59,3.7,700,L,€/L,,,https://driveimg1.intermarche.com/pt/Content/images/boitmal/produit/zoom/D240E13A9CD399AA6872F4367C1BA10C.jpg,,,2024-10-16T23:59:59.999999999+01:00,PROSPECTUS,9,4,
19203,5000116110407,240.0,Capitão Iglo,"Hambúrguer de Frango sem Glúten, 240g",,3.99,16.63,0,kg,€/Kg,,Tipo de stockagem,https://driveimg1.intermarche.com/pt/Content/images/boitmal/produit/zoom/8E9C71461D9DE94DD8515EEFAF78594E.jpg,,,2024-10-16T23:59:59.999999999+01:00,PROSPECTUS,9,4,
20100,5601010131279,120.0,Ramirez,Atum ao natural,Embalagem de 120g,1.19,9.92,0,kg,€/Kg,,,https://driveimg1.intermarche.com/pt/Content/images/boitmal/produit/zoom/539B136F387B16A0754FB9CB2659CDDC.jpg,,,2024-10-16T23:59:59.999999999+01:00,PROSPECTUS,9,4,
24378,5601119268029,200.0,Nobre,5 Salsichas soja,Embalagem de 200g,2.39,11.95,0,kg,€/Kg,,,https://driveimg1.intermarche.com/pt/Content/images/boitmal/produit/zoom/97BBC19A41A402E687839695634025E2.jpg,,,2024-10-16T23:59:59.999999999+01:00,PROSPECTUS,9,4,
2450,7310390855160,36.0,Lipton,20 saquetas chá de limão,Embalagem de 40g,1.89,52.5,0,kg,€/Kg,,,https://driveimg1.intermarche.com/pt/Content/images/boitmal/produit/zoom/EE45EF4BD942C014234181D00D407200.jpg,,,2024-10-16T23:59:59.999999999+01:00,PROSPECTUS,9,4,
30854,8436048961515,185.0,Artiach,Dinos cookienss 185g                 *10,Embalagem de 190g,1.84,9.95,0,kg,€/Kg,,,https://driveimg1.intermarche.com/pt/Content/images/boitmal/produit/zoom/E418A1D24BD1237E3139DA658208B51D.jpg,,,2024-10-16T23:59:59.999999999+01:00,PROSPECTUS,9,4,
32408,5601050034967,600.0,Danone,"Danacol aveia,  6 x 100 g",,2.99,4.98,0,kg,€/Kg,,,https://driveimg1.intermarche.com/pt/Content/images/boitmal/produit/zoom/D8B4CB4708653F3D4BB9B148DB6D8336.jpg,,,2024-10-16T23:59:59.999999999+01:00,PROSPECTUS,9,4,
34367,8410022000063,188.0,Donuts,4 donuts bombom,Embalagem de 188 g,2.19,11.65,0,kg,€/Kg,,,https://driveimg1.intermarche.com/pt/Content/images/boitmal/produit/zoom/9CB64B4A336FCB9A509F3CF43640E631.jpg,,,2024-10-16T23:59:59.999999999+01:00,PROSPECTUS,9,4,
37900,5601119305007,210.0,Nobre,Salsicha hot dog,Frasco de 250 g,2.39,11.38,0,kg,€/Kg,,,https://driveimg1.intermarche.com/pt/Content/images/boitmal/produit/zoom/DBE67CEBD33E352115BE3A5E4EBF94C8.jpg,,,2024-10-16T23:59:59.999999999+01:00,PROSPECTUS,9,4,
38312,8410104702663,250.0,Finish,Limpa máquinas de loiça limão,Embalagem com 250 ml,3.99,15.96,250,L,€/L,,,https://driveimg1.intermarche.com/pt/Content/images/boitmal/produit/zoom/9D00E5B8A4B2948FDB414A41D501B929.jpg,,,2024-10-16T23:59:59.999999999+01:00,PROSPECTUS,9,4,
393,8712566173945,70.0,Knorr,Creme marisco,Embalagem de 70g,1.6,22.86,0,kg,€/Kg,,,https://driveimg1.intermarche.com/pt/Content/images/boitmal/produit/zoom/5AC7DB72DD40FCC73A38BA936E17E369.jpg,,,2024-10-16T23:59:59.999999999+01:00,PROSPECTUS,9,4,
40121,8410076481825,185.0,Old El Paso,"Queijo chips, 185g",,2.39,12.92,0,kg,€/Kg,,,https://driveimg1.intermarche.com/pt/Content/images/boitmal/produit/zoom/DEA1516B26F52576858FA0F1943C8F52.jpg,,,2024-10-16T23:59:59.999999999+01:00,PROSPECTUS,9,4,
42518,8001841677194,,Dodot,Fralda cueca T5 | 12 a 17 kg,Embalagem com 30 unidades,7.98,7.98,0,,€/Unidade,,,https://driveimg1.intermarche.com/pt/Content/images/boitmal/produit/zoom/C651C3D83C903BFECFB80C7D96F998E5.jpg,,,2024-10-16T23:59:59.999999999+01:00,PROSPECTUS,9,4,
