identifier,produitEan13,capacite,marque,libelle,conditionnement,prix,unitPrice,volume,typeProduit_uniteByCode,unit_value,pictogrammes_0,pictogrammes_libelleCategorie,images_0,images_1,images_2,images_3,avantages_dateFin,avantages_categorie,nro_paginas,page,images_4,images_5,images_6,images_7
1301,5601151660751,410.0,Compal,"Feijão encarnado, lata de 410ml",,1.09,2.66,410,L,€/L,,,https://driveimg1.intermarche.com/pt/Content/images/boitmal/produit/zoom/8777874F846E4C62B1CDEE04A734A2E1.jpg,,,,2025-07-09T23:59:59.999999999+01:00,PROSPECTUS,12,1,,,,
11688,5601244202318,200.0,Terra Nostra,"Queijo flamengo em fatias, embalagem de 200g",,2.29,11.45,0,kg,€/Kg,,,https://driveimg1.intermarche.com/pt/Content/images/boitmal/produit/zoom/51C5114F8500F311C1E44953A540868A.jpg,,,,2025-07-09T23:59:59.999999999+01:00,PROSPECTUS,12,1,,,,
36704,5604260300655,270.0,PorSi,Atum Posta Ao Natural 385G,,2.67,9.89,0,kg,€/Kg,,,https://driveimg1.intermarche.com/pt/Content/images/boitmal/produit/zoom/6E8F48924D1C68054BF8CC7FA6C97A49.jpg,,,,2025-07-09T23:59:59.999999999+01:00,PROSPECTUS,12,1,,,,
35111,4005900388834,50.0,Nivea Men,"Desodorizante rollon cool kick, 50 ml",,2.69,53.8,50,L,€/L,,,https://driveimg1.intermarche.com/pt/Content/images/boitmal/produit/zoom/691A994E096586847CC8AF87A4722A9D.jpg,,,,2025-07-09T23:59:59.999999999+01:00,PROSPECTUS,12,1,,,,
29834,8712100516467,480.0,Olá,"Gelado cornetto mini clássico, embalagem de 8 x 60 ml",,3.89,8.1,480,L,€/L,,Tipo de stockagem,https://driveimg1.intermarche.com/pt/Content/images/boitmal/produit/zoom/966639A10CEAB2E0B5CACE51C203C362.jpg,,,,2025-07-09T23:59:59.999999999+01:00,PROSPECTUS,12,1,,,,
13966,2696019000000,450.0,Padaria,Pão Regional Rio Maior Inteiro,1 unidade= 450 g,1.09,2.42,0,kg,€/Kg,,,https://driveimg1.intermarche.com/pt/Content/images/boitmal/produit/zoom/868CC38F01B8F1FD056036A7F49504A8.jpg,,,,2025-07-09T23:59:59.999999999+01:00,PROSPECTUS,12,1,,,,
7994,5000204700398,,Raid,"Inseticida, recarga, elétrico, pack 2",1 embalagem com 2x27ml,7.59,7.59,0,,€/Unidade,,,https://driveimg1.intermarche.com/pt/Content/images/boitmal/produit/zoom/14C1FAF83F88740F609DED3B0E2D51E7.jpg,,,,2025-08-06T23:59:59.999999999+01:00,PROSPECTUS,12,1,,,,
14897,2892245000000,4000.0,Fruta,Melancia Riscada,Vendido ao peso | 1 un = 4kg (aprox.),3.96,0.99,0,,€/Kg,,,https://driveimg1.intermarche.com/pt/Content/images/boitmal/produit/zoom/499A6B9B1699D69723890E8129338912.jpg,,,,2025-07-09T23:59:59.999999999+01:00,PROSPECTUS,12,1,,,,
18942,5601989950086,750.0,Monte Velho,"Vinho rosé, região do alentejo, garrafa de 0,75 l",,3.99,5.32,750,L,€/L,,,https://driveimg1.intermarche.com/pt/Content/images/boitmal/produit/zoom/492FA643C4A4901779ACEB329DDE602F.jpg,,,,2025-07-16T23:59:59.999999999+01:00,PROSPECTUS,12,1,,,,
41388,5604260304356,2000.0,PorSi Select,Alimento Seco Gato Pro Esterilizado 2 Kg,,5.99,3.0,0,kg,€/Kg,,,https://driveimg1.intermarche.com/pt/Content/images/boitmal/produit/zoom/8A8341870D185F9B8420300F8DA6DD25.jpg,,,,2025-07-09T23:59:59.999999999+01:00,PROSPECTUS,12,1,,,,
25215,7613035930582,90.0,Nestlé,"Fruta para bebé maçã manga +6 meses, embalagem de 90g",,0.65,7.22,0,kg,€/Kg,,,https://driveimg1.intermarche.com/pt/Content/images/boitmal/produit/zoom/1A0BFDB38CDBA8991FD9074B384368B9.jpg,,,,2025-07-09T23:59:59.999999999+01:00,PROSPECTUS,12,1,,,,
46517,5000204208917,750.0,Pato,"Líquido sanitário ação total pinho, 750 ml",,1.94,2.59,750,L,€/L,,,https://driveimg1.intermarche.com/pt/Content/images/boitmal/produit/zoom/08C17A1F547C898E2E6E9CBB3441BB2A.jpg,,,,2025-07-09T23:59:59.999999999+01:00,PROSPECTUS,12,1,,,,
5272,5601164902312,4800.0,Super Bock,"Cerveja com álcool, pack 24 x 0.20 l",,9.99,2.08,4800,L,€/L,,,https://driveimg1.intermarche.com/pt/Content/images/boitmal/produit/zoom/A98E5FF8E5DDF166F2B333F0EE0114E7.jpg,https://driveimg1.intermarche.com/pt/Content/images/boitmal/produit/zoom/C2C2858ADC421F33AF17C6115D108100.jpg,,,2025-07-16T23:59:59.999999999+01:00,PROSPECTUS,12,1,,,,
54807,5603722521249,604.0,Mimosa,"Iogurte magro liquido frutos tropicais, 4 x 151 ml",,1.49,2.47,604,L,€/L,,,https://driveimg1.intermarche.com/pt/Content/images/boitmal/produit/zoom/C77456F505DA2CCD8DCF28975C13CB45.jpg,,,,2025-07-09T23:59:59.999999999+01:00,PROSPECTUS,12,1,,,,
41120,5029053562858,,Scottex,"Papel Higiénico Húmido Sensitive, embalagem com 66 unidades",,1.99,1.99,0,,€/Unidade,,,https://driveimg1.intermarche.com/pt/Content/images/boitmal/produit/zoom/1F2495DD190EA1A2FC8B6E8523F8FD24.jpg,,,,2025-07-09T23:59:59.999999999+01:00,PROSPECTUS,12,1,,,,
37510,7613036841498,90.0,Nestlé,"Pacote maçã e pêssego, embalagem de 90g",,0.65,7.22,0,kg,€/Kg,,,https://driveimg1.intermarche.com/pt/Content/images/boitmal/produit/zoom/E9135C730A89C3C259880AD7C684D6EF.jpg,,,,2025-07-09T23:59:59.999999999+01:00,PROSPECTUS,12,1,,,,
53262,8711327597761,360.0,Cornetto,"Gelado filipinos, 4 x 90ml",,3.89,10.81,360,L,€/L,,Tipo de stockagem,https://driveimg1.intermarche.com/pt/Content/images/boitmal/produit/zoom/187A9562E86FFB8D917A1C414ECC4EB3.jpg,https://driveimg1.intermarche.com/pt/Content/images/boitmal/produit/zoom/B06A234868C6C8C0E9F6DD974D43ACB2.jpg,https://driveimg1.intermarche.com/pt/Content/images/boitmal/produit/zoom/B06A234868C6C8C0E9F6DD974D43ACB2.jpg,,2025-07-09T23:59:59.999999999+01:00,PROSPECTUS,12,1,,,,
44367,7613036691994,1500.0,Purina One,"Ração para cão mini < 10 kg pele e pêlo de vaca e arroz, de 1,5kg",,7.49,4.99,0,kg,€/Kg,,,https://driveimg1.intermarche.com/pt/Content/images/boitmal/produit/zoom/36E801417FD2037A626C7E6A671C789C.jpg,,,,2025-07-09T23:59:59.999999999+01:00,PROSPECTUS,12,1,,,,
12888,2892090000000,500.0,Fruta,Manga Avião,1 un=500 gr (aprox.),1.95,3.89,0,,€/Kg,,,https://driveimg1.intermarche.com/pt/Content/images/boitmal/produit/zoom/A3E5B8447376E0E91C2C4BB7B1444B76.jpg,https://driveimg1.intermarche.com/pt/Content/images/boitmal/produit/zoom/842EA0C904154D230A3A6F63A245D264.jpg,,,2025-07-09T23:59:59.999999999+01:00,PROSPECTUS,12,1,,,,
44684,8002230000302,700.0,Aperol,"Aperol, 700 ml",,15.49,22.13,700,L,€/L,,,https://driveimg1.intermarche.com/pt/Content/images/boitmal/produit/zoom/86958346780D70B7808604DB5C5938BA.jpg,,,,2025-07-16T23:59:59.999999999+01:00,PROSPECTUS,12,1,,,,
13897,2891053000000,1000.0,Porco,Lombo sem Osso,Vendido ao peso a partir de 1 kg,4.99,4.99,0,,€/Kg,,,https://driveimg1.intermarche.com/pt/Content/images/boitmal/produit/zoom/415564DA70574ED3C1D7475F1F28BDB6.jpg,,,,2025-07-09T23:59:59.999999999+01:00,PROSPECTUS,12,1,,,,
14921,2892534000000,400.0,Legumes,Couve Bróculo,Vendido ao peso,0.8,1.99,0,,€/Kg,,,https://driveimg1.intermarche.com/pt/Content/images/boitmal/produit/zoom/4F48873F332B6ECE759CD88793270811.jpg,,,,2025-07-09T23:59:59.999999999+01:00,PROSPECTUS,12,1,,,,
13817,2892582000000,250.0,Legumes,Pimento Verde,1 un = 250 gr  (aprox.),0.5,1.99,0,,€/Kg,,,https://driveimg1.intermarche.com/pt/Content/images/boitmal/produit/zoom/65E0131049B6BD4E669549F70B795EC0.jpg,,,,2025-07-09T23:59:59.999999999+01:00,PROSPECTUS,12,1,,,,
1844,5604260035847,185.0,PorSi,Batatas Fritas Onduladas Sabor A Presunto 185G,,1.25,6.76,0,kg,€/Kg,,,https://driveimg1.intermarche.com/pt/Content/images/boitmal/produit/zoom/29D2C600CBA2711F31E4BCBC05A9C865.jpg,,,,2025-07-16T23:59:59.999999999+01:00,PROSPECTUS,12,1,,,,
46714,5604260318742,,PorSi,Papel Higiénico Branco 3 Folhas 12 Rolos,,3.79,3.79,0,,€/Unidade,,,https://driveimg1.intermarche.com/pt/Content/images/boitmal/produit/zoom/302F6B4FE48393BA7E5D666ED55E249B.jpg,,,,2025-07-09T23:59:59.999999999+01:00,PROSPECTUS,12,1,,,,
24650,2892247000000,4000.0,Fruta,Melancia,Vendido ao peso | 1 un = 4kg (aprox.),3.96,0.99,0,,€/Kg,,,https://driveimg1.intermarche.com/pt/Content/images/boitmal/produit/zoom/C0453D565ABA4C6B0EAFD737DCA5ED98.jpg,https://driveimg1.intermarche.com/pt/Content/images/boitmal/produit/zoom/DAA9018116B6225E5E4D86EF44FD7710.jpg,,,2025-07-09T23:59:59.999999999+01:00,PROSPECTUS,12,1,,,,
36711,5604260294862,200.0,PorSi,Queijo Edam Fatiado 200G,,1.68,8.4,0,kg,€/Kg,,,https://driveimg1.intermarche.com/pt/Content/images/boitmal/produit/zoom/46DECF3B546FE1C267F5C56013613756.jpg,,,,2025-07-09T23:59:59.999999999+01:00,PROSPECTUS,12,1,,,,
40514,5604260302321,2000.0,PorSi,Ice Tea Pêssego 2L,,1.19,0.6,2000,L,€/L,,,https://driveimg1.intermarche.com/pt/Content/images/boitmal/produit/zoom/119C3CB73CD40DA468E2E6CBB1420B8C.jpg,,,,2025-07-09T23:59:59.999999999+01:00,PROSPECTUS,12,1,,,,
40604,5604260302314,2000.0,PorSi,Ice Tea Manga 2L,,1.19,0.6,2000,L,€/L,,,https://driveimg1.intermarche.com/pt/Content/images/boitmal/produit/zoom/4AC84EA3800E422D34653301FC881DDD.jpg,,,,2025-07-09T23:59:59.999999999+01:00,PROSPECTUS,12,1,,,,
13892,2891041000000,1000.0,Porco,Costeletas do Lombo,Vendido ao peso a partir de 1 kg,4.79,4.79,0,,€/Kg,,,https://driveimg1.intermarche.com/pt/Content/images/boitmal/produit/zoom/589E4AFE71E19AF7FEB32FB0C0E176FF.jpg,,,,2025-07-09T23:59:59.999999999+01:00,PROSPECTUS,12,1,,,,
15052,2892600000000,200.0,Legumes,Tomate Alongado,1 un = 200 gr (aprox.),0.26,1.29,0,,€/Kg,,,https://driveimg1.intermarche.com/pt/Content/images/boitmal/produit/zoom/38D21D4EBC59DA4208AABB9D11AF0901.jpg,,,,2025-07-09T23:59:59.999999999+01:00,PROSPECTUS,12,1,,,,
34240,2892497000000,120.0,Programa Origens,Cebola roxa categoria II,Vendido ao peso,0.19,1.59,0,,€/Kg,,,https://driveimg1.intermarche.com/pt/Content/images/boitmal/produit/zoom/F8F441E981475C78DFA8B7423332B5B4.jpg,,,,2025-07-09T23:59:59.999999999+01:00,PROSPECTUS,12,1,,,,
42152,5604260309009,200.0,PorSi,Tiras De Bacon 2X100G,,1.79,8.95,0,kg,€/Kg,,,https://driveimg1.intermarche.com/pt/Content/images/boitmal/produit/zoom/370FF2BC2013B8923987037050A2F519.jpg,,,,2025-07-09T23:59:59.999999999+01:00,PROSPECTUS,12,1,,,,
13625,2893620000000,300.0,Peixaria,Salmão de viveiro à posta,1 un. = 300 g (aprox.),3.6,11.99,0,,€/Kg,,,https://driveimg1.intermarche.com/pt/Content/images/boitmal/produit/zoom/A170DAF9DE78983CFA7E8DD1EFE6A371.jpg,,,,2025-07-09T23:59:59.999999999+01:00,PROSPECTUS,12,1,,,,
13865,2891042000000,1000.0,Porco,Costeletas do Cachaço,Vendido ao peso a partir de 1 kg,4.89,4.89,0,,€/Kg,,,https://driveimg1.intermarche.com/pt/Content/images/boitmal/produit/zoom/D0D96FA697CD7DF7D0B353E0ED0B1193.jpg,,,,2025-07-09T23:59:59.999999999+01:00,PROSPECTUS,12,1,,,,
13950,2891145000000,100.0,Porco,Salsicha Fresca,1 un = 100 gr (aprox.),0.55,5.49,0,,€/Kg,,,https://driveimg1.intermarche.com/pt/Content/images/boitmal/produit/zoom/2E1CED7EDF010F56C2BF0E6CDF74D52B.jpg,,,,2025-07-16T23:59:59.999999999+01:00,PROSPECTUS,12,1,,,,
15767,2892306000000,150.0,Fruta,Pêssego Vermelho Paraguaio,1 un = 150 gr (aprox.),0.37,2.49,0,,€/Kg,,,https://driveimg1.intermarche.com/pt/Content/images/boitmal/produit/zoom/E985AD8FF876DA419791D2BAC514FA7F.jpg,,,,2025-07-09T23:59:59.999999999+01:00,PROSPECTUS,12,1,,,,
18489,5600744051020,198.0,Saborosa,"Bolacha de manteiga belga com chocolate, embalagem de 200g",,1.64,8.28,0,kg,€/Kg,,,https://driveimg1.intermarche.com/pt/Content/images/boitmal/produit/zoom/96C31A82D017146C1ADBA7AC747D4690.jpg,,,,2025-07-09T23:59:59.999999999+01:00,PROSPECTUS,12,1,,,,
34875,5604260285457,1500.0,PorSi,Maçã golden categoria II Programa Origens,Embalagem de 1.5 kg,1.99,1.33,0,kg,€/Kg,,,https://driveimg1.intermarche.com/pt/Content/images/boitmal/produit/zoom/56695A5FACFB945E46B511CB21214202.jpg,,,,2025-07-09T23:59:59.999999999+01:00,PROSPECTUS,12,1,,,,
40605,5604260302338,2000.0,PorSi,Ice Tea Limão 2L,,1.19,0.6,2000,L,€/L,,,https://driveimg1.intermarche.com/pt/Content/images/boitmal/produit/zoom/34868D91A34DD60975E3414B525E31CF.jpg,,,,2025-07-09T23:59:59.999999999+01:00,PROSPECTUS,12,1,,,,
40750,5604260304165,1000.0,PorSi,Detergente liquido loiça limão,Garrafa de 1 litro,0.89,0.89,1000,L,€/L,,,https://driveimg1.intermarche.com/pt/Content/images/boitmal/produit/zoom/2532D260202FF646D416E5D63E3F4DF5.jpg,,,,2025-07-09T23:59:59.999999999+01:00,PROSPECTUS,12,1,,,,
52356,5604260329922,475.0,PorSi,Pão De Forma Com Côdea 475 G,,0.78,1.64,0,kg,€/Kg,,,https://driveimg1.intermarche.com/pt/Content/images/boitmal/produit/zoom/12A5E6FBC30215161558EAED2BFF0F24.jpg,,,,2025-07-09T23:59:59.999999999+01:00,PROSPECTUS,12,1,,,,
54828,5601164906273,7000.0,Super Bock,"Cerveja, 35 x 20 cl",,11.49,1.64,7000,L,€/L,,,https://driveimg1.intermarche.com/pt/Content/images/boitmal/produit/zoom/3EEAE55F901F69F71712A095227D1F3E.jpg,,,,2025-07-16T23:59:59.999999999+01:00,PROSPECTUS,12,1,,,,
8396,5601049614330,250.0,Milhafre,"Manteiga com sal, embalagem de 250g",,2.19,8.76,0,kg,€/Kg,,,https://driveimg1.intermarche.com/pt/Content/images/boitmal/produit/zoom/8DCB9F2F3B36086D35B7173891ABA268.jpg,,,,2025-07-09T23:59:59.999999999+01:00,PROSPECTUS,12,1,,,,
11925,5603089002221,200.0,Parmalat,"Nata uht para culinária, embalagem de 200 ml",,0.99,4.95,200,L,€/L,,,https://driveimg1.intermarche.com/pt/Content/images/boitmal/produit/zoom/6D33922CAD380AFD4F287905CBB6BE3F.jpg,,,,2025-07-09T23:59:59.999999999+01:00,PROSPECTUS,12,1,,,,
12519,8712100417054,416.0,HellmannS,"Maionese, frasco, embalagem de 420g",,2.99,7.19,0,kg,€/Kg,,,https://driveimg1.intermarche.com/pt/Content/images/boitmal/produit/zoom/6AB870EF622544FC82599432CC32DE9B.jpg,https://driveimg1.intermarche.com/pt/Content/images/boitmal/produit/zoom/6731B805B2B4B445CCCFD0D614219E37.jpg,https://driveimg1.intermarche.com/pt/Content/images/boitmal/produit/zoom/6731B805B2B4B445CCCFD0D614219E37.jpg,https://driveimg1.intermarche.com/pt/Content/images/boitmal/produit/zoom/6731B805B2B4B445CCCFD0D614219E37.jpg,2025-07-09T23:59:59.999999999+01:00,PROSPECTUS,12,1,,,,
13915,2891249000000,2000.0,Peru,Perna com Osso,Vendido ao peso,8.78,4.39,0,,€/Kg,,,https://driveimg1.intermarche.com/pt/Content/images/boitmal/produit/zoom/EA6C55F440DB29FDE55EB019973B1FE5.jpg,,,,2025-07-09T23:59:59.999999999+01:00,PROSPECTUS,12,1,,,,
15060,2892453000000,1000.0,Programa Origens,Abóbora Butternut,1 un = 1 kg (aprox.),0.99,0.99,0,,€/Kg,,,https://driveimg1.intermarche.com/pt/Content/images/boitmal/produit/zoom/B52C2C8A1B11C26BA2F358A3355C1A17.jpg,,,,2025-07-09T23:59:59.999999999+01:00,PROSPECTUS,12,1,,,,
2265,5604260269853,175.0,PorSi,Batatas Fritas Lisas Receita Camponesa 175G,,1.18,6.74,0,kg,€/Kg,,,https://driveimg1.intermarche.com/pt/Content/images/boitmal/produit/zoom/447E18276F99BABAF787DD69D7608562.jpg,,,,2025-07-16T23:59:59.999999999+01:00,PROSPECTUS,12,1,,,,
25883,5449000008763,1500.0,Fanta,"Refrigerante com gás laranja, garrafa de 1,5 l",,0.99,0.66,1500,L,€/L,,,https://driveimg1.intermarche.com/pt/Content/images/boitmal/produit/zoom/FC51AAD13F2C3DD9969EDD9F1221FFFF.jpg,,,,2025-07-09T23:59:59.999999999+01:00,PROSPECTUS,12,1,,,,
27629,5604260282845,500.0,PorSi,Iogurte Natural 4X125G,,0.75,1.5,0,kg,€/Kg,,,https://driveimg1.intermarche.com/pt/Content/images/boitmal/produit/zoom/4C81FD0AD483BCDBB41B470432B5F2B0.jpg,,,,2025-07-09T23:59:59.999999999+01:00,PROSPECTUS,12,1,,,,
42618,5604260296316,720.0,PorSi,Cone Baunilha 6X120Ml,,2.69,3.74,720,L,€/L,,Tipo de stockagem,https://driveimg1.intermarche.com/pt/Content/images/boitmal/produit/zoom/0D744C1A4C3053518BB18818D4770BC9.jpg,,,,2025-07-09T23:59:59.999999999+01:00,PROSPECTUS,12,1,,,,
46715,5604260318759,,PorSi,Papel Higiénico Branco 4 Folhas 12 Rolos,,4.49,4.49,0,,€/Unidade,,,https://driveimg1.intermarche.com/pt/Content/images/boitmal/produit/zoom/71B84E02290AD35D82ACC6CF2D01690A.jpg,,,,2025-07-09T23:59:59.999999999+01:00,PROSPECTUS,12,1,,,,
5243,5601151170755,410.0,Compal,"Feijão preto, lata de 410 ml",,1.09,2.66,410,L,€/L,,,https://driveimg1.intermarche.com/pt/Content/images/boitmal/produit/zoom/DF73EAA1B2C44B1F4CECF535DE17EB7C.jpg,,,,2025-07-09T23:59:59.999999999+01:00,PROSPECTUS,12,1,,,,
974,5601024105051,3000.0,Fula,Óleo alimentar,Embalagem 3L,5.85,1.95,3000,L,€/L,,,https://driveimg1.intermarche.com/pt/Content/images/boitmal/produit/zoom/D641E1D4A518E21E0D8C212FCA92F32A.jpg,,,,2025-07-09T23:59:59.999999999+01:00,PROSPECTUS,12,1,,,,
13956,2891205000000,50.0,Porco,Salsicha Brasileira,1 un = 50 gr (aprox.),0.27,5.49,0,,€/Kg,,,https://driveimg1.intermarche.com/pt/Content/images/boitmal/produit/zoom/F6298C19D94A9653E5F3E3E4F0DEBFCF.jpg,,,,2025-07-16T23:59:59.999999999+01:00,PROSPECTUS,12,1,,,,
1426,5601255312112,1000.0,Caçarola,"Arroz carolino, embalagem de 1kg",,1.19,1.19,0,kg,€/Kg,,,https://driveimg1.intermarche.com/pt/Content/images/boitmal/produit/zoom/947C9C91099FF9E267C19F6B97A6C031.jpg,,,,2025-07-09T23:59:59.999999999+01:00,PROSPECTUS,12,1,,,,
18488,5600744051013,220.0,Saborosa,"Bolacha de manteiga belga original, embalagem de 220g",,1.59,7.23,0,kg,€/Kg,,,https://driveimg1.intermarche.com/pt/Content/images/boitmal/produit/zoom/435E3C8EAE2EA4A45A8BB3A81B14CF20.jpg,,,,2025-07-09T23:59:59.999999999+01:00,PROSPECTUS,12,1,,,,
22395,8712100745614,412.0,HellmannS,"Mionese top down, embalagem de 410g",,2.99,7.26,0,kg,€/Kg,,,https://driveimg1.intermarche.com/pt/Content/images/boitmal/produit/zoom/69FC39D7436E837B71E260D76DC0DC69.jpg,https://driveimg1.intermarche.com/pt/Content/images/boitmal/produit/zoom/8441A970BF19CB238C08CCCD9712CAB2.jpg,https://driveimg1.intermarche.com/pt/Content/images/boitmal/produit/zoom/8441A970BF19CB238C08CCCD9712CAB2.jpg,https://driveimg1.intermarche.com/pt/Content/images/boitmal/produit/zoom/8441A970BF19CB238C08CCCD9712CAB2.jpg,2025-07-09T23:59:59.999999999+01:00,PROSPECTUS,12,1,,,,
25262,5000116112166,208.0,Capitão Iglo,"10 nuggets de frango, embalagem de 210g",,2.99,14.38,0,kg,€/Kg,,Tipo de stockagem,https://driveimg1.intermarche.com/pt/Content/images/boitmal/produit/zoom/CF1467DF1CD91C352F5C2C303E0557A7.jpg,,,,2025-07-09T23:59:59.999999999+01:00,PROSPECTUS,12,1,,,,
36186,8715700017006,570.0,Heinz,"Ketchup top down, 570g",,3.24,5.68,0,kg,€/Kg,,,https://driveimg1.intermarche.com/pt/Content/images/boitmal/produit/zoom/61C6EABD68232C332B75678207D54C3E.jpg,,,,2025-07-16T23:59:59.999999999+01:00,PROSPECTUS,12,1,,,,
38934,5601164863217,500.0,Somersby,"Sidra de maçã, lata de 500 ml",,1.25,2.5,500,L,€/L,,,https://driveimg1.intermarche.com/pt/Content/images/boitmal/produit/zoom/A3D6F4DDF9AFF4F9F8F47269DBD60191.jpg,,,,2025-07-16T23:59:59.999999999+01:00,PROSPECTUS,12,1,,,,
42810,5604260296255,400.0,PorSi,Colosse Cho.Br/Fr.Ver.4X100Ml,,1.99,4.98,400,L,€/L,,Tipo de stockagem,https://driveimg1.intermarche.com/pt/Content/images/boitmal/produit/zoom/D99179A0DE2A0BF18FB1BBD540D91045.jpg,,,,2025-07-09T23:59:59.999999999+01:00,PROSPECTUS,12,1,,,,
42813,5604260296309,720.0,PorSi,Cone Morango/Baun. 6X120Ml,,2.69,3.74,720,L,€/L,,Tipo de stockagem,https://driveimg1.intermarche.com/pt/Content/images/boitmal/produit/zoom/C07B870D37DAF3E7A47DF136C218FB5E.jpg,,,,2025-07-09T23:59:59.999999999+01:00,PROSPECTUS,12,1,,,,
49545,2706799000000,1100.0,PorSi,Frango aberto para churrasco,Embalagem com 1.1 kg (aprox.),3.83,3.48,0,,€/Kg,,,https://driveimg1.intermarche.com/pt/Content/images/boitmal/produit/zoom/60684C48E5570F56CA28A1727B0F160B.jpg,,,,2025-07-16T23:59:59.999999999+01:00,PROSPECTUS,12,1,,,,
54632,5603722523045,1000.0,Gresso,"Leite UHT Meio Gordo, 1L",,0.87,0.87,1000,L,€/L,,,https://driveimg1.intermarche.com/pt/Content/images/boitmal/produit/zoom/ECF816693AC2579C9FB595FD8ABD96D7.jpg,,,,2025-07-09T23:59:59.999999999+01:00,PROSPECTUS,12,1,,,,
5894,5604260227570,6000.0,Kingsbräu,"Cerveja 24X0,25L",,8.59,1.43,6000,L,€/L,,,https://driveimg1.intermarche.com/pt/Content/images/boitmal/produit/zoom/5DEA580DD99DE706787081D6054A670F.jpg,,,,2025-07-16T23:59:59.999999999+01:00,PROSPECTUS,12,1,,,,
11464,5601018003400,1000.0,Matinal,"Leite seleccionado meio gordo, de 1l",,1.0,1.0,1000,L,€/L,,,https://driveimg1.intermarche.com/pt/Content/images/boitmal/produit/zoom/5F34056BF2D07C9D39E218B31081D1FC.jpg,,,,2025-07-09T23:59:59.999999999+01:00,PROSPECTUS,12,1,,,,
13048,2893561000000,250.0,Marisco,Ameijoa Branca Vietnamita Congelada,Vendido a partir de 250 gr  (aprox.),0.5,1.99,0,,€/Kg,,Avantages !,https://driveimg1.intermarche.com/pt/Content/images/boitmal/produit/zoom/EB1BC296FF41180E6F3E1626AD4F78AA.jpg,,,,2025-07-09T23:59:59.999999999+01:00,PROSPECTUS,12,1,,,,
1326,5601164113701,500.0,Super Bock,"Cerveja com álcool, lata, garrafa de 500 ml",,0.85,1.7,500,L,€/L,,,https://driveimg1.intermarche.com/pt/Content/images/boitmal/produit/zoom/0AB2770B97F8A4B3E443129A7F4E33FA.jpg,,,,2025-07-16T23:59:59.999999999+01:00,PROSPECTUS,12,1,,,,
14947,2891215000000,150.0,Frango,Espetadas,1 un= 150 gr (aprox.),1.15,7.69,0,,€/Kg,,,https://driveimg1.intermarche.com/pt/Content/images/boitmal/produit/zoom/FE13AA549ADEC08AA2FF877D2299FBFE.jpg,,,,2025-07-16T23:59:59.999999999+01:00,PROSPECTUS,12,1,,,,
16505,8001010085454,280.0,Ponti,"Tomate seco, embalagem de 280g",,2.39,8.54,0,kg,€/Kg,,,https://driveimg1.intermarche.com/pt/Content/images/boitmal/produit/zoom/2298F19E576B3259C716C3773AA1D96D.jpg,,,,2025-07-09T23:59:59.999999999+01:00,PROSPECTUS,12,1,,,,
23353,5000116112197,375.0,Capitão Iglo,"18 nuggets de frango, embalagem de 380g",,4.99,13.31,0,kg,€/Kg,,Tipo de stockagem,https://driveimg1.intermarche.com/pt/Content/images/boitmal/produit/zoom/F26C89B365D9DC17E138C74AB049DE6B.jpg,,,,2025-07-09T23:59:59.999999999+01:00,PROSPECTUS,12,1,,,,
2458,7613031423583,625.0,Nestlé,Cereais nesquik,Embalagem de 625g,3.24,5.18,0,kg,€/Kg,,,https://driveimg1.intermarche.com/pt/Content/images/boitmal/produit/zoom/154B8C74F4EECBF4F38F20B4618C4981.jpg,,,,2025-07-09T23:59:59.999999999+01:00,PROSPECTUS,12,1,,,,
24811,5604260276363,600.0,PorSi,Gelado Sandw.Nata/Choc.6X100Ml,,2.99,4.98,600,L,€/L,,Tipo de stockagem,https://driveimg1.intermarche.com/pt/Content/images/boitmal/produit/zoom/E32BF05E787615CAC3DCF287D228BF70.jpg,,,,2025-07-09T23:59:59.999999999+01:00,PROSPECTUS,12,1,,,,
25068,8715700423852,560.0,Heinz,Ketchup menos sal e açucares,Embalagem de 560g,3.24,5.79,0,kg,€/Kg,,,https://driveimg1.intermarche.com/pt/Content/images/boitmal/produit/zoom/643B7D3C7E6184C42BB65F3C1C4B7F40.jpg,,,,2025-07-16T23:59:59.999999999+01:00,PROSPECTUS,12,1,,,,
25861,5603722509759,800.0,Mimosa,"Leite com chocolate, embalagem de 4 x 200 ml",,1.56,1.95,800,L,€/L,,,https://driveimg1.intermarche.com/pt/Content/images/boitmal/produit/zoom/4FE9754297F54084EBC31D72FBB55E4F.jpg,,,,2025-07-09T23:59:59.999999999+01:00,PROSPECTUS,12,1,,,,
31551,8414100333241,250.0,Schweppes,"Schweppes tónica zero, garrafa de 250 ml",,0.72,2.88,250,L,€/L,,,https://driveimg1.intermarche.com/pt/Content/images/boitmal/produit/zoom/4DBFD7A80C20CF9D74FFDE40B52421E2.jpg,,,,2025-07-09T23:59:59.999999999+01:00,PROSPECTUS,12,1,,,,
33884,2893837000000,1500.0,Peixaria,Peixe espada preto inteiro,Vendido ao peso,11.99,7.99,0,,€/Kg,,,https://driveimg1.intermarche.com/pt/Content/images/boitmal/produit/zoom/0C1CA3DE6B16A13335042AAFE1F612D6.jpg,,,,2025-07-09T23:59:59.999999999+01:00,PROSPECTUS,12,1,,,,
36170,5604260295654,1000.0,PorSi,Batata pré-frita palito,Embalagem de 1 kg,1.99,1.99,0,kg,€/Kg,,Tipo de stockagem,https://driveimg1.intermarche.com/pt/Content/images/boitmal/produit/zoom/CF4C3E7B4CE8656CEB5876B96DD4C997.jpg,,,,2025-07-09T23:59:59.999999999+01:00,PROSPECTUS,12,1,,,,
40749,5604260304158,1000.0,PorSi,Detergente liquido loiça clássico,Garrafa de 1 litro,0.89,0.89,1000,L,€/L,,,https://driveimg1.intermarche.com/pt/Content/images/boitmal/produit/zoom/AF2F1189F25F58E20EE8C7BA2141119A.jpg,,,,2025-07-09T23:59:59.999999999+01:00,PROSPECTUS,12,1,,,,
44936,8711327318373,540.0,Olá,"Cornetto clássico, embalagem de 6 x 90 ml",,3.29,6.09,540,L,€/L,,Tipo de stockagem,https://driveimg1.intermarche.com/pt/Content/images/boitmal/produit/zoom/375352E817B7CDAB1DA63F9C8C8FF261.jpg,,,,2025-07-09T23:59:59.999999999+01:00,PROSPECTUS,12,1,,,,
48766,8722700231998,525.0,Olá,"Gelado calippo cola, 5 x 105 ml",,2.99,5.7,525,L,€/L,,Tipo de stockagem,https://driveimg1.intermarche.com/pt/Content/images/boitmal/produit/zoom/FB3E50854D288187B03A79CB54A90499.jpg,,,,2025-07-09T23:59:59.999999999+01:00,PROSPECTUS,12,1,,,,
51781,5604260327652,1000.0,PorSi,Iogurte Líquido Morango 1Kg/ 944Ml,,1.59,1.59,0,kg,€/Kg,,,https://driveimg1.intermarche.com/pt/Content/images/boitmal/produit/zoom/CC88AAD4451E8700447A902943123884.jpg,,,,2025-07-09T23:59:59.999999999+01:00,PROSPECTUS,12,1,,,,
52794,8001585008094,225.0,Balconi,"Bolachas wafers de chocolate e avelã, 5x45g",,1.74,7.73,0,kg,€/Kg,,,https://driveimg1.intermarche.com/pt/Content/images/boitmal/produit/zoom/9C663442253C57A9BDF40B976F2C690F.jpg,,,,2025-07-09T23:59:59.999999999+01:00,PROSPECTUS,12,1,,,,
53295,8414100301240,1000.0,Schweppes,"Água Tónica Regular Zero, garrafa de 1l",,1.65,1.65,1000,L,€/L,,,https://driveimg1.intermarche.com/pt/Content/images/boitmal/produit/zoom/25F21BC2F18171F01E270025DBAA2EDD.jpg,https://driveimg1.intermarche.com/pt/Content/images/boitmal/produit/zoom/AEC285B8796F6030DCD987BA7BB072F4.jpg,https://driveimg1.intermarche.com/pt/Content/images/boitmal/produit/zoom/AEC285B8796F6030DCD987BA7BB072F4.jpg,,2025-07-09T23:59:59.999999999+01:00,PROSPECTUS,12,1,,,,
54775,8711327639874,480.0,Cornetto,"4 gelados brigadeiro, 480 ml",,3.89,8.1,480,L,€/L,,Tipo de stockagem,https://driveimg1.intermarche.com/pt/Content/images/boitmal/produit/zoom/962707DE4486454556D51C1A705EA1C2.jpg,,,,2025-07-09T23:59:59.999999999+01:00,PROSPECTUS,12,1,,,,
55263,8445291133372,220.0,Sical,"Café Moído Moagem Universal Tradição Int 11, 220g",,3.35,15.23,0,kg,€/Kg,,,https://driveimg1.intermarche.com/pt/Content/images/boitmal/produit/zoom/2C71B4BE8C62CE03863B42CCFD75F09E.jpg,,,,2025-07-09T23:59:59.999999999+01:00,PROSPECTUS,12,1,,,,
939,5601001315107,200.0,Nestlé,"Mistura solúvel tofina despertar, embalagem de 200g",,2.89,14.45,0,kg,€/Kg,,,https://driveimg1.intermarche.com/pt/Content/images/boitmal/produit/zoom/CC5A47735407D4C3B415883C0C674337.jpg,,,,2025-07-09T23:59:59.999999999+01:00,PROSPECTUS,12,1,,,,
978,5601024134136,750.0,Oliveira da Serra,Azeite,Embalagem de 750 ml,3.99,5.32,750,L,€/L,,,https://driveimg1.intermarche.com/pt/Content/images/boitmal/produit/zoom/9CC9A85673AA0BF0B09481F106398AA6.jpg,,,,2025-07-09T23:59:59.999999999+01:00,PROSPECTUS,12,1,,,,
1140,5601082026909,55.0,Delta Q,Cápsulas de café delta qualidus,Embalagem de 60g,4.99,90.73,0,kg,€/Kg,,,https://driveimg1.intermarche.com/pt/Content/images/boitmal/produit/zoom/441EE69B99F521CFEC78FC743837C36E.jpg,,,,2025-07-09T23:59:59.999999999+01:00,PROSPECTUS,12,1,,,,
1187,5601119007963,120.0,Nobre,"6 salsichas de porco, lata de 120g",,1.19,9.92,0,kg,€/Kg,,,https://driveimg1.intermarche.com/pt/Content/images/boitmal/produit/zoom/024D21F90F760BFDC12CBD7EB02BECC6.jpg,,,,2025-07-09T23:59:59.999999999+01:00,PROSPECTUS,12,1,,,,
1196,5601119942608,200.0,Nobre,"Salsichas de aves, lata de 200g",,1.59,7.95,0,kg,€/Kg,,,https://driveimg1.intermarche.com/pt/Content/images/boitmal/produit/zoom/C3D289F4C441D4785985F7C225CA4543.jpg,,,,2025-07-09T23:59:59.999999999+01:00,PROSPECTUS,12,1,,,,
12730,3415581113938,460.0,Häagen-Dazs,"Gelado belgian chocolate, embalagem de 460 ml",,5.79,12.59,460,L,€/L,,Tipo de stockagem,https://driveimg1.intermarche.com/pt/Content/images/boitmal/produit/zoom/CB20015B48979081B87C643EC17BED75.jpg,,,,2025-07-09T23:59:59.999999999+01:00,PROSPECTUS,12,1,,,,
1279,5601151123362,1000.0,Bongo,"Néctar de 8 frutos, garrafa de 1l",,1.35,1.35,1000,L,€/L,,,https://driveimg1.intermarche.com/pt/Content/images/boitmal/produit/zoom/DDDD7150C72E25EE2FF7F3F4EC28BE9B.jpg,,,,2025-07-09T23:59:59.999999999+01:00,PROSPECTUS,12,1,,,,
1287,5601151260753,410.0,Compal,"Grão de bico, lata de 410 ml",,1.09,2.66,410,L,€/L,,,https://driveimg1.intermarche.com/pt/Content/images/boitmal/produit/zoom/731C3C517063722402F07A7D8ECB2B92.jpg,,,,2025-07-09T23:59:59.999999999+01:00,PROSPECTUS,12,1,,,,
13112,2893091000000,400.0,Peixaria,Chicharro Fresco,1 un= 400 g (aprox.),2.4,5.99,0,,€/Kg,,,https://driveimg1.intermarche.com/pt/Content/images/boitmal/produit/zoom/FB568BCCF7F0742E8CF1174087C1CF25.jpg,,,,2025-07-09T23:59:59.999999999+01:00,PROSPECTUS,12,1,,,,
13561,2893555000000,400.0,Peixaria,Red Fish Congelado,,1.8,4.49,0,,€/Kg,,Avantages !,https://driveimg1.intermarche.com/pt/Content/images/boitmal/produit/zoom/6B51C5A0022242B4A2691EFB27EE24DC.jpg,,,,2025-07-09T23:59:59.999999999+01:00,PROSPECTUS,12,1,,,,
14641,5603722513879,1500.0,Pleno,"Tisana de chá verde/limão light, de 1,5 l",,1.59,1.06,1500,L,€/L,,,https://driveimg1.intermarche.com/pt/Content/images/boitmal/produit/zoom/F6BF791EA11EAC23396FF6DFA2CA04B8.jpg,,,,2025-07-09T23:59:59.999999999+01:00,PROSPECTUS,12,1,,,,
14903,2892152000000,250.0,Fruta,Alperce,Vendido a partir de 250 gr,0.72,2.89,0,,€/Kg,,,https://driveimg1.intermarche.com/pt/Content/images/boitmal/produit/zoom/48C77A4910DEACBCDF01D24B88EFD40C.jpg,,,,2025-07-09T23:59:59.999999999+01:00,PROSPECTUS,12,1,,,,
15979,5601119242364,650.0,Nobre,"Salsichas de aves extra suculentas, frasco de 650g",,2.23,3.43,0,kg,€/Kg,,,https://driveimg1.intermarche.com/pt/Content/images/boitmal/produit/zoom/F9B3EEFB29AFDD46B059DC76A73501AE.jpg,,,,2025-07-09T23:59:59.999999999+01:00,PROSPECTUS,12,2,,,,
16105,5601146703463,7500.0,Sagres,"Cerveja com álcool, pack 30 x 0.25 l",,13.85,1.85,7500,L,€/L,,,https://driveimg1.intermarche.com/pt/Content/images/boitmal/produit/zoom/03A5259A936839E6AA1FD95014E0E2CF.jpg,,,,2025-07-16T23:59:59.999999999+01:00,PROSPECTUS,12,2,,,,
1680,5602711001625,1000.0,Rar,"Açúcar areado amarelo, embalagem de 1kg",,1.44,1.44,0,kg,€/Kg,,,https://driveimg1.intermarche.com/pt/Content/images/boitmal/produit/zoom/939DA938A8E29956A82E9882A2E704A7.jpg,,,,2025-07-09T23:59:59.999999999+01:00,PROSPECTUS,12,2,,,,
2250,5604260267699,330.0,Kingsbräu,"Cerveja Lata 0,33L",,0.38,1.15,330,L,€/L,,,https://driveimg1.intermarche.com/pt/Content/images/boitmal/produit/zoom/127155D3A5FEC751B6FBF1A24B762F45.jpg,,,,2025-07-16T23:59:59.999999999+01:00,PROSPECTUS,12,2,,,,
2749,8410063046532,350.0,Pescanova,"Miolo de camarão 80/100, embalagem de 350g",,6.99,19.97,0,kg,€/Kg,,Tipo de stockagem,https://driveimg1.intermarche.com/pt/Content/images/boitmal/produit/zoom/0EA75135180DC26543A97F342303334A.jpg,,,,2025-07-09T23:59:59.999999999+01:00,PROSPECTUS,12,2,,,,
28610,5604260272099,720.0,PorSi,Salsichas Bockwurst Frasco 8 Unidades,,5.99,8.32,0,kg,€/Kg,,,https://driveimg1.intermarche.com/pt/Content/images/boitmal/produit/zoom/0A0406022087C08A984483E22FDBE86D.jpg,,,,2025-07-09T23:59:59.999999999+01:00,PROSPECTUS,12,2,,,,
29374,5601146530304,500.0,Bandida do Pomar,"Sidra maçã, lata de 500 ml",,1.19,2.38,500,L,€/L,,,https://driveimg1.intermarche.com/pt/Content/images/boitmal/produit/zoom/BCB2E29A160CFF6D3AE7FEB90426D1E6.jpg,,,,2025-07-16T23:59:59.999999999+01:00,PROSPECTUS,12,2,,,,
29899,2696008000000,,Padaria,Bola Rústica,85 g,0.27,0.27,0,,€/Unidade,,,https://driveimg1.intermarche.com/pt/Content/images/boitmal/produit/zoom/06C705452DA793A390CC49C0690F6BDD.jpg,,,,2025-07-09T23:59:59.999999999+01:00,PROSPECTUS,12,2,,,,
300,0011210000889,60.0,Tabasco,Molho picante,Garrafa de 60 ml,2.37,39.5,60,L,€/L,,,https://driveimg1.intermarche.com/pt/Content/images/boitmal/produit/zoom/513E7907BD2D93422664E790FE0A1850.jpg,,,,2025-07-16T23:59:59.999999999+01:00,PROSPECTUS,12,2,,,,
32545,5601119261402,180.0,Nobre,"Salsichas de aves cocktail, lata de 180g",,1.89,10.5,0,kg,€/Kg,,,https://driveimg1.intermarche.com/pt/Content/images/boitmal/produit/zoom/6ECD962C9294DE9D5B22F94D8DE001C0.jpg,,,,2025-07-09T23:59:59.999999999+01:00,PROSPECTUS,12,2,,,,
33090,5411188112709,1000.0,Alpro,"Bebida amêndoa torrada sem açúcar, embalagem de 1litro",,2.59,2.59,1000,L,€/L,,,https://driveimg1.intermarche.com/pt/Content/images/boitmal/produit/zoom/66C6488BDB769AFC2D2A2697199C34D6.jpg,,,,2025-07-09T23:59:59.999999999+01:00,PROSPECTUS,12,2,,,,
35559,5601151973738,3500.0,Pepsi,"Refrigerante com gás max zero, pack de 2 x 1.75 l",,2.69,0.77,3500,L,€/L,,,https://driveimg1.intermarche.com/pt/Content/images/boitmal/produit/zoom/698445C2558FCB105ECA616759C001D7.jpg,,,,2025-07-09T23:59:59.999999999+01:00,PROSPECTUS,12,2,,,,
4110,3250393073519,2500.0,Kings Bräu,Panaché,"Embalagem de 10x0,25 l",4.15,1.66,2500,L,€/L,,,https://driveimg1.intermarche.com/pt/Content/images/boitmal/produit/zoom/A0EFEDCB6E5DA2E10AAC3EACED5D0AFB.jpg,,,,2025-07-16T23:59:59.999999999+01:00,PROSPECTUS,12,2,,,,
41121,5029053036151,,Scottex,"Papel Higiénico Húmido fresh, embalagem com 74 unidades",,1.99,1.99,0,,€/Unidade,,,https://driveimg1.intermarche.com/pt/Content/images/boitmal/produit/zoom/C3950416692767A75D861E18C38C6E2D.jpg,,,,2025-07-09T23:59:59.999999999+01:00,PROSPECTUS,12,2,,,,
41139,5604260303878,150.0,PorSi,Batatas Fritas Onduladas Sabor A Ovo Frito Com Presunto 150G,,1.39,9.27,0,kg,€/Kg,,,https://driveimg1.intermarche.com/pt/Content/images/boitmal/produit/zoom/82386744EC2CC073B945DC9C52B67321.jpg,,,,2025-07-16T23:59:59.999999999+01:00,PROSPECTUS,12,2,,,,
41895,5000116125784,220.0,Capitão Iglo,"12 nuggets frango polme americano, embalagem de 220g",,3.49,15.86,0,kg,€/Kg,,Tipo de stockagem,https://driveimg1.intermarche.com/pt/Content/images/boitmal/produit/zoom/E342C1C812C93A809F88301C9A1AFE84.jpg,,,,2025-07-09T23:59:59.999999999+01:00,PROSPECTUS,12,2,,,,
42619,5604260296330,720.0,PorSi,Cone Chocolate 6X120Ml,,2.69,3.74,720,L,€/L,,Tipo de stockagem,https://driveimg1.intermarche.com/pt/Content/images/boitmal/produit/zoom/0283AAD86A86257B8D35D9BF8B00F167.jpg,,,,2025-07-09T23:59:59.999999999+01:00,PROSPECTUS,12,2,,,,
43719,5604260312313,450.0,PorSi,Mist. Frutos Exoticos 450G,,2.99,6.64,0,kg,€/Kg,,Tipo de stockagem,https://driveimg1.intermarche.com/pt/Content/images/boitmal/produit/zoom/29016CD4E3CFB1CF21ED9B36ADF36932.jpg,,,,2025-07-16T23:59:59.999999999+01:00,PROSPECTUS,12,2,,,,
44351,5604260315697,400.0,PorSi,Hambúrgueres De Novilho 400 G,,4.99,12.48,0,kg,€/Kg,,,https://driveimg1.intermarche.com/pt/Content/images/boitmal/produit/zoom/E779911F1889640C1045E57E0C7E319A.jpg,,,,2025-07-09T23:59:59.999999999+01:00,PROSPECTUS,12,2,,,,
44419,5604260312306,750.0,PorSi,Frutos Vermelhos 750G,,3.19,4.25,0,kg,€/Kg,,Tipo de stockagem,https://driveimg1.intermarche.com/pt/Content/images/boitmal/produit/zoom/785A65F9402578C3254D4412BB4E0CE5.jpg,,,,2025-07-16T23:59:59.999999999+01:00,PROSPECTUS,12,2,,,,
44701,5053990156009,175.0,Pringles,"Snacks batata original, embalagem de 175g",,2.99,17.09,0,kg,€/Kg,,,https://driveimg1.intermarche.com/pt/Content/images/boitmal/produit/zoom/BE87AADF1BA674A5818FDF008937F90A.jpg,https://driveimg1.intermarche.com/pt/Content/images/boitmal/produit/zoom/843E1395B62C4B40E91467CF90852642.jpg,https://driveimg1.intermarche.com/pt/Content/images/boitmal/produit/zoom/843E1395B62C4B40E91467CF90852642.jpg,https://driveimg1.intermarche.com/pt/Content/images/boitmal/produit/zoom/843E1395B62C4B40E91467CF90852642.jpg,2025-07-09T23:59:59.999999999+01:00,PROSPECTUS,12,2,,,,
44702,5053990155354,175.0,Pringles,"Snacks batata sour cream & onion, embalagem de 175g",,2.99,17.09,0,kg,€/Kg,,,https://driveimg1.intermarche.com/pt/Content/images/boitmal/produit/zoom/0C0E56E5BC42C468A1D6A594D5BD0C63.jpg,https://driveimg1.intermarche.com/pt/Content/images/boitmal/produit/zoom/3743B152C095FACA5BB155343DC8A7EE.jpg,https://driveimg1.intermarche.com/pt/Content/images/boitmal/produit/zoom/3743B152C095FACA5BB155343DC8A7EE.jpg,https://driveimg1.intermarche.com/pt/Content/images/boitmal/produit/zoom/3743B152C095FACA5BB155343DC8A7EE.jpg,2025-07-09T23:59:59.999999999+01:00,PROSPECTUS,12,2,https://driveimg1.intermarche.com/pt/Content/images/boitmal/produit/zoom/3743B152C095FACA5BB155343DC8A7EE.jpg,,,
46882,5604260319824,,PorSi,Papel Higiénico Branco Talco 3 Folhas 12 Rolos,,4.99,4.99,0,,€/Unidade,,,https://driveimg1.intermarche.com/pt/Content/images/boitmal/produit/zoom/3FFC2D730C4EDC9A29F53A5EEAAF4D75.jpg,,,,2025-07-09T23:59:59.999999999+01:00,PROSPECTUS,12,2,,,,
47934,5604260319565,96.0,PorSi,Cápsulas Café Splendido Cdgx16,,3.95,41.15,0,kg,€/Kg,,,https://driveimg1.intermarche.com/pt/Content/images/boitmal/produit/zoom/55CCF612142A42C8831C49805F97F920.jpg,,,,2025-07-09T23:59:59.999999999+01:00,PROSPECTUS,12,2,,,,
49359,5601146700066,6000.0,Sagres,"Cerveja com álcool, pack 24 x 0.25 l",,9.99,1.67,6000,L,€/L,,,https://driveimg1.intermarche.com/pt/Content/images/boitmal/produit/zoom/67C6D1253BB0D82F02E1633DF741EA25.jpg,https://driveimg1.intermarche.com/pt/Content/images/boitmal/produit/zoom/B2E3D57423A20C8E7B4C1173F1457C2E.jpg,,,2025-07-16T23:59:59.999999999+01:00,PROSPECTUS,12,2,,,,
49475,5601146570027,3750.0,Sagres,"Cerveja com álcool, pack 15 x 25 cl",,7.99,2.13,3750,L,€/L,,,https://driveimg1.intermarche.com/pt/Content/images/boitmal/produit/zoom/6F54A04F24F5E288DCF8E2FC9D030060.jpg,,,,2025-07-16T23:59:59.999999999+01:00,PROSPECTUS,12,2,,,,
49829,7613287800497,190.0,Naturnes,"Nutrição infantil bio cenoura e tomate com peru, boião de 190g",,1.99,10.47,0,kg,€/Kg,,,https://driveimg1.intermarche.com/pt/Content/images/boitmal/produit/zoom/E0B20FF43E1DFEF29042637F94293785.jpg,,,,2025-07-09T23:59:59.999999999+01:00,PROSPECTUS,12,2,,,,
49848,5601146700011,1500.0,Sagres,"Cerveja com álcool Branca, 6x0.25l",,3.74,2.49,1500,L,€/L,,,https://driveimg1.intermarche.com/pt/Content/images/boitmal/produit/zoom/7DD63AF461A2001B6593334CAE40B609.jpg,,,,2025-07-16T23:59:59.999999999+01:00,PROSPECTUS,12,2,,,,
50630,5603722521461,1208.0,Mimosa,"Iogurte magro liquido de ananas e manga, 8x151ml",,2.89,2.39,1208,L,€/L,,,https://driveimg1.intermarche.com/pt/Content/images/boitmal/produit/zoom/391469C60827762112BDD90CD5A7ACC1.jpg,,,,2025-07-09T23:59:59.999999999+01:00,PROSPECTUS,12,2,,,,
50658,7622201724443,150.0,Philadelphia,Queijo creme philadelphia light 150g,,1.79,11.93,0,kg,€/Kg,,,https://driveimg1.intermarche.com/pt/Content/images/boitmal/produit/zoom/8FABEA35481B05FDB647E4BD69595A1D.jpg,,,,2025-07-09T23:59:59.999999999+01:00,PROSPECTUS,12,2,,,,
5119,5601066200073,1000.0,Nacional,Farinha p/ bolos extra fina,Embalagem de 1 kg,0.99,0.99,0,kg,€/Kg,,,https://driveimg1.intermarche.com/pt/Content/images/boitmal/produit/zoom/CAC064713C07BACF659239959FBD0E0D.jpg,,,,2025-07-09T23:59:59.999999999+01:00,PROSPECTUS,12,2,,,,
51387,8410104913779,224.0,Air Wick,"Ambientador recarga active fresh lavanda e lírio, 224 ml",,5.99,26.74,224,L,€/L,,,https://driveimg1.intermarche.com/pt/Content/images/boitmal/produit/zoom/76765BD2400C8838C8377F3EC0871886.jpg,,,,2025-07-09T23:59:59.999999999+01:00,PROSPECTUS,12,2,,,,
51978,5600744051457,198.0,Saborosa,"Bolacha belgas red velvet, embalagem de 198g",,1.79,9.04,0,kg,€/Kg,,,https://driveimg1.intermarche.com/pt/Content/images/boitmal/produit/zoom/24A5A4F6F89B1A1D040BB1FEACE78EF6.jpg,,,,2025-07-09T23:59:59.999999999+01:00,PROSPECTUS,12,2,,,,
52299,3023290072035,160.0,Lindahls,"Iogurte sólido proteico morango lima, embalagem de 160 g",,0.99,6.19,0,kg,€/Kg,,,https://driveimg1.intermarche.com/pt/Content/images/boitmal/produit/zoom/3FA8DBA052D28654C7C833F137C987A5.jpg,,,,2025-07-09T23:59:59.999999999+01:00,PROSPECTUS,12,2,,,,
52600,5601217137951,1710.0,Quanto,"Amaciador roupa concentrado ouro e orquídea branca, 95 doses",,3.99,2.33,1710,L,€/L,,,https://driveimg1.intermarche.com/pt/Content/images/boitmal/produit/zoom/D5BBE20226E42754DBBAD723FC764C65.jpg,,,,2025-07-09T23:59:59.999999999+01:00,PROSPECTUS,12,2,,,,
52601,5601217137944,1710.0,Quanto,"Amaciador roupa concentrado rubi e jasmim, 95 doses",,3.99,2.33,1710,L,€/L,,,https://driveimg1.intermarche.com/pt/Content/images/boitmal/produit/zoom/F98E5B67EBAD53610C2B7527547160F8.jpg,,,,2025-07-09T23:59:59.999999999+01:00,PROSPECTUS,12,2,,,,
5273,5601164902343,7920.0,Super Bock,"Cerveja com álcool, pack 24 x 0.33 l",,17.49,2.21,7920,L,€/L,,,https://driveimg1.intermarche.com/pt/Content/images/boitmal/produit/zoom/B20818C9DD1836C39491D27565F038C6.jpg,,,,2025-07-16T23:59:59.999999999+01:00,PROSPECTUS,12,2,,,,
52882,8719200267923,1000.0,Planta,"Creme vegetal de barrar com sabor a manteiga, 1 kg",,4.99,4.99,0,kg,€/Kg,,,https://driveimg1.intermarche.com/pt/Content/images/boitmal/produit/zoom/7FA2022C1B0ECE643B6D5766E124CAA0.jpg,https://driveimg1.intermarche.com/pt/Content/images/boitmal/produit/zoom/CA359583CDC4B85860A9620A14431005.jpg,https://driveimg1.intermarche.com/pt/Content/images/boitmal/produit/zoom/CA359583CDC4B85860A9620A14431005.jpg,https://driveimg1.intermarche.com/pt/Content/images/boitmal/produit/zoom/CA359583CDC4B85860A9620A14431005.jpg,2025-07-09T23:59:59.999999999+01:00,PROSPECTUS,12,2,,,,
53561,8006540836255,,Dodot,"Toalhitas Bebé Aqua Pure 0% Plástico, 144 unidades",,4.69,4.69,144,,€/Unidade,,,https://driveimg1.intermarche.com/pt/Content/images/boitmal/produit/zoom/9142F4475E7EF3378B360790325BDEDA.jpg,,,,2025-07-09T23:59:59.999999999+01:00,PROSPECTUS,12,2,,,,
53942,5603722523298,1000.0,Matinal,"Bebida de leite sem lactose livre, 1l",,1.25,1.25,1000,L,€/L,,,https://driveimg1.intermarche.com/pt/Content/images/boitmal/produit/zoom/3F3F185EBF624903AC3031EAC11A6631.jpg,,,,2025-07-09T23:59:59.999999999+01:00,PROSPECTUS,12,2,,,,
54361,8410104915186,,Finish,"Detergente Loiça Máquina Quantum Limão, 28 Pastilhas",,5.99,5.99,0,,€/Unidade,,,https://driveimg1.intermarche.com/pt/Content/images/boitmal/produit/zoom/AF6445EE2B2537230E8784866A377CB3.jpg,,,,2025-07-09T23:59:59.999999999+01:00,PROSPECTUS,12,2,,,,
54633,5603722523052,1000.0,Gresso,"Leite Uht Magro, 1L",,0.87,0.87,1000,L,€/L,,,https://driveimg1.intermarche.com/pt/Content/images/boitmal/produit/zoom/62FAA0AA671FC5B53B3DDBACCC92B900.jpg,,,,2025-07-09T23:59:59.999999999+01:00,PROSPECTUS,12,2,,,,
54669,5000116128754,200.0,Iglo,"Cordon bleu, 200g",,3.99,19.95,0,kg,€/Kg,,Tipo de stockagem,https://driveimg1.intermarche.com/pt/Content/images/boitmal/produit/zoom/9A94E635EDF0DAF7EF8F166E06599C57.jpg,,,,2025-07-09T23:59:59.999999999+01:00,PROSPECTUS,12,2,,,,
54727,5603722522314,1000.0,Pleno,"Bebida vegetal de coco, 1 litro",,1.79,1.79,1000,L,€/L,,,https://driveimg1.intermarche.com/pt/Content/images/boitmal/produit/zoom/DA208E773CD7F886D7DE7CF43C4BE0CA.jpg,,,,2025-07-09T23:59:59.999999999+01:00,PROSPECTUS,12,2,,,,
54802,5603722521539,604.0,Mimosa,"Iogurte liquido morango, 4 x 151 ml",,1.39,2.3,604,L,€/L,,,https://driveimg1.intermarche.com/pt/Content/images/boitmal/produit/zoom/FB51425211E1948B683D88C51AE1A4C5.jpg,,,,2025-07-09T23:59:59.999999999+01:00,PROSPECTUS,12,2,,,,
55185,5601151963869,410.0,Compal,"Lentilhas Cozidas, 410g",,1.49,3.63,0,kg,€/Kg,,,https://driveimg1.intermarche.com/pt/Content/images/boitmal/produit/zoom/EF5BD1BEC2A2D5B65F9A2DBB0455AB3E.jpg,,,,2025-07-09T23:59:59.999999999+01:00,PROSPECTUS,12,2,,,,
55526,8436048965520,120.0,Artiach,"Bolachas Filipinos Chocolate Branco, 120g",,1.49,12.42,0,kg,€/Kg,,,https://driveimg1.intermarche.com/pt/Content/images/boitmal/produit/zoom/35327E82E374714AC1B41A1D1D6B708F.jpg,,,,2025-07-09T23:59:59.999999999+01:00,PROSPECTUS,12,2,,,,
5772,5604260025275,200.0,PorSi,Fiambre Extra Fatiado 200G,,1.99,9.95,0,kg,€/Kg,,,https://driveimg1.intermarche.com/pt/Content/images/boitmal/produit/zoom/3B7831E12BFDD22B7C9801E5C6E0914F.jpg,,,,2025-07-09T23:59:59.999999999+01:00,PROSPECTUS,12,2,,,,
5977,5604260274086,,PorSi,Acendalhas Brancas - 32 Unidades,,0.99,0.99,0,,€/Unidade,,,https://driveimg1.intermarche.com/pt/Content/images/boitmal/produit/zoom/5D848885F4F58352BFD5FA139BD7FC0A.jpg,https://driveimg1.intermarche.com/pt/Content/images/boitmal/produit/zoom/1FFF9F1373872F7DE961EE146FD1DAB4.jpg,https://driveimg1.intermarche.com/pt/Content/images/boitmal/produit/zoom/1FFF9F1373872F7DE961EE146FD1DAB4.jpg,,2025-08-06T23:59:59.999999999+01:00,PROSPECTUS,12,2,,,,
6818,8712566118625,390.0,Olá,"Gelado supermaxi, embalagem de 6 x 65 ml",,2.99,7.67,390,L,€/L,,Tipo de stockagem,https://driveimg1.intermarche.com/pt/Content/images/boitmal/produit/zoom/35BED764F4AC2EA1C9F5BA3B815AD204.jpg,https://driveimg1.intermarche.com/pt/Content/images/boitmal/produit/zoom/C78EEEF4719F48D1D9E8F75D0F700815.jpg,https://driveimg1.intermarche.com/pt/Content/images/boitmal/produit/zoom/C78EEEF4719F48D1D9E8F75D0F700815.jpg,https://driveimg1.intermarche.com/pt/Content/images/boitmal/produit/zoom/C78EEEF4719F48D1D9E8F75D0F700815.jpg,2025-07-09T23:59:59.999999999+01:00,PROSPECTUS,12,2,,,,
7045,2894077000000,150.0,Sicasal,Fiambre da perna extra,1 un = 150 gr (aprox.),2.1,13.99,0,,€/Kg,,,https://driveimg1.intermarche.com/pt/Content/images/boitmal/produit/zoom/82C0788AD7B4E3579327CF0BA79E6B02.jpg,,,,2025-07-09T23:59:59.999999999+01:00,PROSPECTUS,12,2,,,,
8068,5011417544679,400.0,Finish,Abrilhantador p/ máquina de lavar loiça,Garrafa de 400 ml,4.99,12.48,400,L,€/L,,,https://driveimg1.intermarche.com/pt/Content/images/boitmal/produit/zoom/5D045CC65EE222532216DB5B0BF2A582.jpg,,,,2025-07-09T23:59:59.999999999+01:00,PROSPECTUS,12,2,,,,
8391,5601049159992,1000.0,Mimosa,"Leite especial cálcio + vitamina d magro, de 1l",,1.0,1.0,1000,L,€/L,,,https://driveimg1.intermarche.com/pt/Content/images/boitmal/produit/zoom/22E6964D6A2F2B922BCB40BB341AE902.jpg,,,,2025-07-09T23:59:59.999999999+01:00,PROSPECTUS,12,2,,,,
9692,5604260270644,1000.0,Monique Ranou,Lasanha Bolonhesa 1K,,4.49,4.49,0,kg,€/Kg,,,https://driveimg1.intermarche.com/pt/Content/images/boitmal/produit/zoom/595A20D8C881F56034BBF0051C161610.jpg,,,,2025-07-09T23:59:59.999999999+01:00,PROSPECTUS,12,2,,,,
10161,8410199030900,85.0,LayS,"Aperitivos 3ds cones, embalagem de 90g",,1.19,14.0,0,kg,€/Kg,,,https://driveimg1.intermarche.com/pt/Content/images/boitmal/produit/zoom/CABD9E02E15FE0A39A1EB6AA89751DFE.jpg,,,,2025-07-09T23:59:59.999999999+01:00,PROSPECTUS,12,2,,,,
10274,8410436242172,1100.0,Sonasol,"Lava Tudo Brilhante Floral, embalagem 1,1l",,2.79,2.54,1100,L,€/L,,,https://driveimg1.intermarche.com/pt/Content/images/boitmal/produit/zoom/01F5925CB3ADDDABA2B9F66C7D55728C.jpg,,,,2025-07-09T23:59:59.999999999+01:00,PROSPECTUS,12,2,,,,
10823,2895063000000,250.0,Castelões,Queijo Curado kg,1 un = 250 gr  (aprox.),2.62,10.49,0,,€/Kg,,,https://driveimg1.intermarche.com/pt/Content/images/boitmal/produit/zoom/75B6363D9B6BD363EA11623977BF1CB2.jpg,,,,2025-07-09T23:59:59.999999999+01:00,PROSPECTUS,12,2,,,,
1102,5601066200080,1000.0,Nacional,"Farinha rainha com fermento, embalagem de 1000g",,1.15,1.15,0,kg,€/Kg,,,https://driveimg1.intermarche.com/pt/Content/images/boitmal/produit/zoom/1F46A8407AE2757268DF4DF863DF2CF4.jpg,,,,2025-07-09T23:59:59.999999999+01:00,PROSPECTUS,12,2,,,,
1108,5601066300087,500.0,Nacional,"Massa de cotovelinhos, embalagem de 500g",,0.89,1.78,0,kg,€/Kg,,,https://driveimg1.intermarche.com/pt/Content/images/boitmal/produit/zoom/85D4AC87404986F6E33A67AEEDC0D0E8.jpg,,,,2025-07-09T23:59:59.999999999+01:00,PROSPECTUS,12,2,,,,
1114,5601066300780,500.0,Nacional,"Massa de maçarrão riscado, embalagem de 500g",,0.89,1.78,0,kg,€/Kg,,,https://driveimg1.intermarche.com/pt/Content/images/boitmal/produit/zoom/6E823110DFCFAB922E5CE2EEC9376131.jpg,,,,2025-07-09T23:59:59.999999999+01:00,PROSPECTUS,12,2,,,,
1120,5601066301718,500.0,Nacional,"Massa de espirais, embalagem de 500g",,0.89,1.78,0,kg,€/Kg,,,https://driveimg1.intermarche.com/pt/Content/images/boitmal/produit/zoom/B50E4B0B2C4856A819A2FF672D887104.jpg,,,,2025-07-09T23:59:59.999999999+01:00,PROSPECTUS,12,2,,,,
1141,5601082026930,55.0,Delta Q,Cápsulas de café qharacter,Embalagem de 60g,4.99,90.73,0,kg,€/Kg,,,https://driveimg1.intermarche.com/pt/Content/images/boitmal/produit/zoom/ED78713935358B06CEC6FAE9E6288EA3.jpg,,,,2025-07-09T23:59:59.999999999+01:00,PROSPECTUS,12,2,,,,
1146,5601082027029,55.0,Delta Q,Café em cápsulas deqafeitatus,Embalagem de 55 g,4.79,87.09,0,kg,€/Kg,,,https://driveimg1.intermarche.com/pt/Content/images/boitmal/produit/zoom/245DF90A4F20DF617A9331E6A54D24B0.jpg,,,,2025-07-09T23:59:59.999999999+01:00,PROSPECTUS,12,2,,,,
11612,5601164824478,1980.0,Super Bock,"Cerveja sem álcool, preta, pack 6 x 0.33 l",,4.49,2.27,1980,L,€/L,,,https://driveimg1.intermarche.com/pt/Content/images/boitmal/produit/zoom/5C26E13A4E57323C65850675F100133E.jpg,,,,2025-07-16T23:59:59.999999999+01:00,PROSPECTUS,12,2,,,,
11613,5601164864467,1320.0,Somersby,"Sidra maçã, pack 4 x 0.33 l",,3.89,2.95,1320,L,€/L,,,https://driveimg1.intermarche.com/pt/Content/images/boitmal/produit/zoom/F0118862B10C3F3FD894ACFE7A34A6C9.jpg,,,,2025-07-16T23:59:59.999999999+01:00,PROSPECTUS,12,2,,,,
11672,5601217126399,1650.0,Woolite,Detergente líquido p/ máquina lavar roupa cores escuras,"Garrafa de 1,65 l",6.99,4.24,1650,L,€/L,,,https://driveimg1.intermarche.com/pt/Content/images/boitmal/produit/zoom/FC5980949C1223101DAEB813C8710D22.jpg,,,,2025-07-09T23:59:59.999999999+01:00,PROSPECTUS,12,2,,,,
1188,5601119007970,200.0,Nobre,"Salsichas de porco, lata de 200g",,1.59,7.95,0,kg,€/Kg,,,https://driveimg1.intermarche.com/pt/Content/images/boitmal/produit/zoom/F480FC52D56464F3C1B867155F4A37B9.jpg,,,,2025-07-09T23:59:59.999999999+01:00,PROSPECTUS,12,2,,,,
1218,5601126039148,1000.0,Sical,"Café 5 estrelas grão, embalagem de 1 kg",,15.39,15.39,0,kg,€/Kg,,,https://driveimg1.intermarche.com/pt/Content/images/boitmal/produit/zoom/F30913D07FB49FD462FB35C8623DC586.jpg,https://driveimg1.intermarche.com/pt/Content/images/boitmal/produit/zoom/352FFCFAE868D5178905BD9725C43B6E.jpg,,,2025-07-09T23:59:59.999999999+01:00,PROSPECTUS,12,2,,,,
12468,8435250439584,256.0,Nestlé,"Iogurte mix in smarties morango, embalagem de 2 x 128 g",,2.09,8.16,0,kg,€/Kg,,,https://driveimg1.intermarche.com/pt/Content/images/boitmal/produit/zoom/546EB338CC6149CC0CDDECE6E5ABF48D.jpg,,,,2025-07-09T23:59:59.999999999+01:00,PROSPECTUS,12,2,,,,
1274,5601151070758,410.0,Compal,"Feijão manteiga, lata de 410 ml",,1.09,2.66,410,L,€/L,,,https://driveimg1.intermarche.com/pt/Content/images/boitmal/produit/zoom/F168BC675838A1B24B473123F714EAB2.jpg,,,,2025-07-09T23:59:59.999999999+01:00,PROSPECTUS,12,2,,,,
1285,5601151160060,410.0,Compal,"Ervilhas, lata com 410 ml",,1.09,2.66,410,L,€/L,,,https://driveimg1.intermarche.com/pt/Content/images/boitmal/produit/zoom/5A637F1F1A9D6D5D73CF74D3CBF9A0F4.jpg,,,,2025-07-09T23:59:59.999999999+01:00,PROSPECTUS,12,2,,,,
12980,2892466000000,400.0,Legumes,Alface Roxa,1 un= 400 g (aprox.),0.8,1.99,0,,€/Kg,,,https://driveimg1.intermarche.com/pt/Content/images/boitmal/produit/zoom/5BFEDD87729314DA8B88C6E7E4982E19.jpg,,,,2025-07-09T23:59:59.999999999+01:00,PROSPECTUS,12,2,,,,
13529,2893521000000,1000.0,Peixaria,Pescada do Chile Congelada Nº3,1 un= 1 kg (aprox.),8.99,8.99,0,,€/Kg,,Avantages !,https://driveimg1.intermarche.com/pt/Content/images/boitmal/produit/zoom/40D57D35BBDBDF72027C959F41A6E90C.jpg,,,,2025-07-09T23:59:59.999999999+01:00,PROSPECTUS,12,2,,,,
13541,2893533000000,250.0,Congelado de Aquicultura,Camarão Congelado 60/80,1 un = 250 gr  (aprox.),2.0,7.99,0,,€/Kg,,Avantages !,https://driveimg1.intermarche.com/pt/Content/images/boitmal/produit/zoom/29A2DFA509FFDAFCD18E7F308BD753B4.jpg,,,,2025-07-09T23:59:59.999999999+01:00,PROSPECTUS,12,2,,,,
13582,2893577000000,400.0,Peixaria,Solha Congelada,,2.28,5.69,0,,€/Kg,,Avantages !,https://driveimg1.intermarche.com/pt/Content/images/boitmal/produit/zoom/09CD29C77ECA15BC59D0A288B72C20B4.jpg,,,,2025-07-09T23:59:59.999999999+01:00,PROSPECTUS,12,2,,,,
13895,2891047000000,150.0,Porco,Espetadas,1 un = 150 gr (aprox.),0.97,6.49,0,,€/Kg,,,https://driveimg1.intermarche.com/pt/Content/images/boitmal/produit/zoom/1E16755CED294E905F3A5B2727B27D5F.jpg,,,,2025-07-16T23:59:59.999999999+01:00,PROSPECTUS,12,2,,,,
13957,2891233000000,100.0,Aves,Salsicha Fresca de Aves,1 un = 100 gr (aprox.),0.55,5.49,0,,€/Kg,,,https://driveimg1.intermarche.com/pt/Content/images/boitmal/produit/zoom/9A6B7B21AB27619CD3F26BA987D543CD.jpg,,,,2025-07-16T23:59:59.999999999+01:00,PROSPECTUS,12,2,,,,
13977,2696106000000,,Pastelaria,Folhado de Maçã,1 unidade= 100 g,0.89,0.89,0,,€/Unidade,,,https://driveimg1.intermarche.com/pt/Content/images/boitmal/produit/zoom/C92497D9C6A75CD832651E848AF344C3.jpg,,,,2025-07-09T23:59:59.999999999+01:00,PROSPECTUS,12,2,,,,
14301,5000116105199,1125.0,Iglo,"Ervilhas, embalagem de 1,125 kg",,4.99,4.44,0,kg,€/Kg,,Tipo de stockagem,https://driveimg1.intermarche.com/pt/Content/images/boitmal/produit/zoom/2A12D381A70EA524D1800DAB02CBAB7B.jpg,,,,2025-07-09T23:59:59.999999999+01:00,PROSPECTUS,12,2,,,,
14344,3387390406719,150.0,Nestlé,"Barras de cereais nesquik, embalagem de 150g",,2.39,15.93,0,kg,€/Kg,,,https://driveimg1.intermarche.com/pt/Content/images/boitmal/produit/zoom/4878F7C89F5570C091D36337F3638AB8.jpg,,,,2025-07-09T23:59:59.999999999+01:00,PROSPECTUS,12,2,,,,
15473,5601517360363,450.0,Paladin,"Ketchup à Portuguesa Top Down sem Glúten, 450g",Garrafa de 450 ml,2.09,4.64,450,L,€/L,,,https://driveimg1.intermarche.com/pt/Content/images/boitmal/produit/zoom/C22D205E9E2345D19F4509DFE2C3ED6E.jpg,,,,2025-07-09T23:59:59.999999999+01:00,PROSPECTUS,12,2,,,,
15566,8410063056180,250.0,Pescanova,"Miolo camarão, 250g",,6.99,27.96,0,kg,€/Kg,,Tipo de stockagem,https://driveimg1.intermarche.com/pt/Content/images/boitmal/produit/zoom/BEE1FF3586E000AD085B4D38C7ACD034.jpg,,,,2025-07-09T23:59:59.999999999+01:00,PROSPECTUS,12,2,,,,
1571,5601517380026,250.0,Paladin,"Mostarda, top down",Embalagem de 250g,1.55,6.2,0,kg,€/Kg,,,https://driveimg1.intermarche.com/pt/Content/images/boitmal/produit/zoom/357AFCC703B6B016C884652F438C5614.jpg,,,,2025-07-09T23:59:59.999999999+01:00,PROSPECTUS,12,2,,,,
15810,3094900059593,75.0,Aquafresh,Pasta Dentífrica Menta Suave,Embalagem de 75 ml,1.84,24.53,75,L,€/L,,,https://driveimg1.intermarche.com/pt/Content/images/boitmal/produit/zoom/23BC1431AAB789532FD2967AA69D21DC.jpg,,,,2025-07-09T23:59:59.999999999+01:00,PROSPECTUS,12,2,,,,
16042,8410022000025,200.0,Donuts,Donuts classic,Embalagem de 200g,2.19,10.95,0,kg,€/Kg,,,https://driveimg1.intermarche.com/pt/Content/images/boitmal/produit/zoom/E1B9DB77B40B4B4B4AC4E69C7559B6D6.jpg,,,,2025-07-09T23:59:59.999999999+01:00,PROSPECTUS,12,2,,,,
16045,8410793023841,1500.0,Estrela Damm,"Cerveja branca, pack 6 x 0.25 l",,3.99,2.66,1500,L,€/L,,,https://driveimg1.intermarche.com/pt/Content/images/boitmal/produit/zoom/06DB2DF6CA3095832DCB8AD24ECFADF6.jpg,,,,2025-07-16T23:59:59.999999999+01:00,PROSPECTUS,12,2,,,,
16567,5000116110070,750.0,Iglo,"Esparregado de espinafres, embalagem de 750g",,3.49,4.65,0,kg,€/Kg,,Tipo de stockagem,https://driveimg1.intermarche.com/pt/Content/images/boitmal/produit/zoom/F70E4F5A76F097E6E455FB2FF67D9B6F.jpg,,,,2025-07-09T23:59:59.999999999+01:00,PROSPECTUS,12,2,,,,
16709,0084380957444,284.0,St.Dalfour,"Doce morango, 284g",,3.29,11.58,0,kg,€/Kg,,,https://driveimg1.intermarche.com/pt/Content/images/boitmal/produit/zoom/61555B9F51FA532591CD912C10EA99EF.jpg,,,,2025-07-09T23:59:59.999999999+01:00,PROSPECTUS,12,2,,,,
16780,8001480023307,700.0,Neoblanc,Gel WC Flores,Embalagem de 700 ml,1.49,2.13,700,L,€/L,,,https://driveimg1.intermarche.com/pt/Content/images/boitmal/produit/zoom/5D87D2909856E8874A999239B80A7102.jpg,,,,2025-07-09T23:59:59.999999999+01:00,PROSPECTUS,12,2,,,,
18161,5601164884465,1320.0,Somersby,Sidra frutos vermelhos,pack 4 x 0.33 l,3.89,2.95,1320,L,€/L,,,https://driveimg1.intermarche.com/pt/Content/images/boitmal/produit/zoom/507246A606E1CB1D17B01F2DC7199F50.jpg,,,,2025-07-16T23:59:59.999999999+01:00,PROSPECTUS,12,2,,,,
1862,5604260042340,185.0,PorSi,Batatas Fritas Onduladas Com Sabor A Churrasco 185G,,1.34,7.24,0,kg,€/Kg,,,https://driveimg1.intermarche.com/pt/Content/images/boitmal/produit/zoom/3A22AAF9574AA89A9DE8627F4B492DC1.jpg,,,,2025-07-16T23:59:59.999999999+01:00,PROSPECTUS,12,2,,,,
18841,5601070000140,500.0,Cristal,"Vinagre de vinho tinto, garrafa de 500 ml",,1.13,2.26,500,L,€/L,,,https://driveimg1.intermarche.com/pt/Content/images/boitmal/produit/zoom/65AC8A7F4F6F2DE3D7B8C7A5CA2AA682.jpg,,,,2025-07-09T23:59:59.999999999+01:00,PROSPECTUS,12,2,,,,
18842,5601070000508,500.0,Cristal,"Vinagre vinho branco 500ml, garrafa de 500 ml",,1.09,2.18,500,L,€/L,,,https://driveimg1.intermarche.com/pt/Content/images/boitmal/produit/zoom/BF40408BEDD92487320D96D1D241D8F5.jpg,,,,2025-07-09T23:59:59.999999999+01:00,PROSPECTUS,12,2,,,,
19608,7613035376861,90.0,Nestlé,Fruta para bebé maçã cenoura manga +6 meses,Embalagem de 90g,0.65,7.22,0,kg,€/Kg,,,https://driveimg1.intermarche.com/pt/Content/images/boitmal/produit/zoom/E13C913249530CE7ED9D191950EA3924.jpg,,,,2025-07-09T23:59:59.999999999+01:00,PROSPECTUS,12,2,,,,
20086,4015400930891,,Dodot,Fraldas Activity Extra  T4 |9-15 kg,52 Unidade,14.99,14.99,0,,€/Unidade,,,https://driveimg1.intermarche.com/pt/Content/images/boitmal/produit/zoom/F45A3C493E023F2F1FF7128E45FBB887.jpg,,,,2025-07-09T23:59:59.999999999+01:00,PROSPECTUS,12,2,,,,
20087,4015400884859,,Dodot,Fraldas Activity Extra T5 |13-19 kg,48 Unidade,14.99,14.99,0,,€/Unidade,,,https://driveimg1.intermarche.com/pt/Content/images/boitmal/produit/zoom/AF260D8B657312FD61F377D27C623BA6.jpg,https://driveimg1.intermarche.com/pt/Content/images/boitmal/produit/zoom/5067C7115A77A89878B9ACE972357728.jpg,https://driveimg1.intermarche.com/pt/Content/images/boitmal/produit/zoom/5067C7115A77A89878B9ACE972357728.jpg,https://driveimg1.intermarche.com/pt/Content/images/boitmal/produit/zoom/5067C7115A77A89878B9ACE972357728.jpg,2025-07-09T23:59:59.999999999+01:00,PROSPECTUS,12,2,,,,
2010,5604260127320,300.0,PorSi,Mini Rissois De Carne 300G,,2.29,7.63,0,kg,€/Kg,,Tipo de stockagem,https://driveimg1.intermarche.com/pt/Content/images/boitmal/produit/zoom/42A54F6F1748C2ADE7D49FFEEA1280AC.jpg,,,,2025-07-09T23:59:59.999999999+01:00,PROSPECTUS,12,2,,,,
20263,5000116110889,180.0,Iglo,"Crocantes de frango original, embalagem de 180g",,3.99,22.17,0,kg,€/Kg,,Tipo de stockagem,https://driveimg1.intermarche.com/pt/Content/images/boitmal/produit/zoom/9B2BC0EEC5724C42D02D0AAA44CCBB50.jpg,,,,2025-07-09T23:59:59.999999999+01:00,PROSPECTUS,12,2,,,,
20438,5601119250833,160.0,Nobre,"Salsichas de peru, lata de 160g",,1.89,11.81,0,kg,€/Kg,,,https://driveimg1.intermarche.com/pt/Content/images/boitmal/produit/zoom/80BBF28730DB663941EA7F0C7476DA2E.jpg,https://driveimg1.intermarche.com/pt/Content/images/boitmal/produit/zoom/01A1F1801A838AF8D0A446CB4DE55577.jpg,,,2025-07-09T23:59:59.999999999+01:00,PROSPECTUS,12,2,,,,
20656,8410706010340,280.0,Pasquier,"Tortitas Pancakes, 8 unidades",Embalagem de 280 g,2.34,8.36,0,kg,€/Kg,,,https://driveimg1.intermarche.com/pt/Content/images/boitmal/produit/zoom/18715CA5AD12CD538B04E335490DB157.jpg,,,,2025-07-09T23:59:59.999999999+01:00,PROSPECTUS,12,2,,,,
21442,5600744051051,198.0,Saborosa,"Bolacha de manteiga belga com chocolate branco, embalagem de 198 g",,1.79,9.04,0,kg,€/Kg,,,https://driveimg1.intermarche.com/pt/Content/images/boitmal/produit/zoom/95634BC2CC50F334D4F0AE7BB19F8AC6.jpg,,,,2025-07-09T23:59:59.999999999+01:00,PROSPECTUS,12,3,,,,
21767,7613035487871,90.0,Nestlé,"Fruta para bebé multifrutas +4 meses, embalagem de 90g",,0.65,7.22,0,kg,€/Kg,,,https://driveimg1.intermarche.com/pt/Content/images/boitmal/produit/zoom/1B1A7DCEC52C23E2760C4FE3A24A75EE.jpg,,,,2025-07-09T23:59:59.999999999+01:00,PROSPECTUS,12,3,,,,
22320,5606669092100,700.0,Brasmar,Salada de Marisco,Embalagem de 700 g,7.59,10.84,0,kg,€/Kg,,Tipo de stockagem,https://driveimg1.intermarche.com/pt/Content/images/boitmal/produit/zoom/241E140617E20CE491D638D40A0F244A.jpg,,,,2025-07-09T23:59:59.999999999+01:00,PROSPECTUS,12,3,,,,
22338,8715700422084,400.0,Heinz,Maionese top down de 400 ml,,2.46,6.15,400,L,€/L,,,https://driveimg1.intermarche.com/pt/Content/images/boitmal/produit/zoom/612634FE8A5F525F53CC12FEFDCD73F6.jpg,,,,2025-07-16T23:59:59.999999999+01:00,PROSPECTUS,12,3,,,,
22413,7613035314375,125.0,Nestlé,"Tablete de chocolate preto, embalagem de 130g",,2.59,20.72,0,kg,€/Kg,,,https://driveimg1.intermarche.com/pt/Content/images/boitmal/produit/zoom/A4ECB1D77E989339C34579161CBA1AC6.jpg,,,,2025-07-09T23:59:59.999999999+01:00,PROSPECTUS,12,3,,,,
22535,4750021001109,700.0,Moskovskay,"Vodka, garrafa de 700 ml",,11.59,16.56,700,L,€/L,,,https://driveimg1.intermarche.com/pt/Content/images/boitmal/produit/zoom/7D2A37D3289DEF7B2EBA1EC6348DE307.jpg,,,,2025-07-16T23:59:59.999999999+01:00,PROSPECTUS,12,3,,,,
23524,5000204922851,750.0,Pato,"Líquido sanitário extra power, marinho, 750 ml",,1.69,2.25,750,L,€/L,,,https://driveimg1.intermarche.com/pt/Content/images/boitmal/produit/zoom/60268FF4016AF8FBA52DB6A9A88D181B.jpg,,,,2025-07-09T23:59:59.999999999+01:00,PROSPECTUS,12,3,,,,
23652,8712000900175,6000.0,Heineken,"Cerveja com álcool, pack 24 x 0.25 l",,14.99,2.5,6000,L,€/L,,,https://driveimg1.intermarche.com/pt/Content/images/boitmal/produit/zoom/AB5BBEB462A56533212E5950F8D46993.jpg,,,,2025-07-16T23:59:59.999999999+01:00,PROSPECTUS,12,3,,,,
2369,5606669091783,450.0,Brasmar,Preparado para arroz de marisco,Embalagem de 450 g,3.89,8.64,0,kg,€/Kg,,Tipo de stockagem,https://driveimg1.intermarche.com/pt/Content/images/boitmal/produit/zoom/30AEE929F2CD61652544DDD9E550F719.jpg,https://driveimg1.intermarche.com/pt/Content/images/boitmal/produit/zoom/3DD300B3850A8A7396BC6133488A6CBF.jpg,,,2025-07-09T23:59:59.999999999+01:00,PROSPECTUS,12,3,,,,
25783,8714100667569,61.0,Knorr,Noodles galinha,Embalagem de 60g,0.84,13.77,0,kg,€/Kg,,,https://driveimg1.intermarche.com/pt/Content/images/boitmal/produit/zoom/E529FFAC22E4D5C7973ADAD96806025F.jpg,,,,2025-07-09T23:59:59.999999999+01:00,PROSPECTUS,12,3,,,,
25784,8714100667637,61.0,Knorr,Noodles queijo & ervas,Embalagem de 60g,0.84,13.77,0,kg,€/Kg,,,https://driveimg1.intermarche.com/pt/Content/images/boitmal/produit/zoom/77CED7AFDF81EB9F73CA0383A2D829EB.jpg,,,,2025-07-09T23:59:59.999999999+01:00,PROSPECTUS,12,3,,,,
26177,5603722514470,1000.0,Matinal,"Leite seleccionado leve, de 1l",,1.1,1.1,1000,L,€/L,,,https://driveimg1.intermarche.com/pt/Content/images/boitmal/produit/zoom/3414EC19C8611CE7E0D99781254117D1.jpg,,,,2025-07-09T23:59:59.999999999+01:00,PROSPECTUS,12,3,,,,
26414,5000116110919,1042.0,Capitão Iglo,"50 nuggets de frango, embalagem de 1042g",,12.99,12.47,0,kg,€/Kg,,Tipo de stockagem,https://driveimg1.intermarche.com/pt/Content/images/boitmal/produit/zoom/D97E3080A57234D7462734347713E694.jpg,,,,2025-07-09T23:59:59.999999999+01:00,PROSPECTUS,12,3,,,,
26549,3094905001436,,Aquafresh,Escovas Dentífricas Limpeza Flex,2 un. + 1 Grátis,2.84,2.84,0,,€/Unidade,,,https://driveimg1.intermarche.com/pt/Content/images/boitmal/produit/zoom/F1287D0C49D30EE3EDA2BDFA782E59CD.jpg,,,,2025-07-09T23:59:59.999999999+01:00,PROSPECTUS,12,3,,,,
2780,8410199002303,96.0,Cheetos,"Aperitivos palitos, embalagem de 100g",,1.49,15.52,0,kg,€/Kg,,,https://driveimg1.intermarche.com/pt/Content/images/boitmal/produit/zoom/35C90C106FCD999188F46A491D275892.jpg,,,,2025-07-09T23:59:59.999999999+01:00,PROSPECTUS,12,3,,,,
30886,3574661319520,500.0,Listerine,Elixir Anti-Tartaro,500 ml,5.24,10.48,500,L,€/L,,,https://driveimg1.intermarche.com/pt/Content/images/boitmal/produit/zoom/0C82126F5C3C91B64081EB68009ED573.jpg,,,,2025-07-09T23:59:59.999999999+01:00,PROSPECTUS,12,3,,,,
33127,8001010033721,135.0,Ponti,"Molho pesto ponti, 135 g",,2.25,16.67,0,kg,€/Kg,,,https://driveimg1.intermarche.com/pt/Content/images/boitmal/produit/zoom/1A053A6A674F62936E57477C3620A6B1.jpg,,,,2025-07-09T23:59:59.999999999+01:00,PROSPECTUS,12,3,,,,
34353,5604260282852,500.0,PorSi,Iogurte Natural Açucarado 4X125G,,0.75,1.5,0,kg,€/Kg,,,https://driveimg1.intermarche.com/pt/Content/images/boitmal/produit/zoom/6C9F39B841A9DDA8724CC748244C792C.jpg,,,,2025-07-09T23:59:59.999999999+01:00,PROSPECTUS,12,3,,,,
34367,8410022000063,188.0,Donuts,4 donuts bombom,Embalagem de 188 g,2.19,11.65,0,kg,€/Kg,,,https://driveimg1.intermarche.com/pt/Content/images/boitmal/produit/zoom/9D86969F758F8A1A1667EB164F055159.jpg,,,,2025-07-09T23:59:59.999999999+01:00,PROSPECTUS,12,3,,,,
34810,5604260290611,5000.0,PorSi,Detergente Manual Loiça Limão 5L,,3.79,0.76,5000,L,€/L,,,https://driveimg1.intermarche.com/pt/Content/images/boitmal/produit/zoom/A75B5830ACEF5EF601CB8AEB7826E7EC.jpg,,,,2025-07-09T23:59:59.999999999+01:00,PROSPECTUS,12,3,,,,
35097,8711327315600,440.0,Magnum,"Gelado de chocolate branco e cookies, embalagem de 440 ml",,3.99,9.07,440,L,€/L,,Tipo de stockagem,https://driveimg1.intermarche.com/pt/Content/images/boitmal/produit/zoom/744EDC15FD38572D44883AF2941B2FB8.jpg,https://driveimg1.intermarche.com/pt/Content/images/boitmal/produit/zoom/053F7BCDF3B5574D77DAE8E6E99DA348.jpg,https://driveimg1.intermarche.com/pt/Content/images/boitmal/produit/zoom/053F7BCDF3B5574D77DAE8E6E99DA348.jpg,https://driveimg1.intermarche.com/pt/Content/images/boitmal/produit/zoom/053F7BCDF3B5574D77DAE8E6E99DA348.jpg,2025-07-09T23:59:59.999999999+01:00,PROSPECTUS,12,3,,,,
35132,5604260292691,400.0,PorSi,Preparado De Carne De Novilho 400 G,,4.99,12.48,0,kg,€/Kg,,,https://driveimg1.intermarche.com/pt/Content/images/boitmal/produit/zoom/A98B26D7DE1BDBE7F7D03AF21D9EFFB7.jpg,,,,2025-07-09T23:59:59.999999999+01:00,PROSPECTUS,12,3,,,,
35483,8410436343435,500.0,Sonasol,Spray desengordurante,Embalagem de 500 ml,1.99,3.98,500,L,€/L,,,https://driveimg1.intermarche.com/pt/Content/images/boitmal/produit/zoom/47473DD6CCCCC8BCBCC650E05B76EF50.jpg,,,,2025-07-09T23:59:59.999999999+01:00,PROSPECTUS,12,3,,,,
36188,0000087157635,342.0,Heinz,"Ketchup squeeze, 342 g",,2.43,7.11,0,kg,€/Kg,,,https://driveimg1.intermarche.com/pt/Content/images/boitmal/produit/zoom/EE52B25D49D994FEB41D538040399913.jpg,,,,2025-07-16T23:59:59.999999999+01:00,PROSPECTUS,12,3,,,,
3642,3059943009080,250.0,Air Wick,"Ambientador recarga lavanda, de 250 ml",,3.59,14.36,250,L,€/L,,,https://driveimg1.intermarche.com/pt/Content/images/boitmal/produit/zoom/1B5D8D27BED08EFB10F243DEB281D401.jpg,,,,2025-07-09T23:59:59.999999999+01:00,PROSPECTUS,12,3,,,,
36694,5604260318858,250.0,PorSi,Salsichas Churr.C/Ervas 250G,,1.99,7.96,0,kg,€/Kg,,,https://driveimg1.intermarche.com/pt/Content/images/boitmal/produit/zoom/33AF2A89D28BF9495D882809E4B9B89D.jpg,,,,2025-07-16T23:59:59.999999999+01:00,PROSPECTUS,12,3,,,,
36785,5604260282531,150.0,PorSi,Salada exótica programa origens,Embalagem de 150 g,1.69,11.27,0,kg,€/Kg,,,https://driveimg1.intermarche.com/pt/Content/images/boitmal/produit/zoom/F211CC91B701EE982EC066C2B3D21E0C.jpg,,,,2025-07-09T23:59:59.999999999+01:00,PROSPECTUS,12,3,,,,
36945,8719200009899,500.0,Vaqueiro,"Margarina líquida, embalagem de 500 ml",,2.49,4.98,500,L,€/L,,,https://driveimg1.intermarche.com/pt/Content/images/boitmal/produit/zoom/03FECF6E7878193CA48B473E5C2E3939.jpg,,,,2025-07-09T23:59:59.999999999+01:00,PROSPECTUS,12,3,,,,
36974,5601164204232,1980.0,Super Bock,"Cerveja 0.0%, pack de 6 x 0.33 l",,4.49,2.27,1980,L,€/L,,,https://driveimg1.intermarche.com/pt/Content/images/boitmal/produit/zoom/51EE83301941A006E8A100C347CAA322.jpg,,,,2025-07-16T23:59:59.999999999+01:00,PROSPECTUS,12,3,,,,
37443,7613037040869,250.0,Nestum,"Nestum zero espelta/aveia, embalagem de 250g",,2.24,8.96,0,kg,€/Kg,,,https://driveimg1.intermarche.com/pt/Content/images/boitmal/produit/zoom/BF80E2BF1A95765256612BEC5A65D8DD.jpg,,,,2025-07-09T23:59:59.999999999+01:00,PROSPECTUS,12,3,,,,
37444,7613036955799,250.0,Nestum,"Nestum zero mel, embalagem de 250g",,2.24,8.96,0,kg,€/Kg,,,https://driveimg1.intermarche.com/pt/Content/images/boitmal/produit/zoom/5B200610F8E9504D3552A7693F67BE32.jpg,,,,2025-07-09T23:59:59.999999999+01:00,PROSPECTUS,12,3,,,,
38291,8410436343527,1100.0,Sonasol,"Lava Tudo Desinfetante, embalagem 1,1l",,2.79,2.54,1100,L,€/L,,,https://driveimg1.intermarche.com/pt/Content/images/boitmal/produit/zoom/3BCE9789D68C09F6CE19611FDEABB947.jpg,,,,2025-07-09T23:59:59.999999999+01:00,PROSPECTUS,12,3,,,,
38312,8410104702663,,Finish,"Limpa máquinas de loiça limão, embalagem com 250 ml",,3.99,3.99,1,,€/Unidade,,,https://driveimg1.intermarche.com/pt/Content/images/boitmal/produit/zoom/543AF0EA0E513D87A0B6AA970DE2490B.jpg,,,,2025-07-09T23:59:59.999999999+01:00,PROSPECTUS,12,3,,,,
39539,5607552295387,500.0,Cristal,"Vinagre de sidra biológica 5%, garrafa de 500 ml",,1.29,2.58,500,L,€/L,,,https://driveimg1.intermarche.com/pt/Content/images/boitmal/produit/zoom/9A50E4BD801B0B9AADC797DC9DBEFB5D.jpg,,,,2025-07-09T23:59:59.999999999+01:00,PROSPECTUS,12,3,,,,
40347,8410076471604,350.0,Old El Paso,"6 tortilhas de trigo wrap, embalagem de 350g",,2.69,7.69,0,kg,€/Kg,,,https://driveimg1.intermarche.com/pt/Content/images/boitmal/produit/zoom/1EB2056E778DEB67B0CA58563B07CF9B.jpg,,,,2025-07-09T23:59:59.999999999+01:00,PROSPECTUS,12,3,,,,
40628,5604260301928,240.0,PorSi,4 bolos com recheio de cacau,Embalagem de 240 g,2.19,9.13,0,kg,€/Kg,,,https://driveimg1.intermarche.com/pt/Content/images/boitmal/produit/zoom/AB51DFEBA2E5A8736015A7B3B918DBDB.jpg,,,,2025-07-09T23:59:59.999999999+01:00,PROSPECTUS,12,3,,,,
40847,5604260304042,500.0,PorSi,Detergente líquido Ultra Concentrado Loiça Platinium Limão,Embalagem de 500 ml,1.69,3.38,500,L,€/L,,,https://driveimg1.intermarche.com/pt/Content/images/boitmal/produit/zoom/1B7D590AD7AA8004F2E59C6232CC1311.jpg,,,,2025-07-09T23:59:59.999999999+01:00,PROSPECTUS,12,3,,,,
40911,5601082046976,50.0,Delta Q,Café mythiq,Embalagem de 50g,4.79,95.8,0,kg,€/Kg,,,https://driveimg1.intermarche.com/pt/Content/images/boitmal/produit/zoom/122F99AB6BA9E453566914C598618D44.jpg,,,,2025-07-09T23:59:59.999999999+01:00,PROSPECTUS,12,3,,,,
41770,5604260307678,500.0,Porsi Sel.,Gelado Cookies&Cream 500Ml,,2.99,5.98,500,L,€/L,,Tipo de stockagem,https://driveimg1.intermarche.com/pt/Content/images/boitmal/produit/zoom/C07C2C59D8FE5D6067E9EF7EF7FF5CDC.jpg,https://driveimg1.intermarche.com/pt/Content/images/boitmal/produit/zoom/17D8B7DFE5F243BA044077510EEB9878.jpg,,,2025-07-09T23:59:59.999999999+01:00,PROSPECTUS,12,3,,,,
438,8722700140139,20.0,Lipton,"20 saquetas infusão de cidreira, embalagem de 20g",,1.49,74.5,0,kg,€/Kg,,,https://driveimg1.intermarche.com/pt/Content/images/boitmal/produit/zoom/75772B648D442A3C0BB5D4E8A4601B76.jpg,,,,2025-07-09T23:59:59.999999999+01:00,PROSPECTUS,12,3,,,,
44634,8711327485082,330.0,Magnum,"Gelados mini double gold caramel billionaire, embalagem de 6x55 ml",,4.49,13.61,330,L,€/L,,Tipo de stockagem,https://driveimg1.intermarche.com/pt/Content/images/boitmal/produit/zoom/42AC7934AA428100845DBDC81A00E314.jpg,,,,2025-07-09T23:59:59.999999999+01:00,PROSPECTUS,12,3,,,,
44761,5601146050505,500.0,Bandida do Pomar,"Sidra frutos vermelhos, lata 50cl",,1.19,2.38,500,L,€/L,,,https://driveimg1.intermarche.com/pt/Content/images/boitmal/produit/zoom/3DF7967B62A6AA597E8EA0E6EC701FC9.jpg,,,,2025-07-16T23:59:59.999999999+01:00,PROSPECTUS,12,3,,,,
45060,5601146300037,4500.0,Heineken,"Cerveja branca, 18 x 0.25 cl",,11.58,2.57,4500,L,€/L,,,https://driveimg1.intermarche.com/pt/Content/images/boitmal/produit/zoom/4AA45BFAF541CCA8C054017E0C3C41B1.jpg,,,,2025-07-16T23:59:59.999999999+01:00,PROSPECTUS,12,3,,,,
45677,5604260312016,60.0,PorSi,Snacks Crocantes Bacon 60G,,0.99,16.5,0,kg,€/Kg,,,https://driveimg1.intermarche.com/pt/Content/images/boitmal/produit/zoom/052101F3D098F47C3FB7EC4FC5F6A5F1.jpg,,,,2025-07-16T23:59:59.999999999+01:00,PROSPECTUS,12,3,,,,
46306,5604260315000,500.0,PorSi,Brócolos E Couve-Flor 500 G,,1.87,3.74,0,kg,€/Kg,,,https://driveimg1.intermarche.com/pt/Content/images/boitmal/produit/zoom/8C271325A66865A5963027880DF66EE1.jpg,,,,2025-07-09T23:59:59.999999999+01:00,PROSPECTUS,12,3,,,,
46484,5604260314768,750.0,PorSi,Spray Casa Banho  750Ml,,1.59,2.12,750,L,€/L,,,https://driveimg1.intermarche.com/pt/Content/images/boitmal/produit/zoom/10784C2150AAC13CD1DE10B8535A90B6.jpg,,,,2025-07-09T23:59:59.999999999+01:00,PROSPECTUS,12,3,,,,
4687,5000116105212,375.0,Iglo,"Ervilhas, embalagem de 375g",,1.89,5.04,0,kg,€/Kg,,Tipo de stockagem,https://driveimg1.intermarche.com/pt/Content/images/boitmal/produit/zoom/6C528FEBBEDC5462386A3AB117EEBFD4.jpg,,,,2025-07-09T23:59:59.999999999+01:00,PROSPECTUS,12,3,,,,
46907,8006540236222,650.0,Fairy,Detergente líquido manual loiça anti bactérias,Embalagem de 650 ml,3.59,5.52,650,L,€/L,,,https://driveimg1.intermarche.com/pt/Content/images/boitmal/produit/zoom/687B389F5BCABBA96E11BDC0F2ADFEC5.jpg,,,,2025-07-09T23:59:59.999999999+01:00,PROSPECTUS,12,3,,,,
47038,5010338200039,120.0,Bluedragon,"Molho para saltear agridoce blue dragon, embalagem de 120g",,1.69,14.08,0,kg,€/Kg,,,https://driveimg1.intermarche.com/pt/Content/images/boitmal/produit/zoom/279414B97F22AC4861EE1956658F0587.jpg,,,,2025-07-09T23:59:59.999999999+01:00,PROSPECTUS,12,3,,,,
476,3010470159020,400.0,Friskies,"Ração para gato adulto com coelho, frango e legumes",Embalagem de 400g,1.86,4.65,0,kg,€/Kg,,,https://driveimg1.intermarche.com/pt/Content/images/boitmal/produit/zoom/14A83E0B863A6F9B6D934AF2C5E8BC68.jpg,,,,2025-07-09T23:59:59.999999999+01:00,PROSPECTUS,12,3,,,,
47671,5604260315475,450.0,PorSi,Mix Frutas P/ Smoothie 450G,,3.59,7.98,0,kg,€/Kg,,Tipo de stockagem,https://driveimg1.intermarche.com/pt/Content/images/boitmal/produit/zoom/E3A0B5F170B153BD1B9F51F13436BB64.jpg,,,,2025-07-16T23:59:59.999999999+01:00,PROSPECTUS,12,3,,,,
47807,5604260316724,250.0,Porsi Select - Programa Origens,Secretos De Porco Preto Do Alentejo 250 G,,4.49,17.96,0,kg,€/Kg,,,https://driveimg1.intermarche.com/pt/Content/images/boitmal/produit/zoom/6A87D20A3CF16F872AA7C71D8779E2D2.jpg,,,,2025-07-16T23:59:59.999999999+01:00,PROSPECTUS,12,3,,,,
48426,4005900845702,50.0,Nivea Men,"Desodorizante roll on cool kick, 50 ml",,2.69,53.8,50,L,€/L,,,https://driveimg1.intermarche.com/pt/Content/images/boitmal/produit/zoom/9A906FA410C547B80F0C3BC1C3C86CB6.jpg,,,,2025-07-09T23:59:59.999999999+01:00,PROSPECTUS,12,3,,,,
49083,5604260320929,,PorSi,Tampões Super Com Aplicador Compacto - 16 Unidades,,1.89,1.89,0,,€/Unidade,,,https://driveimg1.intermarche.com/pt/Content/images/boitmal/produit/zoom/7867E54AE047523809A413160FD139BA.jpg,,,,2025-07-09T23:59:59.999999999+01:00,PROSPECTUS,12,3,,,,
49265,8006540299371,100.0,Gillette,Creme Hidratante para Rosto e Barba,100 ml,8.79,87.9,100,L,€/L,,,https://driveimg1.intermarche.com/pt/Content/images/boitmal/produit/zoom/7204D5FBA987E3EFCFEB33D1B3252380.jpg,,,,2025-07-09T23:59:59.999999999+01:00,PROSPECTUS,12,3,,,,
49289,5601119586680,100.0,Nobre,Chourição nobre fatias 100g,,1.39,13.9,0,kg,€/Kg,,,https://driveimg1.intermarche.com/pt/Content/images/boitmal/produit/zoom/CC4D667E9192B91005E734AD628C1A57.jpg,,,,2025-07-09T23:59:59.999999999+01:00,PROSPECTUS,12,3,,,,
49292,5601119286665,100.0,Nobre,"Fiambre da perna fatias finas, 100g",,1.39,13.9,0,kg,€/Kg,,,https://driveimg1.intermarche.com/pt/Content/images/boitmal/produit/zoom/5C74A5996BC866D56C0431629FCF8A7F.jpg,,,,2025-07-09T23:59:59.999999999+01:00,PROSPECTUS,12,3,,,,
49343,5601164905702,1200.0,Super Bock,"Cerveja abadia mini, pack 6 x 0.20 l",,2.99,2.49,1200,L,€/L,,,https://driveimg1.intermarche.com/pt/Content/images/boitmal/produit/zoom/291C71ECB93CA1143C31E6AF56FCDF1A.jpg,,,,2025-07-16T23:59:59.999999999+01:00,PROSPECTUS,12,3,,,,
49995,8445290170736,800.0,NAN,Leite Transição Optipro 3 +10 Meses,Embalagem de 800g,11.63,14.54,0,kg,€/Kg,,,https://driveimg1.intermarche.com/pt/Content/images/boitmal/produit/zoom/04AEC96DB6A5F805D25E7E9E11EE5586.jpg,,,,2025-07-09T23:59:59.999999999+01:00,PROSPECTUS,12,3,,,,
50019,8719200231740,450.0,ProActiv,"Creme vegetal para barrar, embalagem de 450g",,4.49,9.98,0,kg,€/Kg,,,https://driveimg1.intermarche.com/pt/Content/images/boitmal/produit/zoom/181CD8B428B99078698C5E3401B33A90.jpg,,,,2025-07-09T23:59:59.999999999+01:00,PROSPECTUS,12,3,,,,
50020,8719200231832,225.0,ProActiv,"Creme vegetal para barrar, embalagem de 225g",,2.99,13.29,0,kg,€/Kg,,,https://driveimg1.intermarche.com/pt/Content/images/boitmal/produit/zoom/F94DBCC3BE2E0CDFC23A23D9C701C359.jpg,,,,2025-07-09T23:59:59.999999999+01:00,PROSPECTUS,12,3,,,,
5036,5601028012164,,Renova,"Papel higiénico compacto, extra xxl, 6 rolos",Uma embalagem,2.96,2.96,0,,€/Unidade,,,https://driveimg1.intermarche.com/pt/Content/images/boitmal/produit/zoom/9367736D84791631B6A81B574D2BBA50.jpg,https://driveimg1.intermarche.com/pt/Content/images/boitmal/produit/zoom/1F9398A5B85712D9E30015F112CCAF6E.jpg,https://driveimg1.intermarche.com/pt/Content/images/boitmal/produit/zoom/84ED764CBC37072F87BD089140194A37.jpg,,2025-07-09T23:59:59.999999999+01:00,PROSPECTUS,12,3,,,,
5039,5601029001105,120.0,Pitéu,"Filete de cavala em óleo, 120 g",,2.06,17.17,0,kg,€/Kg,,,https://driveimg1.intermarche.com/pt/Content/images/boitmal/produit/zoom/73E77A16ABB6501C787F422E9312D109.jpg,,,,2025-07-09T23:59:59.999999999+01:00,PROSPECTUS,12,3,,,,
50450,8710522729755,58.0,Knorr,"Potato pot bacon e cebola, embalagem de 51g",,1.49,25.69,0,kg,€/Kg,,,https://driveimg1.intermarche.com/pt/Content/images/boitmal/produit/zoom/5FCC41200BF97232AB254BAFB79D702D.jpg,,,,2025-07-09T23:59:59.999999999+01:00,PROSPECTUS,12,3,,,,
50629,5603722521454,1208.0,Mimosa,"Iogurte magro liquido de morango e framboesa, 8 x 151ml",,2.89,2.39,1208,L,€/L,,,https://driveimg1.intermarche.com/pt/Content/images/boitmal/produit/zoom/AB607BD866F448FA21D3247580B1F4C6.jpg,,,,2025-07-09T23:59:59.999999999+01:00,PROSPECTUS,12,3,,,,
50937,5604260326396,170.0,PorSi,Batatas Fritas Lisas Sabor A Orégãos 170G,,1.39,8.18,0,kg,€/Kg,,,https://driveimg1.intermarche.com/pt/Content/images/boitmal/produit/zoom/FD8F2555506B3123DC3096FBC75B5CF9.jpg,,,,2025-07-16T23:59:59.999999999+01:00,PROSPECTUS,12,3,,,,
50956,5604260324309,750.0,PorSi,"Spray limpa vidros gel, 750 ml",,1.05,1.4,750,L,€/L,,,https://driveimg1.intermarche.com/pt/Content/images/boitmal/produit/zoom/DCF65EC06FD5CE3B58D25702BB413524.jpg,,,,2025-07-09T23:59:59.999999999+01:00,PROSPECTUS,12,3,,,,
51087,4005900958525,400.0,Nivea,"Body lotion hidradante express, embalagem de 400 ml",,4.89,12.23,400,L,€/L,,,https://driveimg1.intermarche.com/pt/Content/images/boitmal/produit/zoom/4BE3AEAB74BB947288D6A31D5DBE6B8D.jpg,,,,2025-07-09T23:59:59.999999999+01:00,PROSPECTUS,12,3,,,,
51181,5601217137265,720.0,Quanto,"Perfumador de roupa azul, 36 doses",,3.49,4.85,720,L,€/L,,,https://driveimg1.intermarche.com/pt/Content/images/boitmal/produit/zoom/95E6BEEA038341803BF5F634198E2DF8.jpg,,,,2025-07-09T23:59:59.999999999+01:00,PROSPECTUS,12,3,,,,
51182,5601217137272,720.0,Quanto,"Perfumador de roupa rosa, 36 doses",,3.49,4.85,720,L,€/L,,,https://driveimg1.intermarche.com/pt/Content/images/boitmal/produit/zoom/49C27F970394771F7D0DE5ACF0C1EA92.jpg,,,,2025-07-09T23:59:59.999999999+01:00,PROSPECTUS,12,3,,,,
51648,8006540696163,,Ausonia,Pensos Higiénicos Ultrafina Plus Normal,embalagem com 16 un.,2.54,2.54,0,,€/Unidade,,,https://driveimg1.intermarche.com/pt/Content/images/boitmal/produit/zoom/1F32EB531DB9406B7970EAF725D07623.jpg,,,,2025-07-09T23:59:59.999999999+01:00,PROSPECTUS,12,3,,,,
51929,8712000900045,500.0,Heineken,Cerveja heineken lata 0.50l,,1.29,2.58,500,L,€/L,,,https://driveimg1.intermarche.com/pt/Content/images/boitmal/produit/zoom/4D6BF999D1915BF6FB9CC02C9FB523DD.jpg,,,,2025-07-16T23:59:59.999999999+01:00,PROSPECTUS,12,3,,,,
52079,8711327585782,330.0,Magnum,"Gelado mini double caramel e gold caramel billionaire, embalagem de 330 ml",,4.49,13.61,330,L,€/L,,Tipo de stockagem,https://driveimg1.intermarche.com/pt/Content/images/boitmal/produit/zoom/FEAEC9F2D0E413EBB73552CF9D06BA73.jpg,,,,2025-07-09T23:59:59.999999999+01:00,PROSPECTUS,12,3,,,,
52093,5601164905856,1200.0,Super Bock,"Cerveja mini sem álcool 0,0%, pack 6 x 0.20 l",,2.99,2.49,1200,L,€/L,,,https://driveimg1.intermarche.com/pt/Content/images/boitmal/produit/zoom/315091D027ED67C8D09E91EB03CB5A06.jpg,,,,2025-07-16T23:59:59.999999999+01:00,PROSPECTUS,12,3,,,,
52164,5604260328505,1050.0,PorSi,Polpa Tomate Tetra 1050G,,1.99,1.9,0,kg,€/Kg,,,https://driveimg1.intermarche.com/pt/Content/images/boitmal/produit/zoom/1BEE8FE796772FFF7D13A8A9DE5E3423.jpg,,,,2025-07-09T23:59:59.999999999+01:00,PROSPECTUS,12,3,,,,
52298,3023290072011,160.0,Lindahls,"Iogurte sólido proteico limão cookies, embalagem de 160 g",,0.99,6.19,0,kg,€/Kg,,,https://driveimg1.intermarche.com/pt/Content/images/boitmal/produit/zoom/8056AA56818872116BB891895188AEE8.jpg,,,,2025-07-09T23:59:59.999999999+01:00,PROSPECTUS,12,3,,,,
52793,8001585008117,225.0,Balconi,"Bolachas wafers de chocolate, 5x45g",,1.74,7.73,0,kg,€/Kg,,,https://driveimg1.intermarche.com/pt/Content/images/boitmal/produit/zoom/F55155EBF50E696A1FE85DC6A7EDE284.jpg,,,,2025-07-09T23:59:59.999999999+01:00,PROSPECTUS,12,3,,,,
52880,8719200267794,450.0,Becel,"Creme vegetal de barrar com sabor a manteiga, 450g",,3.56,7.91,0,kg,€/Kg,,,https://driveimg1.intermarche.com/pt/Content/images/boitmal/produit/zoom/E2EFE8BE5E96AF9FCA9D840059BF696C.jpg,https://driveimg1.intermarche.com/pt/Content/images/boitmal/produit/zoom/287D301C66C180312FAA8A3BAE7EA710.jpg,https://driveimg1.intermarche.com/pt/Content/images/boitmal/produit/zoom/287D301C66C180312FAA8A3BAE7EA710.jpg,https://driveimg1.intermarche.com/pt/Content/images/boitmal/produit/zoom/287D301C66C180312FAA8A3BAE7EA710.jpg,2025-07-09T23:59:59.999999999+01:00,PROSPECTUS,12,3,,,,
52881,8719200267190,450.0,Becel,"Creme vegetal para barrar original, 450g",,3.56,7.91,0,kg,€/Kg,,,https://driveimg1.intermarche.com/pt/Content/images/boitmal/produit/zoom/7D8CFDDFB89CBA606F61A06158439D60.jpg,https://driveimg1.intermarche.com/pt/Content/images/boitmal/produit/zoom/D67292663C5C1617E51BCDF904BF56A4.jpg,https://driveimg1.intermarche.com/pt/Content/images/boitmal/produit/zoom/D67292663C5C1617E51BCDF904BF56A4.jpg,,2025-07-09T23:59:59.999999999+01:00,PROSPECTUS,12,3,,,,
53000,8410199025357,170.0,LayS,Batatas gourmet finissima 170 g,,1.59,9.35,0,kg,€/Kg,,,https://driveimg1.intermarche.com/pt/Content/images/boitmal/produit/zoom/C1F9A5A136798AD56EECF2676BEF2065.jpg,https://driveimg1.intermarche.com/pt/Content/images/boitmal/produit/zoom/477A3ECD46364DE018D2E409C1F73223.jpg,https://driveimg1.intermarche.com/pt/Content/images/boitmal/produit/zoom/477A3ECD46364DE018D2E409C1F73223.jpg,https://driveimg1.intermarche.com/pt/Content/images/boitmal/produit/zoom/477A3ECD46364DE018D2E409C1F73223.jpg,2025-07-16T23:59:59.999999999+01:00,PROSPECTUS,12,3,,,,
53304,5000204339192,,Pato,"Bloco Sanitário Discos Activos Apa Lavanda, 6 doses",,2.34,2.34,0,,€/Unidade,,,https://driveimg1.intermarche.com/pt/Content/images/boitmal/produit/zoom/59D5095BF6A3943166C68414CAB5DBA1.jpg,https://driveimg1.intermarche.com/pt/Content/images/boitmal/produit/zoom/2AE9A575E39232DD896A393DDEA671D2.jpg,https://driveimg1.intermarche.com/pt/Content/images/boitmal/produit/zoom/2AE9A575E39232DD896A393DDEA671D2.jpg,https://driveimg1.intermarche.com/pt/Content/images/boitmal/produit/zoom/2AE9A575E39232DD896A393DDEA671D2.jpg,2025-07-09T23:59:59.999999999+01:00,PROSPECTUS,12,3,,,,
53660,5000204214352,400.0,Raid,Insecticida Spray Rastejantes Baratas e Formigas,Embalagem de 400ml,5.19,12.98,400,L,€/L,,,https://driveimg1.intermarche.com/pt/Content/images/boitmal/produit/zoom/C714859D16EFF1FF1C06B04CCB74DA19.jpg,,,,2025-07-09T23:59:59.999999999+01:00,PROSPECTUS,12,3,,,,
54308,5601217137999,,Air Wick,"Recarga Duo Lavanda Camomila, 2un.",,5.19,5.19,0,,€/Unidade,,,https://driveimg1.intermarche.com/pt/Content/images/boitmal/produit/zoom/78C110CAA5EF024A4EA96E5945825BCD.jpg,https://driveimg1.intermarche.com/pt/Content/images/boitmal/produit/zoom/DCF3D5D0D3FA3177E549BA42D5B2070C.jpg,https://driveimg1.intermarche.com/pt/Content/images/boitmal/produit/zoom/DCF3D5D0D3FA3177E549BA42D5B2070C.jpg,https://driveimg1.intermarche.com/pt/Content/images/boitmal/produit/zoom/DCF3D5D0D3FA3177E549BA42D5B2070C.jpg,2025-07-09T23:59:59.999999999+01:00,PROSPECTUS,12,3,,,,
54349,5601217138040,1332.0,Quanto,"Amaciador roupa concentrado ametista e íris, 74d",,2.99,2.24,1332,L,€/L,,,https://driveimg1.intermarche.com/pt/Content/images/boitmal/produit/zoom/AA97CA06C6A5E4D6FDDA513779ACDB8A.jpg,,,,2025-07-09T23:59:59.999999999+01:00,PROSPECTUS,12,3,,,,
54365,8410104915209,,Finish,"Detergente Loiça Máquina Quantum Limão, 64 Pastilhas",,12.49,12.49,0,,€/Unidade,,,https://driveimg1.intermarche.com/pt/Content/images/boitmal/produit/zoom/D395D7FB7505791938B52E99053AC6D0.jpg,,,,2025-07-09T23:59:59.999999999+01:00,PROSPECTUS,12,3,,,,
54485,3574661765112,750.0,Listerine,"Elixir Bucal Dentes E Gengivas, 750ml",,6.96,9.28,750,L,€/L,,,https://driveimg1.intermarche.com/pt/Content/images/boitmal/produit/zoom/4F640376CE950989A5F403B3082837A8.jpg,,,,2025-07-09T23:59:59.999999999+01:00,PROSPECTUS,12,3,,,,
54540,5000204331660,,Pato,"Discos Sanitários Ativos Gel Dispensador + Recargas Água Azul, 1un.",,2.49,2.49,0,,€/Unidade,,,https://driveimg1.intermarche.com/pt/Content/images/boitmal/produit/zoom/DABD1FAE99B4D7B5B01E813F05047FA7.jpg,,,,2025-07-09T23:59:59.999999999+01:00,PROSPECTUS,12,3,,,,
54728,5603722522253,1000.0,Pleno,"Bebida vegetal de amêndoa, 1 litro",,1.79,1.79,1000,L,€/L,,,https://driveimg1.intermarche.com/pt/Content/images/boitmal/produit/zoom/6C713903044BD7E4AEAF0041C790EBCD.jpg,,,,2025-07-09T23:59:59.999999999+01:00,PROSPECTUS,12,3,,,,
54735,5601164864719,330.0,Somersby,"Sidra com álcool maçã, 33 cl",,0.99,3.0,330,L,€/L,,,https://driveimg1.intermarche.com/pt/Content/images/boitmal/produit/zoom/E33E9C4DA8A55D334C3B66C34E70F9E2.jpg,,,,2025-07-16T23:59:59.999999999+01:00,PROSPECTUS,12,3,,,,
54736,5601164906181,4800.0,Somersby,"Sidra com álcool maçã, 24 x 20 cl",,14.99,3.12,4800,L,€/L,,,https://driveimg1.intermarche.com/pt/Content/images/boitmal/produit/zoom/0DBD53F924B92D1882681208CC1C9705.jpg,,,,2025-07-16T23:59:59.999999999+01:00,PROSPECTUS,12,3,,,,
54766,8711327635449,825.0,Carte DOr,"Gelado filipinos, 825 ml",,3.79,4.59,825,L,€/L,,Tipo de stockagem,https://driveimg1.intermarche.com/pt/Content/images/boitmal/produit/zoom/45FEC64353D00132823145E2C11E5AA6.jpg,,,,2025-07-09T23:59:59.999999999+01:00,PROSPECTUS,12,3,,,,
54794,5603722521546,604.0,Mimosa,"Iogurte liquido banana, 4 x 151 ml",,1.39,2.3,604,L,€/L,,,https://driveimg1.intermarche.com/pt/Content/images/boitmal/produit/zoom/23212EB7A3AC6B5E99AFE5AEC8D0F7DF.jpg,,,,2025-07-09T23:59:59.999999999+01:00,PROSPECTUS,12,3,,,,
54798,5603722521560,604.0,Mimosa,"Iogurte liquido frutos tropicais, 4 x 151 ml",,1.39,2.3,604,L,€/L,,,https://driveimg1.intermarche.com/pt/Content/images/boitmal/produit/zoom/49B490BBEC557A29CF9B663AE694D2B4.jpg,,,,2025-07-09T23:59:59.999999999+01:00,PROSPECTUS,12,3,,,,
54805,5603722521256,604.0,Mimosa,"Iogurte magro liquido morango e kiwi, 4 x 151ml",,1.49,2.47,604,L,€/L,,,https://driveimg1.intermarche.com/pt/Content/images/boitmal/produit/zoom/A3858514DE6D6159040FFCC958098D81.jpg,,,,2025-07-09T23:59:59.999999999+01:00,PROSPECTUS,12,3,,,,
55049,5601027119567,450.0,Bimbo,"Pão de Forma 10 Cereais e Sementes sem Côdea, 450g",,1.99,4.42,0,kg,€/Kg,,,https://driveimg1.intermarche.com/pt/Content/images/boitmal/produit/zoom/599690F08967F62D33B6420CCF1AEF7E.jpg,,,,2025-07-09T23:59:59.999999999+01:00,PROSPECTUS,12,3,,,,
55186,5601151964156,410.0,Compal,"Feijão Verde Cozido, 410g",,1.49,3.63,0,kg,€/Kg,,,https://driveimg1.intermarche.com/pt/Content/images/boitmal/produit/zoom/F589E666A68F6B5C202BD1263FFDC128.jpg,,,,2025-07-09T23:59:59.999999999+01:00,PROSPECTUS,12,3,,,,
55187,5601151978467,410.0,Compal,"Ervilhas com Cenoura sem Glúten, 410g",,1.49,3.63,0,kg,€/Kg,,,https://driveimg1.intermarche.com/pt/Content/images/boitmal/produit/zoom/19FF4093F40D42F71C522108C5BEAA6E.jpg,,,,2025-07-09T23:59:59.999999999+01:00,PROSPECTUS,12,3,,,,
55188,8711327618428,825.0,Carte d'or,"Gelado Baunilha Pecan Les Desserts, 825ml",,3.59,4.35,825,L,€/L,,Tipo de stockagem,https://driveimg1.intermarche.com/pt/Content/images/boitmal/produit/zoom/08571CB2AC6E14D50DDB3E1CA2FA4D66.jpg,,,,2025-07-09T23:59:59.999999999+01:00,PROSPECTUS,12,3,,,,
572,3250390009290,1000.0,Saint Eloi,Massa Médio,Embalagem de 1 kg,1.79,1.79,0,kg,€/Kg,,,https://driveimg1.intermarche.com/pt/Content/images/boitmal/produit/zoom/385D4052519D6C58473678EF65A025CE.jpg,,,,2025-07-09T23:59:59.999999999+01:00,PROSPECTUS,12,3,,,,
5788,5604260033447,200.0,PorSi,Chourico Corrente 200G,,1.35,6.75,0,kg,€/Kg,,,https://driveimg1.intermarche.com/pt/Content/images/boitmal/produit/zoom/92DD7C79E00E3F96B89DDD048D065D1C.jpg,,,,2025-07-09T23:59:59.999999999+01:00,PROSPECTUS,12,3,,,,
6475,8410436242264,1100.0,Sonasol,"Lava Tudo Brilhante Madeira, embalagem 1,1l",,2.79,2.54,1100,L,€/L,,,https://driveimg1.intermarche.com/pt/Content/images/boitmal/produit/zoom/253E2DA4BDA6D34BDD85D7C760DD7434.jpg,,,,2025-07-09T23:59:59.999999999+01:00,PROSPECTUS,12,4,,,,
7244,3073781050196,140.0,A Vaca Que Ri,"Queijo em palitos, embalagem de 140g",,1.99,14.21,0,kg,€/Kg,,,https://driveimg1.intermarche.com/pt/Content/images/boitmal/produit/zoom/C79A3541C1910B83E7E4B4E57044D0EF.jpg,,,,2025-07-09T23:59:59.999999999+01:00,PROSPECTUS,12,4,,,,
8260,5600394180019,750.0,Herdade dos Grous,Vinho tinto regional alentejano,Garrafa de 750 ml,10.99,14.65,750,L,€/L,,,https://driveimg1.intermarche.com/pt/Content/images/boitmal/produit/zoom/1AF00E99A3F00D3955D997B50BB6FF7C.jpg,,,,2025-07-09T23:59:59.999999999+01:00,PROSPECTUS,12,4,,,,
8261,5600394180033,750.0,Herdade dos Grous,"Vinho branco alentejo, garrafa de 750 ml",,10.99,14.65,750,L,€/L,,,https://driveimg1.intermarche.com/pt/Content/images/boitmal/produit/zoom/C96B4FF957DEE67D51F5C5394B71D003.jpg,,,,2025-07-09T23:59:59.999999999+01:00,PROSPECTUS,12,4,,,,
8315,5601028013307,,Renova,"Papel higiénico, compacto, extra xxl, folha dupla, 24 unidades",1 embalagem,11.84,11.84,0,,€/Unidade,,,https://driveimg1.intermarche.com/pt/Content/images/boitmal/produit/zoom/8841944F9F3703369828D4B2A56CAC2C.jpg,https://driveimg1.intermarche.com/pt/Content/images/boitmal/produit/zoom/F6866F63DEC5517DB1E2DC48AD701110.jpg,https://driveimg1.intermarche.com/pt/Content/images/boitmal/produit/zoom/52CEDF162CBC9A98A93B293FEE315F10.jpg,,2025-07-09T23:59:59.999999999+01:00,PROSPECTUS,12,4,,,,
8415,8410500007836,600.0,Danone,"Actimel iogurte líquido tutti frutti, embalagem de 6 x 100g",,2.99,4.98,0,kg,€/Kg,,,https://driveimg1.intermarche.com/pt/Content/images/boitmal/produit/zoom/0712AE23BC1EFB6DA91FF7C37F68326A.jpg,,,,2025-07-09T23:59:59.999999999+01:00,PROSPECTUS,12,4,,,,
8417,8410500006020,600.0,Danone,"Actimel magro natural, embalagem de 6 x 100g",,2.99,4.98,0,kg,€/Kg,,,https://driveimg1.intermarche.com/pt/Content/images/boitmal/produit/zoom/729A5232D0A334A9B7BE031706F8AD19.jpg,,,,2025-07-09T23:59:59.999999999+01:00,PROSPECTUS,12,4,,,,
9111,5601989001412,750.0,Monte Velho,"Vinho regional alentejano tinto, garrafa de 0.75 l",,3.89,5.19,750,L,€/L,,,https://driveimg1.intermarche.com/pt/Content/images/boitmal/produit/zoom/5313E203A06105D1BF7A5AD8308AD864.jpg,,,,2025-07-16T23:59:59.999999999+01:00,PROSPECTUS,12,4,,,,
9238,5603016000443,750.0,Adega de Pegões,"Vinho rosé península de setúbal, garrafa de 750 ml",,1.54,2.05,750,L,€/L,,,https://driveimg1.intermarche.com/pt/Content/images/boitmal/produit/zoom/03729F4E27BE5F7D0B7C0A8BB3FF9C4D.jpg,,,,2025-07-16T23:59:59.999999999+01:00,PROSPECTUS,12,4,,,,
9241,5603016000788,750.0,Adega de Pegões,"Vinho branco regional península de setúbal, 750 ml",,1.54,2.05,750,L,€/L,,,https://driveimg1.intermarche.com/pt/Content/images/boitmal/produit/zoom/33F7981A583CA4EF224AA511FB4C706C.jpg,,,,2025-07-16T23:59:59.999999999+01:00,PROSPECTUS,12,4,,,,
9250,5603089002214,200.0,Parmalat,"Nata uht para bater, embalagem de 200 ml",,0.99,4.95,200,L,€/L,,,https://driveimg1.intermarche.com/pt/Content/images/boitmal/produit/zoom/9A69EE65F8E834CFE40CA11D742ED343.jpg,,,,2025-07-09T23:59:59.999999999+01:00,PROSPECTUS,12,4,,,,
9292,5603722493812,250.0,Matinal,"Manteiga magra, embalagem de 250g",,2.49,9.96,0,kg,€/Kg,,,https://driveimg1.intermarche.com/pt/Content/images/boitmal/produit/zoom/AA91DFCE88DA98DA1BB05E606B3C1FF9.jpg,,,,2025-07-09T23:59:59.999999999+01:00,PROSPECTUS,12,4,,,,
9647,5604260267149,500.0,PorSi,"Detergente manual de loiça, ultra aloe vera",Embalagem de 500 ml,1.15,2.3,500,L,€/L,,,https://driveimg1.intermarche.com/pt/Content/images/boitmal/produit/zoom/4AFD57537B7E368DE97533425F112B19.jpg,,,,2025-07-09T23:59:59.999999999+01:00,PROSPECTUS,12,4,,,,
9682,5604260270200,270.0,PorSi,Leite Creme 2X135G,,1.99,7.37,0,kg,€/Kg,,,https://driveimg1.intermarche.com/pt/Content/images/boitmal/produit/zoom/48771BC39F7760C16909C4FCA8B87678.jpg,,,,2025-07-09T23:59:59.999999999+01:00,PROSPECTUS,12,4,,,,
26047,8412600070994,650.0,Bimbo,Pão de forma s/ côdea,Embalagem de 650 g,2.09,3.22,0,kg,€/Kg,,,https://driveimg1.intermarche.com/pt/Content/images/boitmal/produit/zoom/29A6957961BACB180F45AAA47CD1FB78.jpg,,,,2025-07-09T23:59:59.999999999+01:00,PROSPECTUS,12,4,,,,
49460,7613287300362,99.0,Nescafé,Café Buondi Intensidade 8,16 cápsulas,5.39,54.44,0,kg,€/Kg,,,https://driveimg1.intermarche.com/pt/Content/images/boitmal/produit/zoom/E4BCDB4A1998B45DA9767B093A961A1E.jpg,,,,2025-07-09T23:59:59.999999999+01:00,PROSPECTUS,12,4,,,,
14858,2696002000000,250.0,PorSi,Baguete,250 g,0.46,1.84,0,kg,€/Kg,,,https://driveimg1.intermarche.com/pt/Content/images/boitmal/produit/zoom/E4FC9EECB7B8225F27BCA96C630D54A7.jpg,,,,2025-07-09T23:59:59.999999999+01:00,PROSPECTUS,12,4,,,,
23275,5604260281206,170.0,PorSi,Agrião Programa Origens,embalagem de 170 g,1.69,9.94,0,kg,€/Kg,,,https://driveimg1.intermarche.com/pt/Content/images/boitmal/produit/zoom/9E9A66116CC129F3E0687F1B725E9B99.jpg,,,,2025-07-09T23:59:59.999999999+01:00,PROSPECTUS,12,4,,,,
6267,8016825926687,75.0,Aquafresh,Pasta dentífrica menta fresca,Embalagem de 75 ml,1.84,24.53,75,L,€/L,,,https://driveimg1.intermarche.com/pt/Content/images/boitmal/produit/zoom/5AF61545461116CEF40994D7E37A4C54.jpg,,,,2025-07-09T23:59:59.999999999+01:00,PROSPECTUS,12,4,,,,
7105,2894508000000,100.0,Primor,Bacon Extra,"Vendido ao peso, fatiado a partir de 100 gr",1.2,11.99,0,,€/Kg,,,https://driveimg1.intermarche.com/pt/Content/images/boitmal/produit/zoom/BE4896B3454C5EEBE0D9BE9663BD4C36.jpg,,,,2025-07-09T23:59:59.999999999+01:00,PROSPECTUS,12,4,,,,
8413,8410500008932,600.0,Danone,"Actimel iogurte líquido de morango, de 6 x 100g",,2.99,4.98,0,kg,€/Kg,,,https://driveimg1.intermarche.com/pt/Content/images/boitmal/produit/zoom/F5F985DE2C1FEBCCE4ED6002098F416C.jpg,,,,2025-07-09T23:59:59.999999999+01:00,PROSPECTUS,12,4,,,,
5246,5601151540886,600.0,Compal,"Néctar pêra, pack 3 x 200 ml",,1.35,2.25,600,L,€/L,,,https://driveimg1.intermarche.com/pt/Content/images/boitmal/produit/zoom/D6B34834645718035C7DBFF284A80A1D.jpg,,,,2025-07-09T23:59:59.999999999+01:00,PROSPECTUS,12,4,,,,
17174,2891285000000,1000.0,Novilho,Costeletão,Vendido ao peso a partir de 1 kg,10.99,10.99,0,,€/Kg,,,https://driveimg1.intermarche.com/pt/Content/images/boitmal/produit/zoom/3119B572BBCB66D5B0D8D4234718B722.jpg,,,,2025-07-09T23:59:59.999999999+01:00,PROSPECTUS,12,4,,,,
18770,5449000138026,1500.0,Fanta,"Refrigerante com gás de laranja zero, garrafa de 1,5 l",,0.99,0.66,1500,L,€/L,,,https://driveimg1.intermarche.com/pt/Content/images/boitmal/produit/zoom/DE34E5B994CDF7FCC42CE983A86D82DE.jpg,,,,2025-07-09T23:59:59.999999999+01:00,PROSPECTUS,12,4,,,,
2306,5604260271672,800.0,PorSi,Bacalhau posta média,Embalagem de 800g,7.79,9.74,0,kg,€/Kg,,Tipo de stockagem,https://driveimg1.intermarche.com/pt/Content/images/boitmal/produit/zoom/7BFB91B2030DFA8C523A88F3C016C8D9.jpg,,,,2025-07-09T23:59:59.999999999+01:00,PROSPECTUS,12,4,,,,
8800,5601244201922,200.0,Terra Nostra,"Queijo em fatias redução de gordura, embalagem de 200g",,2.39,11.95,0,kg,€/Kg,,,https://driveimg1.intermarche.com/pt/Content/images/boitmal/produit/zoom/4D3628F49627348D2ED37AEDC80914E5.jpg,,,,2025-07-09T23:59:59.999999999+01:00,PROSPECTUS,12,4,,,,
14597,5604260272082,250.0,PorSi,Salsichas Bockwurst Frasco 5 Unidades,,2.49,9.96,0,kg,€/Kg,,,https://driveimg1.intermarche.com/pt/Content/images/boitmal/produit/zoom/E01150DA5C91CBBABADD912A75A484DB.jpg,,,,2025-07-09T23:59:59.999999999+01:00,PROSPECTUS,12,4,,,,
14698,7613034570512,90.0,Nestlé,"Fruta para bebé 4 frutas +4 meses, embalagem de 90g",,0.65,7.22,0,kg,€/Kg,,,https://driveimg1.intermarche.com/pt/Content/images/boitmal/produit/zoom/3717C2AF583A80AD83A765BB8032F767.jpg,,,,2025-07-09T23:59:59.999999999+01:00,PROSPECTUS,12,4,,,,
28856,5604260281312,150.0,PorSi,Salada Lusitana Programa Origens,embalagem de 150 g,1.69,11.27,0,kg,€/Kg,,,https://driveimg1.intermarche.com/pt/Content/images/boitmal/produit/zoom/2A9EEAEFCF468810BC9FC976E2BE5E31.jpg,,,,2025-07-09T23:59:59.999999999+01:00,PROSPECTUS,12,4,,,,
45773,5054563087829,75.0,Aquafresh,"Pasta dentífrica eucalipto, lima e menta",Embalagem de 75ml,1.84,24.53,75,L,€/L,,,https://driveimg1.intermarche.com/pt/Content/images/boitmal/produit/zoom/1F94A046F2A6C727F7B6BE2D468B428F.jpg,,,,2025-07-09T23:59:59.999999999+01:00,PROSPECTUS,12,4,,,,
49882,5604260319336,200.0,PorSi,Paio Lombo Fatiado 200G,,2.79,13.95,0,kg,€/Kg,,,https://driveimg1.intermarche.com/pt/Content/images/boitmal/produit/zoom/D86DCD95306C4475736A71E01CBAE1B6.jpg,,,,2025-07-09T23:59:59.999999999+01:00,PROSPECTUS,12,4,,,,
1189,5601119007987,250.0,Nobre,"Salsichas de porco, lata de 250g",,1.89,7.56,0,kg,€/Kg,,,https://driveimg1.intermarche.com/pt/Content/images/boitmal/produit/zoom/0B023C2ECBDBE7AB09A89A8810925D65.jpg,,,,2025-07-09T23:59:59.999999999+01:00,PROSPECTUS,12,4,,,,
11465,5601018003608,1000.0,Matinal,"Leite seleccionado magro, de 1l",,1.0,1.0,1000,L,€/L,,,https://driveimg1.intermarche.com/pt/Content/images/boitmal/produit/zoom/F46A1F399BBA63407EB01F30929F5649.jpg,,,,2025-07-09T23:59:59.999999999+01:00,PROSPECTUS,12,4,,,,
2445,5998749109113,270.0,Pedigree,"Snack dentastix grande, embalagem de 270g",,3.45,12.78,0,kg,€/Kg,,,https://driveimg1.intermarche.com/pt/Content/images/boitmal/produit/zoom/35241472DE7F17B0C520CB43E029E0A7.jpg,,,,2025-07-09T23:59:59.999999999+01:00,PROSPECTUS,12,4,,,,
49825,5601066302234,500.0,Nacional,"Macarronete massa com vegetais, embalagem de 500g",,1.33,2.66,0,kg,€/Kg,,,https://driveimg1.intermarche.com/pt/Content/images/boitmal/produit/zoom/6E14B48CA2E900B684C68FD6BE4D6E3B.jpg,,,,2025-07-09T23:59:59.999999999+01:00,PROSPECTUS,12,4,,,,
49964,8719200238176,225.0,Becel,"Creme de barrar, embalagem de 225g",,1.99,8.84,0,kg,€/Kg,,,https://driveimg1.intermarche.com/pt/Content/images/boitmal/produit/zoom/02C3B8CB4BF40DA381639A6BD63AEBA6.jpg,,,,2025-07-09T23:59:59.999999999+01:00,PROSPECTUS,12,4,,,,
53208,8719200268647,1000.0,Vaqueiro,"Creme vegetal culinária clássico, 1 kg",,2.99,2.99,0,kg,€/Kg,,,https://driveimg1.intermarche.com/pt/Content/images/boitmal/produit/zoom/0735A691FAA77E120C1E24086E19EA16.jpg,https://driveimg1.intermarche.com/pt/Content/images/boitmal/produit/zoom/DD9C237337ADB2608A1427FA94442244.jpg,https://driveimg1.intermarche.com/pt/Content/images/boitmal/produit/zoom/DD9C237337ADB2608A1427FA94442244.jpg,https://driveimg1.intermarche.com/pt/Content/images/boitmal/produit/zoom/DD9C237337ADB2608A1427FA94442244.jpg,2025-07-09T23:59:59.999999999+01:00,PROSPECTUS,12,4,,,,
15687,5000116109234,700.0,Iglo,"Ervilhas, embalagem de 700g",,3.39,4.84,0,kg,€/Kg,,Tipo de stockagem,https://driveimg1.intermarche.com/pt/Content/images/boitmal/produit/zoom/AC9F197DD289CE6E6A9903FC824FDD75.jpg,,,,2025-07-09T23:59:59.999999999+01:00,PROSPECTUS,12,4,,,,
16343,5601151978856,6000.0,Serra da estrela,"Água sem gás, garrafão de 6l",,1.49,0.25,6000,L,€/L,,,https://driveimg1.intermarche.com/pt/Content/images/boitmal/produit/zoom/8D402342781DACEBEA13B36CE32D8EBF.jpg,,,,2025-07-09T23:59:59.999999999+01:00,PROSPECTUS,12,4,,,,
1845,5604260035854,185.0,PorSi,Batatas Fritas Lisas Com Sabor A Queijo E Ervas 185G,,1.84,9.95,0,kg,€/Kg,,,https://driveimg1.intermarche.com/pt/Content/images/boitmal/produit/zoom/E9E6993B7202404AB95C04A2C893A1AC.jpg,,,,2025-07-16T23:59:59.999999999+01:00,PROSPECTUS,12,4,,,,
15879,5601164902282,3000.0,Super Bock,"Cerveja com álcool mini, pack 15 x 0.20 l",,6.99,2.33,3000,L,€/L,,,https://driveimg1.intermarche.com/pt/Content/images/boitmal/produit/zoom/F51CB7668EA2A2D5B4B811ABB528133B.jpg,,,,2025-07-16T23:59:59.999999999+01:00,PROSPECTUS,12,4,,,,
1118,5601066301428,500.0,Nacional,"Esparguete fino, embalagem de 500g",,0.99,1.98,0,kg,€/Kg,,,https://driveimg1.intermarche.com/pt/Content/images/boitmal/produit/zoom/67F0D19883C839DBA45E58C8EE2EE72B.jpg,,,,2025-07-09T23:59:59.999999999+01:00,PROSPECTUS,12,4,,,,
29690,5029053010052,,Scottex,Papel Higiénico Húmido Fresh,1 Embalagem c/42 unidades,1.15,1.15,0,,€/Unidade,,,https://driveimg1.intermarche.com/pt/Content/images/boitmal/produit/zoom/D7A0DFA7ECDD445D8F263C486D20279A.jpg,,,,2025-07-09T23:59:59.999999999+01:00,PROSPECTUS,12,4,,,,
35089,5604260287246,,PorSi,Acendalhas Ecológicas - 32 Unidades,,0.99,0.99,0,,€/Unidade,,,https://driveimg1.intermarche.com/pt/Content/images/boitmal/produit/zoom/3C3A545F046A9053ADD48AE98FE47946.jpg,,,,2025-08-06T23:59:59.999999999+01:00,PROSPECTUS,12,4,,,,
38417,5411188124689,1000.0,Alpro,"Bebida aveia sem açúcar, embalagem de 1l",,2.59,2.59,1000,L,€/L,,,https://driveimg1.intermarche.com/pt/Content/images/boitmal/produit/zoom/242D83F75D71A1E8390A9D4AC652F0B9.jpg,,,,2025-07-09T23:59:59.999999999+01:00,PROSPECTUS,12,4,,,,
