identifier,produitEan13,capacite,marque,libelle,conditionnement,prix,unitPrice,volume,typeProduit_uniteByCode,unit_value,pictogrammes_0,pictogrammes_libelleCategorie,images_0,images_1,images_2,images_3,images_4,avantages_dateFin,avantages_categorie,nro_paginas,page
1437,5601260046101,1000.0,Saludães,Arroz Carolino,Embalagem de 1 kg,1.39,1.39,0,kg,€/Kg,,,https://driveimg1.intermarche.com/pt/Content/images/boitmal/produit/zoom/844734F94E64C7EE2E76F0FC068B9A4B.jpg,,,,,2024-12-11T23:59:59.999999999Z,PROSPECTUS,10,1
1322,5601163011114,5400.0,Luso,"Água sem gás, garrafa de 5,4 l",,1.77,0.33,5400,L,€/L,,,https://driveimg1.intermarche.com/pt/Content/images/boitmal/produit/zoom/AA9320932FF184911C32006B7463EC74.jpg,,,,,2024-12-11T23:59:59.999999999Z,PROSPECTUS,10,1
15161,5604260274246,1000.0,PorSi,Cenouras Programa Origens,Embalagem de 1 kg,1.09,1.09,0,kg,€/Kg,,,https://driveimg1.intermarche.com/pt/Content/images/boitmal/produit/zoom/558C3AC1450C10C8B2395D06441C5423.jpg,,,,,2024-12-11T23:59:59.999999999Z,PROSPECTUS,10,1
26047,8412600070994,650.0,Bimbo,Pão de forma s/ côdea,Embalagem de 650 g,2.09,3.22,0,kg,€/Kg,,,https://driveimg1.intermarche.com/pt/Content/images/boitmal/produit/zoom/29A6957961BACB180F45AAA47CD1FB78.jpg,,,,,2024-12-11T23:59:59.999999999Z,PROSPECTUS,10,1
11974,5603722508752,200.0,Castelões,"Queijo em fatias original, embalagem de 200g",,2.09,10.45,0,kg,€/Kg,,,https://driveimg1.intermarche.com/pt/Content/images/boitmal/produit/zoom/9709716796DE3B121923F09B97DF17ED.jpg,,,,,2024-12-11T23:59:59.999999999Z,PROSPECTUS,10,1
12972,2892040000000,1000.0,Fruta,Banana,1 un = 200 gr (aprox.),1.09,1.09,0,,€/Kg,,,https://driveimg1.intermarche.com/pt/Content/images/boitmal/produit/zoom/1515327A77B72426B2932390DFBE18E5.jpg,,,,,2024-12-11T23:59:59.999999999Z,PROSPECTUS,10,1
18595,8410500016012,400.0,Danonino Danone,"Iogurte líquido danonino morango, embalagem de 4 x 100g",,1.99,4.98,0,kg,€/Kg,,,https://driveimg1.intermarche.com/pt/Content/images/boitmal/produit/zoom/00E1EF11C0C6DBF4F5207E20D5392DA2.jpg,,,,,2024-12-11T23:59:59.999999999Z,PROSPECTUS,10,1
10351,8411134103338,,Control,6 Preservativos Adapta Nature,,3.49,3.49,0,,€/Unidade,,,https://driveimg1.intermarche.com/pt/Content/images/boitmal/produit/zoom/48CE3E2F5F38469DD564602B7B9F53DF.jpg,https://driveimg1.intermarche.com/pt/Content/images/boitmal/produit/zoom/E904E0E3DEA92FC0A6E00A850118F1A2.jpg,,,,2024-12-11T23:59:59.999999999Z,PROSPECTUS,10,1
30414,4015400917304,480.0,Fairy,Detergente Liquido Loiça Original,480 ml,2.54,5.29,480,L,€/L,,,https://driveimg1.intermarche.com/pt/Content/images/boitmal/produit/zoom/BDA62A6B9333A70897E09AEAD0B62BBF.jpg,,,,,2024-12-11T23:59:59.999999999Z,PROSPECTUS,10,1
5847,5604260130252,750.0,Selecção de Enófilos,"Vinho DOC Alentejo, Reserva, Tinto",Garrafa de 0.75 l,2.49,3.32,750,L,€/L,,,https://driveimg1.intermarche.com/pt/Content/images/boitmal/produit/zoom/4202BF71666B682D8CD8B8989D1761E1.jpg,,,,,2024-12-24T23:59:59.999999999Z,PROSPECTUS,10,1
477,3010470159051,2000.0,Friskies,"Ração para gato adulto com coelho, frango e legumes",Embalagem de 2kg,6.74,3.37,0,kg,€/Kg,,,https://driveimg1.intermarche.com/pt/Content/images/boitmal/produit/zoom/7DEEDCA72B128992156D55C0C8DE0876.jpg,,,,,2024-12-11T23:59:59.999999999Z,PROSPECTUS,10,1
8383,5601049132995,1000.0,Mimosa,"Leite uht meio gordo, embalagem de 1litro",,0.89,0.89,1000,L,€/L,,,https://driveimg1.intermarche.com/pt/Content/images/boitmal/produit/zoom/6FB52C843F677BD37D399D45BB10B38B.jpg,https://driveimg1.intermarche.com/pt/Content/images/boitmal/produit/zoom/AE810093A08CEBD60415DCC626CF5804.jpg,https://driveimg1.intermarche.com/pt/Content/images/boitmal/produit/zoom/A0562293538F541B1B99592AA046327B.jpg,,,2024-12-11T23:59:59.999999999Z,PROSPECTUS,10,1
12887,2892089000000,500.0,Fruta,Manga Barco,1 un = 500 gr (aprox.),1.25,2.49,0,,€/Kg,,,https://driveimg1.intermarche.com/pt/Content/images/boitmal/produit/zoom/7DE73DFAB226CDE947BB89C61333D3FE.jpg,,,,,2024-12-11T23:59:59.999999999Z,PROSPECTUS,10,1
2518,7613033814693,400.0,Nestlé,"Fruta para bebé 7 frutos +6 meses, embalagem de 4 x 100g",,2.44,6.1,0,kg,€/Kg,,,https://driveimg1.intermarche.com/pt/Content/images/boitmal/produit/zoom/18CF4010C8E037B64FBADB6A5A35AF8F.jpg,,,,,2024-12-11T23:59:59.999999999Z,PROSPECTUS,10,1
1323,5601163020512,9000.0,Luso,"Água sem gás, pack 6 x 1.5 l",,3.48,0.39,9000,L,€/L,,,https://driveimg1.intermarche.com/pt/Content/images/boitmal/produit/zoom/001A786D3A6068914B18C4EF27206C2E.jpg,,,,,2024-12-11T23:59:59.999999999Z,PROSPECTUS,10,1
30168,2696660000000,80.0,Padaria,Cacetinho de Trigo,80 g,0.19,2.38,0,kg,€/Kg,,,https://driveimg1.intermarche.com/pt/Content/images/boitmal/produit/zoom/061A32F66C5467484869F7F4ECEA0767.jpg,,,,,2024-12-11T23:59:59.999999999Z,PROSPECTUS,10,1
32408,5601050034967,600.0,Danone,"Danacol aveia, embalagem de 6 x 100g",,2.99,4.98,0,kg,€/Kg,,,https://driveimg1.intermarche.com/pt/Content/images/boitmal/produit/zoom/5CE656F263120C59B9C0953B21D516B7.jpg,,,,,2024-12-11T23:59:59.999999999Z,PROSPECTUS,10,1
2482,7613032584757,250.0,Cerelac,Papa infantil láctea 5 frutos +6 meses,Embalagem de 250g,3.19,12.76,0,kg,€/Kg,,,https://driveimg1.intermarche.com/pt/Content/images/boitmal/produit/zoom/3BA8FAB1CBB784A1F35D14E45DA423EA.jpg,,,,,2024-12-11T23:59:59.999999999Z,PROSPECTUS,10,1
15810,3094900059593,75.0,Aquafresh,Pasta Dentífrica Menta Suave,Embalagem de 75 ml,1.85,24.67,75,L,€/L,,,https://driveimg1.intermarche.com/pt/Content/images/boitmal/produit/zoom/23BC1431AAB789532FD2967AA69D21DC.jpg,,,,,2024-12-11T23:59:59.999999999Z,PROSPECTUS,10,1
35631,8410436329545,100.0,Sonasol,Bloco sanitário desinfectante duplo floral,Embalagem de 2 x 50 g,2.99,29.9,0,kg,€/Kg,,,https://driveimg1.intermarche.com/pt/Content/images/boitmal/produit/zoom/4EBD52C2D6799DC552F1A6B94AE3AADD.jpg,,,,,2024-12-11T23:59:59.999999999Z,PROSPECTUS,10,1
12146,5604260272785,750.0,Selecção de Enófilos,Espumoso moscato,"Garrafa de 0,75 l",3.39,4.52,750,L,€/L,,,https://driveimg1.intermarche.com/pt/Content/images/boitmal/produit/zoom/0A0A98BE17ADBF48ECEC0D2D97B4EA6E.jpg,,,,,2024-12-24T23:59:59.999999999Z,PROSPECTUS,10,1
32326,8002205352009,2000.0,Friskies,Ração para gato adulto com salmão e legumes,Embalagem de 2 kg,6.74,3.37,0,kg,€/Kg,,,https://driveimg1.intermarche.com/pt/Content/images/boitmal/produit/zoom/7BB16DEB21172930AE30D98EA700F916.jpg,,,,,2024-12-11T23:59:59.999999999Z,PROSPECTUS,10,1
8384,5601049133992,1000.0,Mimosa,"Leite uht magro, embalagem de 1litro",,0.89,0.89,1000,L,€/L,,,https://driveimg1.intermarche.com/pt/Content/images/boitmal/produit/zoom/128AB814EBA9C0783B386EB2E0A38CC9.jpg,https://driveimg1.intermarche.com/pt/Content/images/boitmal/produit/zoom/8C350978140C257D0AAD7365CD133F0C.jpg,https://driveimg1.intermarche.com/pt/Content/images/boitmal/produit/zoom/B9BED9F397071733FB4D36CBE39ECDBA.jpg,,,2024-12-11T23:59:59.999999999Z,PROSPECTUS,10,1
251,2696001000000,400.0,Padaria,Baguete,400 g,0.79,1.98,0,kg,€/Kg,,,https://driveimg1.intermarche.com/pt/Content/images/boitmal/produit/zoom/42C2E126B9E5B84C243F0668DEC3869F.jpg,,,,,2024-12-11T23:59:59.999999999Z,PROSPECTUS,10,1
12996,2892526000000,250.0,Legumes,Chuchu,1 un = 250 gr  (aprox.),0.62,2.49,0,,€/Kg,,,https://driveimg1.intermarche.com/pt/Content/images/boitmal/produit/zoom/9B3515E273EECDE0B69B6402C7F1BEB4.jpg,,,,,2024-12-11T23:59:59.999999999Z,PROSPECTUS,10,1
13095,2893071000000,100.0,Peixaria,Carapau Pequeno,1 un = 100 g (aprox.),0.4,3.99,0,,€/Kg,,,https://driveimg1.intermarche.com/pt/Content/images/boitmal/produit/zoom/07606BE143D22CF4796A63CA9C752E5B.jpg,,,,,2024-12-11T23:59:59.999999999Z,PROSPECTUS,10,1
1680,5602711001625,1000.0,Rar,"Açúcar areado amarelo, embalagem de 1kg",,1.59,1.59,0,kg,€/Kg,,,https://driveimg1.intermarche.com/pt/Content/images/boitmal/produit/zoom/939DA938A8E29956A82E9882A2E704A7.jpg,,,,,2024-12-11T23:59:59.999999999Z,PROSPECTUS,10,1
929,5601001187803,625.0,Nestlé,"Cereais chocapic, 625 g",,3.49,5.58,0,kg,€/Kg,,,https://driveimg1.intermarche.com/pt/Content/images/boitmal/produit/zoom/8DB31C1F3066D48D593AE11B75516670.jpg,,,,,2024-12-11T23:59:59.999999999Z,PROSPECTUS,10,1
974,5601024105051,3000.0,Fula,Óleo alimentar,Embalagem 3L,5.85,1.95,3000,L,€/L,,,https://driveimg1.intermarche.com/pt/Content/images/boitmal/produit/zoom/D641E1D4A518E21E0D8C212FCA92F32A.jpg,,,,,2024-12-11T23:59:59.999999999Z,PROSPECTUS,10,1
11588,5601151540909,600.0,Compal,"Néctar pêssego, pack 3 x 200 ml",,1.27,2.12,600,L,€/L,,,https://driveimg1.intermarche.com/pt/Content/images/boitmal/produit/zoom/AF3FB6DEEC4349ABAE7189D1F661A578.jpg,,,,,2024-12-11T23:59:59.999999999Z,PROSPECTUS,10,1
11640,5601180000993,1000.0,Vigor,"Leite pasteurizado gordo, de 1l",,0.98,0.98,1000,L,€/L,,,https://driveimg1.intermarche.com/pt/Content/images/boitmal/produit/zoom/12B86C68D7331166E668398B8E667665.jpg,,,,,2024-12-11T23:59:59.999999999Z,PROSPECTUS,10,1
1188,5601119007970,200.0,Nobre,"Salsichas de porco, lata de 200g",,1.39,6.95,0,kg,€/Kg,,,https://driveimg1.intermarche.com/pt/Content/images/boitmal/produit/zoom/F480FC52D56464F3C1B867155F4A37B9.jpg,,,,,2024-12-11T23:59:59.999999999Z,PROSPECTUS,10,1
11961,5603722505607,1000.0,Mimosa,"Leite sem lactose meio gordo, de 1l",,1.14,1.14,1000,L,€/L,,,https://driveimg1.intermarche.com/pt/Content/images/boitmal/produit/zoom/A98ED8A0E5E675A3AC1A551BCE75B0AB.jpg,https://driveimg1.intermarche.com/pt/Content/images/boitmal/produit/zoom/4E57BFE09E8D859BDBE1705476BB9F1B.jpg,https://driveimg1.intermarche.com/pt/Content/images/boitmal/produit/zoom/E1F70144AAFCC0EAEBFF05614177D009.jpg,,,2024-12-11T23:59:59.999999999Z,PROSPECTUS,10,1
1226,5601146001507,1500.0,Joi,"Refrigerante sem gás de manga/laranja, garrafa de 1,5 l",,1.29,0.86,1500,L,€/L,,,https://driveimg1.intermarche.com/pt/Content/images/boitmal/produit/zoom/DB9CD865FA14B43795929B354A61BA32.jpg,,,,,2024-12-11T23:59:59.999999999Z,PROSPECTUS,10,1
1274,5601151070758,410.0,Compal,"Feijão manteiga, lata de 410 ml",,1.09,2.66,410,L,€/L,,,https://driveimg1.intermarche.com/pt/Content/images/boitmal/produit/zoom/F168BC675838A1B24B473123F714EAB2.jpg,,,,,2024-12-11T23:59:59.999999999Z,PROSPECTUS,10,1
13242,2893227000000,200.0,Peixaria,Robalo de Viveiro,de 200 a 600 g (aprox.),1.6,7.99,0,,€/Kg,,,https://driveimg1.intermarche.com/pt/Content/images/boitmal/produit/zoom/A78EB4330416D93C926049780B1174CB.jpg,,,,,2024-12-11T23:59:59.999999999Z,PROSPECTUS,10,1
14865,2696212000000,,Pastelaria,Folhado Misto 90 g,,0.69,0.69,0,,€/Unidade,,,https://driveimg1.intermarche.com/pt/Content/images/boitmal/produit/zoom/164C27A781A7C68A965295D85BB7D95F.jpg,,,,,2024-12-11T23:59:59.999999999Z,PROSPECTUS,10,1
15125,2895006000000,150.0,Terra Nostra,Queijo Flamengo em Barra,1 un = 150 gr (aprox.),1.35,8.99,0,,€/Kg,,,https://driveimg1.intermarche.com/pt/Content/images/boitmal/produit/zoom/BF84618CA37316EE2612494B15F423CC.jpg,,,,,2024-12-11T23:59:59.999999999Z,PROSPECTUS,10,1
17523,2891246000000,1000.0,Porco,Pá York c/ Osso c/ Couro,Vendido ao peso a partir de 1 kg,3.49,3.49,0,,€/Kg,,,https://driveimg1.intermarche.com/pt/Content/images/boitmal/produit/zoom/B1774B7150E1E65399A00A5F3DC93922.jpg,,,,,2024-12-11T23:59:59.999999999Z,PROSPECTUS,10,1
18077,5601363013710,265.0,LayS,"Batata frita lisas originais, embalagem de 265 g",,2.09,7.89,0,kg,€/Kg,,,https://driveimg1.intermarche.com/pt/Content/images/boitmal/produit/zoom/69F2827786BE3780E05CB46C9CECF586.jpg,,,,,2024-12-11T23:59:59.999999999Z,PROSPECTUS,10,1
23469,8410500020453,280.0,Danone,"Danonino para levar, polpa de morango, embalagem de 4 x 70 g",,2.14,7.64,0,kg,€/Kg,,,https://driveimg1.intermarche.com/pt/Content/images/boitmal/produit/zoom/3E7A122EA567C89446D113FF66BFA0AE.jpg,,,,,2024-12-11T23:59:59.999999999Z,PROSPECTUS,10,1
26062,5601082041742,220.0,Delta,Café moagem universal timor,Embalagem de 220g,2.89,13.14,0,kg,€/Kg,,,https://driveimg1.intermarche.com/pt/Content/images/boitmal/produit/zoom/1A3EA6EE2397FA350913A71DB568B354.jpg,,,,,2024-12-11T23:59:59.999999999Z,PROSPECTUS,10,1
3526,2894034000000,150.0,Nobre,Fiambre da Perna Extra,1 un = 150 gr (aprox.),2.25,14.99,0,,€/Kg,,,https://driveimg1.intermarche.com/pt/Content/images/boitmal/produit/zoom/C76D05EF052819EDC79567520AD2D260.jpg,,,,,2024-12-11T23:59:59.999999999Z,PROSPECTUS,10,1
35499,5601151973769,3500.0,Sumol,"Refrigerante com gás de laranja, 2 x 1.75 l",,2.78,0.79,3500,L,€/L,,,https://driveimg1.intermarche.com/pt/Content/images/boitmal/produit/zoom/15C97042A71F49C362C4C213EA28900F.jpg,,,,,2024-12-11T23:59:59.999999999Z,PROSPECTUS,10,1
483,3033710046645,400.0,Nestlé,"Fruta para bebé maçã manga +6 meses, embalagem de 4 x 100g",,2.44,6.1,0,kg,€/Kg,,,https://driveimg1.intermarche.com/pt/Content/images/boitmal/produit/zoom/B957252E4468B4428B54FDF0DEC950C2.jpg,,,,,2024-12-11T23:59:59.999999999Z,PROSPECTUS,10,1
5246,5601151540886,600.0,Compal,"Néctar pêra, pack 3 x 200 ml",,1.27,2.12,600,L,€/L,,,https://driveimg1.intermarche.com/pt/Content/images/boitmal/produit/zoom/D6B34834645718035C7DBFF284A80A1D.jpg,,,,,2024-12-11T23:59:59.999999999Z,PROSPECTUS,10,1
7763,4014400901191,250.0,Merci,"Bombons de chocolate merci, embalagem de 250g",,5.99,23.96,0,kg,€/Kg,,,https://driveimg1.intermarche.com/pt/Content/images/boitmal/produit/zoom/2900B9B4786268814CDC44DE9670597D.jpg,,,,,2024-12-24T23:59:59.999999999Z,PROSPECTUS,10,1
9078,5601883000351,250.0,Nova Açores,"Manteiga com sal, embalagem de 250g",,1.99,7.96,0,kg,€/Kg,,,https://driveimg1.intermarche.com/pt/Content/images/boitmal/produit/zoom/E131D1B806869A8D2A8CB27A9731E282.jpg,,,,,2024-12-11T23:59:59.999999999Z,PROSPECTUS,10,1
9184,5602348062754,70.0,Damatta,Presunto sabor português fatiado,Embalagem de 70 g,2.29,32.71,0,kg,€/Kg,,,https://driveimg1.intermarche.com/pt/Content/images/boitmal/produit/zoom/9AE2DBDD0E054DD3DCAC93A9D0EE8ECE.jpg,,,,,2024-12-11T23:59:59.999999999Z,PROSPECTUS,10,1
9300,5603722497261,1500.0,Pleno,"Tisana chá verde/limão, garrafa de 1,5 l",,1.59,1.06,1500,L,€/L,,,https://driveimg1.intermarche.com/pt/Content/images/boitmal/produit/zoom/7EF2B204E50EAE71668E7C4A97DD36C7.jpg,,,,,2024-12-11T23:59:59.999999999Z,PROSPECTUS,10,1
11466,5601018004605,200.0,Gresso,Nata uht para bater 200 ml,,0.79,3.95,200,L,€/L,,,https://driveimg1.intermarche.com/pt/Content/images/boitmal/produit/zoom/6D55411BE639B830632A68D20D002036.jpg,,,,,2024-12-11T23:59:59.999999999Z,PROSPECTUS,10,1
11641,5601180001020,1000.0,Vigor,Leite pasteurizado meio gordo,Garrafa de 1 l,0.98,0.98,1000,L,€/L,,,https://driveimg1.intermarche.com/pt/Content/images/boitmal/produit/zoom/C25BCB5001E1A92DAA543A65EC5B2802.jpg,,,,,2024-12-11T23:59:59.999999999Z,PROSPECTUS,10,1
1195,5601119230224,650.0,Nobre,"Salsichas extra suculentas, frasco de 650 g",,2.09,3.22,0,kg,€/Kg,,,https://driveimg1.intermarche.com/pt/Content/images/boitmal/produit/zoom/F74C2FC7C8B9C0B3ED0E43FFE3B59991.jpg,,,,,2024-12-11T23:59:59.999999999Z,PROSPECTUS,10,1
12230,7613034192264,250.0,Cerelac,Papa infantil para preparar com leite +6 meses,Embalagem de 250g,1.84,7.36,0,kg,€/Kg,,,https://driveimg1.intermarche.com/pt/Content/images/boitmal/produit/zoom/71A50A4D3564A93E8A6CF702B1916C84.jpg,,,,,2024-12-11T23:59:59.999999999Z,PROSPECTUS,10,1
13852,2891020000000,100.0,Novilho,Fígado,1 un = 100 gr (aprox.),0.55,5.49,0,,€/Kg,,,https://driveimg1.intermarche.com/pt/Content/images/boitmal/produit/zoom/7F21D014BF856223502CE366D77F0F5C.jpg,,,,,2024-12-11T23:59:59.999999999Z,PROSPECTUS,10,1
13966,2696019000000,450.0,Padaria,Pão Regional Rio Maior Inteiro,1 unidade= 450 g,1.09,2.42,0,kg,€/Kg,,,https://driveimg1.intermarche.com/pt/Content/images/boitmal/produit/zoom/868CC38F01B8F1FD056036A7F49504A8.jpg,,,,,2024-12-11T23:59:59.999999999Z,PROSPECTUS,10,1
14346,3387390406849,150.0,Nestlé,"Barras cereais chocapic, embalagem de 150g",,2.99,19.93,0,kg,€/Kg,,,https://driveimg1.intermarche.com/pt/Content/images/boitmal/produit/zoom/A9E143A7AE167B7B2DF153E69E157760.jpg,,,,,2024-12-11T23:59:59.999999999Z,PROSPECTUS,10,1
1467,5601286236784,500.0,Milaneza,"Massa de espirais, embalagem de 500g",,1.04,2.08,0,kg,€/Kg,,,https://driveimg1.intermarche.com/pt/Content/images/boitmal/produit/zoom/90F3AD9985391E2BB3C76374F1217643.jpg,,,,,2024-12-11T23:59:59.999999999Z,PROSPECTUS,10,1
14879,2696313000000,,Pastelaria,Croissant Brioche 85 g,,0.59,0.59,0,,€/Unidade,,,https://driveimg1.intermarche.com/pt/Content/images/boitmal/produit/zoom/53A872BBC45BBDDAC9749CC51F8CB1EC.jpg,,,,,2024-12-11T23:59:59.999999999Z,PROSPECTUS,10,1
15010,2892545000000,1000.0,Programa Origens,Couve Flor,1 un = 1 kg (aprox.),1.69,1.69,0,,€/Kg,,,https://driveimg1.intermarche.com/pt/Content/images/boitmal/produit/zoom/93AF9BD404AC9C131A6A0C88150C31D1.jpg,,,,,2024-12-11T23:59:59.999999999Z,PROSPECTUS,10,1
15981,5601119244375,210.0,Nobre,"Salsichas extra suculentas de frango, frasco de 210g",,2.39,11.38,0,kg,€/Kg,,,https://driveimg1.intermarche.com/pt/Content/images/boitmal/produit/zoom/FF112EFB90E4953B2240BF7E131FD2C0.jpg,,,,,2024-12-11T23:59:59.999999999Z,PROSPECTUS,10,1
18080,5601008100560,168.0,Vieira,"Bolachas água e sal doces, embalagem de 170g",,2.09,12.44,0,kg,€/Kg,,,https://driveimg1.intermarche.com/pt/Content/images/boitmal/produit/zoom/ED338E782DB58A3903FA7306882C5703.jpg,,,,,2024-12-11T23:59:59.999999999Z,PROSPECTUS,10,1
20201,5603722516221,1500.0,Pleno,"Tisana chá camomila e romã, de 1,5 l",,1.59,1.06,1500,L,€/L,,,https://driveimg1.intermarche.com/pt/Content/images/boitmal/produit/zoom/7D295EE342D567A594A666D24B68A8E1.jpg,,,,,2024-12-11T23:59:59.999999999Z,PROSPECTUS,10,1
21745,7613035659728,250.0,Cerelac,Papa infantil não láctea multicereais +6 meses,Embalagem de 250g,2.39,9.56,0,kg,€/Kg,,,https://driveimg1.intermarche.com/pt/Content/images/boitmal/produit/zoom/90667A298E4003D9445C62EE2E028371.jpg,,,,,2024-12-11T23:59:59.999999999Z,PROSPECTUS,10,1
21749,7613035766532,250.0,Nestum,"Nestum chocolate, embalagem de 250g",,2.14,8.56,0,kg,€/Kg,,,https://driveimg1.intermarche.com/pt/Content/images/boitmal/produit/zoom/56615AB89B36DE078E553AF04539E1E0.jpg,,,,,2024-12-11T23:59:59.999999999Z,PROSPECTUS,10,1
22164,5601260254056,500.0,Saludães,"Arroz doce especial, embalagem de 500g",,0.83,1.66,0,kg,€/Kg,,,https://driveimg1.intermarche.com/pt/Content/images/boitmal/produit/zoom/C73C7DA612DE17339FC2172D24F6B83B.jpg,,,,,2024-12-11T23:59:59.999999999Z,PROSPECTUS,10,1
22327,7613035766488,250.0,Nestum,"Nestum bolacha maria, embalagem de 250g",,2.14,8.56,0,kg,€/Kg,,,https://driveimg1.intermarche.com/pt/Content/images/boitmal/produit/zoom/D162EB2F874EE55DA9D5C3AD396EFB47.jpg,,,,,2024-12-11T23:59:59.999999999Z,PROSPECTUS,10,1
22335,5000116110940,420.0,Capitão Iglo,"15 douradinhos, embalagem de 420g",,4.99,11.88,0,kg,€/Kg,,Tipo de stockagem,https://driveimg1.intermarche.com/pt/Content/images/boitmal/produit/zoom/3973A8C90F686ECB72E76C3B0A0492D4.jpg,,,,,2024-12-11T23:59:59.999999999Z,PROSPECTUS,10,1
2249,5604260267682,500.0,Kings Bräu,"Cerveja com álcool, lata","Embalagem de 0,50 l",0.65,1.3,500,L,€/L,,,https://driveimg1.intermarche.com/pt/Content/images/boitmal/produit/zoom/FC48C06C2E921680338523A8F8F52E6A.jpg,,,,,2024-12-11T23:59:59.999999999Z,PROSPECTUS,10,1
2403,5608543000072,20.0,Tetley,"Chá de mel, limão e ginseng",Embalagem de 20g,0.95,47.5,0,kg,€/Kg,,,https://driveimg1.intermarche.com/pt/Content/images/boitmal/produit/zoom/9B1217457C8CB66C8447C64453800613.jpg,,,,,2024-12-11T23:59:59.999999999Z,PROSPECTUS,10,1
24370,5601050033052,620.0,Danone,"Iogurte líquido morango / framboesa corpos danone, embalagem de 4 x 155g",,1.89,3.05,0,kg,€/Kg,,,https://driveimg1.intermarche.com/pt/Content/images/boitmal/produit/zoom/B53E7B84291132B08A3B77128B6BF1A5.jpg,,,,,2024-12-11T23:59:59.999999999Z,PROSPECTUS,10,1
24371,5601050033014,620.0,Danone,"Iogurte líquido pinacolada corpos danone, embalagem de 4 x 155g",,1.89,3.05,0,kg,€/Kg,,,https://driveimg1.intermarche.com/pt/Content/images/boitmal/produit/zoom/6B78DED571E8DAF3CF098A27E97064BA.jpg,,,,,2024-12-11T23:59:59.999999999Z,PROSPECTUS,10,1
2459,7613031497096,400.0,Nestlé,"Fruta para bebé maçã pera +4 meses, embalagem de 4 x 100g",,2.44,6.1,0,kg,€/Kg,,,https://driveimg1.intermarche.com/pt/Content/images/boitmal/produit/zoom/A3657AC5DA61941E17EE1AD603103EE0.jpg,,,,,2024-12-11T23:59:59.999999999Z,PROSPECTUS,10,1
2480,7613032584436,250.0,Cerelac,"Papa infantil láctea maçã +6 meses, embalagem de 250g",,3.19,12.76,0,kg,€/Kg,,,https://driveimg1.intermarche.com/pt/Content/images/boitmal/produit/zoom/DE2856C1EA531D0617965332F05D89D4.jpg,,,,,2024-12-11T23:59:59.999999999Z,PROSPECTUS,10,1
2483,7613032607463,250.0,Cerelac,"Papa infantil não láctea 8 cereais e mel +6 meses, de 250g",,2.39,9.56,0,kg,€/Kg,,,https://driveimg1.intermarche.com/pt/Content/images/boitmal/produit/zoom/D8960B1BDF9EC6F37D85F527DA09587D.jpg,,,,,2024-12-11T23:59:59.999999999Z,PROSPECTUS,10,1
25331,3600542075015,400.0,Garnier,Champô Ultra Suave Leite de Coco e Macadâmia,Embalagem com 400 ml,3.79,9.48,400,L,€/L,,,https://driveimg1.intermarche.com/pt/Content/images/boitmal/produit/zoom/35117F22FB44C0A7EBFA24D2AFCF6944.jpg,,,,,2024-12-11T23:59:59.999999999Z,PROSPECTUS,10,1
2740,8410063016627,400.0,Pescanova,"4 filetes de pescada panados com limão, embalagem de 400g",,4.65,11.63,0,kg,€/Kg,,Tipo de stockagem,https://driveimg1.intermarche.com/pt/Content/images/boitmal/produit/zoom/793D04BEFB15F5DF82BA7896A4F9F018.jpg,,,,,2024-12-11T23:59:59.999999999Z,PROSPECTUS,10,1
28507,8006540618752,,Dodot,Fraldas Bebé Seco Extra +14kg T6,Embalagem c/ 48 un.,13.49,13.49,0,,€/Unidade,,,https://driveimg1.intermarche.com/pt/Content/images/boitmal/produit/zoom/3B2C8C276E6D8600A83CC88CD26B6A19.jpg,,,,,2024-12-11T23:59:59.999999999Z,PROSPECTUS,10,1
28678,5605173897348,2000.0,Maçã da Beira Alta IGP,Maçã Golden,Embalagem de 2 kg,2.45,1.23,0,kg,€/Kg,,,https://driveimg1.intermarche.com/pt/Content/images/boitmal/produit/zoom/FD501586D19B3686949652632F7B3864.jpg,,,,,2024-12-11T23:59:59.999999999Z,PROSPECTUS,10,1
32063,8712423038844,33.0,Knorr,"Strogonoff 1, 2, 3...sabor!, embalagem de 33 g",,0.99,30.0,0,kg,€/Kg,,,https://driveimg1.intermarche.com/pt/Content/images/boitmal/produit/zoom/4A8045759567B372AE215D4B257F03A8.jpg,,,,,2024-12-11T23:59:59.999999999Z,PROSPECTUS,10,1
32104,8001090639073,300.0,Pantene,Champô 3 em 1 Clássico,300 ml,3.94,13.13,300,L,€/L,,,https://driveimg1.intermarche.com/pt/Content/images/boitmal/produit/zoom/BE2AB945B06DD7E4B345C0575695E7A2.jpg,,,,,2024-12-11T23:59:59.999999999Z,PROSPECTUS,10,1
34597,5600376210390,250.0,Pasta do Dia,"Massa folhada retangular, embalagem de 250g",,1.99,7.96,0,kg,€/Kg,,,https://driveimg1.intermarche.com/pt/Content/images/boitmal/produit/zoom/B4FA1D3419D28314AAE8FA37375CE9A0.jpg,,,,,2024-12-11T23:59:59.999999999Z,PROSPECTUS,10,1
35097,8711327315600,440.0,Magnum,"Gelado de chocolate branco e cookies, embalagem de 440 ml",,3.99,9.07,440,L,€/L,,Tipo de stockagem,https://driveimg1.intermarche.com/pt/Content/images/boitmal/produit/zoom/744EDC15FD38572D44883AF2941B2FB8.jpg,https://driveimg1.intermarche.com/pt/Content/images/boitmal/produit/zoom/053F7BCDF3B5574D77DAE8E6E99DA348.jpg,https://driveimg1.intermarche.com/pt/Content/images/boitmal/produit/zoom/053F7BCDF3B5574D77DAE8E6E99DA348.jpg,https://driveimg1.intermarche.com/pt/Content/images/boitmal/produit/zoom/053F7BCDF3B5574D77DAE8E6E99DA348.jpg,,2024-12-11T23:59:59.999999999Z,PROSPECTUS,10,1
35138,5603722517655,960.0,Mimosa,"Iogurte sólido aroma morango, ananás e banana, 8 x 120 g",,1.89,1.97,0,kg,€/Kg,,,https://driveimg1.intermarche.com/pt/Content/images/boitmal/produit/zoom/7070B93AC2DB23DCF61734D801E40E6D.jpg,,,,,2024-12-11T23:59:59.999999999Z,PROSPECTUS,10,1
35913,5603722498022,800.0,Mimosa,"Leite bem essencial morango , embalagem de 4 x 200 ml",,1.69,2.11,800,L,€/L,,,https://driveimg1.intermarche.com/pt/Content/images/boitmal/produit/zoom/4B6AB6C5E199D6DAC849805FE4702BB4.jpg,,,,,2024-12-11T23:59:59.999999999Z,PROSPECTUS,10,1
35914,5603722509643,800.0,Mimosa,"Leite bem essencial cereais, embalagem de 4 x 200 ml",,1.69,2.11,800,L,€/L,,,https://driveimg1.intermarche.com/pt/Content/images/boitmal/produit/zoom/53D601E4EFD5900D77A7BE2A45205C39.jpg,,,,,2024-12-11T23:59:59.999999999Z,PROSPECTUS,10,1
36657,5601217132673,500.0,Cillitbang,"Spray lixívia e higiene, de 500 ml",,2.49,4.98,500,L,€/L,,,https://driveimg1.intermarche.com/pt/Content/images/boitmal/produit/zoom/D9B27A41A222F2F218026715A414F2D0.jpg,,,,,2024-12-11T23:59:59.999999999Z,PROSPECTUS,10,1
37778,8710847944420,500.0,Skip,"Tira nódoas em spray, embalagem de 500 ml",,4.19,8.38,500,L,€/L,,,https://driveimg1.intermarche.com/pt/Content/images/boitmal/produit/zoom/5DB69985383F70611DE6A7DD77E8F30A.jpg,,,,,2024-12-11T23:59:59.999999999Z,PROSPECTUS,10,1
37799,7613037096828,240.0,Cerelac,Farinha láctea seleção da natureza aveia e centeio +6 meses,Embalagem de 240 g,2.99,12.46,0,kg,€/Kg,,,https://driveimg1.intermarche.com/pt/Content/images/boitmal/produit/zoom/196E9C25A91135A06C0EF78AB5B82C2A.jpg,,,,,2024-12-11T23:59:59.999999999Z,PROSPECTUS,10,1
39871,5604321029303,13.0,Cemporcento,"Chá infusão gengibre, embalagem de 13g",,0.69,53.08,0,kg,€/Kg,,,https://driveimg1.intermarche.com/pt/Content/images/boitmal/produit/zoom/5C9139CB78F11D227811447AA76C96D3.jpg,,,,,2024-12-11T23:59:59.999999999Z,PROSPECTUS,10,1
41901,7613037677591,250.0,Cerelac,"Farinha láctea menos 40% açúcar, embalagem de 250g",,2.24,8.96,0,kg,€/Kg,,,https://driveimg1.intermarche.com/pt/Content/images/boitmal/produit/zoom/029375962274AEB82420915E9195E54A.jpg,,,,,2024-12-11T23:59:59.999999999Z,PROSPECTUS,10,1
42084,5601082045160,55.0,Delta Q,Café Qharacter XXL,Embalagem com 60 cápsulas,18.99,345.27,0,kg,€/Kg,,,https://driveimg1.intermarche.com/pt/Content/images/boitmal/produit/zoom/B9350146920B788E5CF7EFC4F69CCF1A.jpg,,,,,2024-12-11T23:59:59.999999999Z,PROSPECTUS,10,1
4315,3600540542861,400.0,Garnier,Champô Ultra Suave de abacate & karité,Embalagem de 400 ml,3.79,9.48,400,L,€/L,,,https://driveimg1.intermarche.com/pt/Content/images/boitmal/produit/zoom/5D548857F0BA2FC243E68F54B6437483.jpg,,,,,2024-12-11T23:59:59.999999999Z,PROSPECTUS,10,1
43214,5603722519796,400.0,Castelões,"Queijo curado fatias, embalagem de 2 x 200g",,3.89,9.73,0,kg,€/Kg,,,https://driveimg1.intermarche.com/pt/Content/images/boitmal/produit/zoom/649D651B4B5791A6D75ADB6F634902EB.jpg,,,,,2024-12-11T23:59:59.999999999Z,PROSPECTUS,10,1
43215,5603722519802,300.0,Castelões,"Queijo curado fatias sem lactose, 2x150g",,3.49,11.63,0,kg,€/Kg,,,https://driveimg1.intermarche.com/pt/Content/images/boitmal/produit/zoom/00AFD4E031A3F72FB642915439BD8EFE.jpg,,,,,2024-12-11T23:59:59.999999999Z,PROSPECTUS,10,1
44104,2696661000000,90.0,Padaria,Cacetinho de trigo integral,90 g,0.19,2.11,0,kg,€/Kg,,,https://driveimg1.intermarche.com/pt/Content/images/boitmal/produit/zoom/DC4B31D5116A1A43F4BD72090A42EAD2.jpg,,,,,2024-12-11T23:59:59.999999999Z,PROSPECTUS,10,1
44701,5053990156009,175.0,Pringles,"Snacks batata original, embalagem de 175g",,2.39,13.66,0,kg,€/Kg,,,https://driveimg1.intermarche.com/pt/Content/images/boitmal/produit/zoom/BE87AADF1BA674A5818FDF008937F90A.jpg,https://driveimg1.intermarche.com/pt/Content/images/boitmal/produit/zoom/843E1395B62C4B40E91467CF90852642.jpg,https://driveimg1.intermarche.com/pt/Content/images/boitmal/produit/zoom/843E1395B62C4B40E91467CF90852642.jpg,https://driveimg1.intermarche.com/pt/Content/images/boitmal/produit/zoom/843E1395B62C4B40E91467CF90852642.jpg,,2024-12-11T23:59:59.999999999Z,PROSPECTUS,10,1
44702,5053990155354,175.0,Pringles,"Snacks batata sour cream & onion, embalagem de 175g",,2.39,13.66,0,kg,€/Kg,,,https://driveimg1.intermarche.com/pt/Content/images/boitmal/produit/zoom/0C0E56E5BC42C468A1D6A594D5BD0C63.jpg,https://driveimg1.intermarche.com/pt/Content/images/boitmal/produit/zoom/3743B152C095FACA5BB155343DC8A7EE.jpg,https://driveimg1.intermarche.com/pt/Content/images/boitmal/produit/zoom/3743B152C095FACA5BB155343DC8A7EE.jpg,https://driveimg1.intermarche.com/pt/Content/images/boitmal/produit/zoom/3743B152C095FACA5BB155343DC8A7EE.jpg,https://driveimg1.intermarche.com/pt/Content/images/boitmal/produit/zoom/3743B152C095FACA5BB155343DC8A7EE.jpg,2024-12-11T23:59:59.999999999Z,PROSPECTUS,10,1
45380,5601050036954,620.0,Danone,"Iogurte magro corpos danone líquido frutos tropicais, 4 x 155 g",,1.89,3.05,0,kg,€/Kg,,,https://driveimg1.intermarche.com/pt/Content/images/boitmal/produit/zoom/231284A4A018EB1BDB97D1E53DC7ECFE.jpg,,,,,2024-12-11T23:59:59.999999999Z,PROSPECTUS,10,1
45773,5054563087829,75.0,Aquafresh,"Pasta dentífrica eucalipto, lima e menta",Embalagem de 75ml,1.85,24.67,75,L,€/L,,,https://driveimg1.intermarche.com/pt/Content/images/boitmal/produit/zoom/1F94A046F2A6C727F7B6BE2D468B428F.jpg,,,,,2024-12-11T23:59:59.999999999Z,PROSPECTUS,10,1
46170,5601260105105,1000.0,Cigala,"Arroz agulha integral, embalagem de 1 kg",,1.29,1.29,0,kg,€/Kg,,,https://driveimg1.intermarche.com/pt/Content/images/boitmal/produit/zoom/2EE7EA768CBB8009C4CDB9B5E03BD85A.jpg,,,,,2024-12-11T23:59:59.999999999Z,PROSPECTUS,10,2
47635,8412600018316,300.0,Bimbo,Bimbo® bagels clássico 4 un.,Embalagem de 300g,2.29,7.63,0,kg,€/Kg,,,https://driveimg1.intermarche.com/pt/Content/images/boitmal/produit/zoom/E29B7F13889FE8AF18A9C1C0F8DAA10D.jpg,,,,,2024-12-11T23:59:59.999999999Z,PROSPECTUS,10,2
47636,8412600018323,300.0,Bimbo,Bimbo® bagels sementes 4 un.,Embalagem de 300g,2.29,7.63,0,kg,€/Kg,,,https://driveimg1.intermarche.com/pt/Content/images/boitmal/produit/zoom/BF6C29E8954E6CC8FE9F7A9ADC699919.jpg,,,,,2024-12-11T23:59:59.999999999Z,PROSPECTUS,10,2
49075,8006540877029,385.0,Pantene,"Champô aqualight, 385 ml",,3.89,10.1,385,L,€/L,,,https://driveimg1.intermarche.com/pt/Content/images/boitmal/produit/zoom/E32E6931F93D04C28A5B5DFF75BDC9F3.jpg,,,,,2024-12-11T23:59:59.999999999Z,PROSPECTUS,10,2
50946,8003340096506,200.0,Lindt,Bombons Chocolate e Avelã,Embalagem de 200g,5.99,29.95,0,kg,€/Kg,,,https://driveimg1.intermarche.com/pt/Content/images/boitmal/produit/zoom/BCB72B960323874DA3619D0F94589E7B.jpg,,,,,2024-12-24T23:59:59.999999999Z,PROSPECTUS,10,2
5095,5601050026405,300.0,Danone,"Queijinho dadoninho petitdino de morango, embalagem de 6 x 50g",,1.99,6.63,0,kg,€/Kg,,,https://driveimg1.intermarche.com/pt/Content/images/boitmal/produit/zoom/285FD05A8135D405134AF6FB325A781F.jpg,,,,,2024-12-11T23:59:59.999999999Z,PROSPECTUS,10,2
51369,5000116125791,1400.0,Capitão Iglo,"50 douradinhos de peixe ómega 3 iglo, embalagem de 1.4 kg",,13.99,9.99,0,kg,€/Kg,,Tipo de stockagem,https://driveimg1.intermarche.com/pt/Content/images/boitmal/produit/zoom/6C5BC15FEE115209F2EC3E0B9DBA1CCD.jpg,,,,,2024-12-11T23:59:59.999999999Z,PROSPECTUS,10,2
51508,8006540314470,235.0,Pantene,Creme ondas,235 ml,7.99,34.0,235,L,€/L,,,https://driveimg1.intermarche.com/pt/Content/images/boitmal/produit/zoom/8B92D1DB4CA9DEA976D9F04C2EDBA11E.jpg,,,,,2024-12-11T23:59:59.999999999Z,PROSPECTUS,10,2
51908,3073781193169,125.0,A Vaca Que Ri,"Queijo fundido light, 125g",,1.69,13.52,0,kg,€/Kg,,,https://driveimg1.intermarche.com/pt/Content/images/boitmal/produit/zoom/DDB0DD03C426F497B7B8B17EEEC004CB.jpg,,,,,2024-12-11T23:59:59.999999999Z,PROSPECTUS,10,2
51912,3073781193060,125.0,A Vaca Que Ri,"Queijo fundido, 125g",,1.69,13.52,0,kg,€/Kg,,,https://driveimg1.intermarche.com/pt/Content/images/boitmal/produit/zoom/3FC94A6D07313D7F7E804BD53D0400B8.jpg,,,,,2024-12-11T23:59:59.999999999Z,PROSPECTUS,10,2
52602,5601217137937,1710.0,Quanto,"Amaciador roupa concentrado lirios e frutos vermelhos, 95 doses",,3.99,2.33,1710,L,€/L,,,https://driveimg1.intermarche.com/pt/Content/images/boitmal/produit/zoom/D5EC13B4D27621ECAF91289F5FDA9612.jpg,,,,,2024-12-11T23:59:59.999999999Z,PROSPECTUS,10,2
5272,5601164902312,4800.0,Super Bock,"Cerveja com álcool, pack 24 x 0.20 l",,9.99,2.08,4800,L,€/L,,,https://driveimg1.intermarche.com/pt/Content/images/boitmal/produit/zoom/A98E5FF8E5DDF166F2B333F0EE0114E7.jpg,https://driveimg1.intermarche.com/pt/Content/images/boitmal/produit/zoom/C2C2858ADC421F33AF17C6115D108100.jpg,,,,2024-12-11T23:59:59.999999999Z,PROSPECTUS,10,2
52843,5601008413424,150.0,Vieira,"Bolachas Maria sem Açúcar, 150g",,1.39,9.27,0,kg,€/Kg,,,https://driveimg1.intermarche.com/pt/Content/images/boitmal/produit/zoom/B77D0B149EA58FDA53FE72F50FEDD234.jpg,,,,,2024-12-11T23:59:59.999999999Z,PROSPECTUS,10,2
52883,8719200267824,1000.0,Planta,"Creme vegetal para barrar original, 1 kg",,4.99,4.99,0,kg,€/Kg,,,https://driveimg1.intermarche.com/pt/Content/images/boitmal/produit/zoom/936FEB2670E44E85562B9564D40B3E6A.jpg,https://driveimg1.intermarche.com/pt/Content/images/boitmal/produit/zoom/CBB4812E883E0A943660F7C5BD667E18.jpg,https://driveimg1.intermarche.com/pt/Content/images/boitmal/produit/zoom/CBB4812E883E0A943660F7C5BD667E18.jpg,,,2024-12-11T23:59:59.999999999Z,PROSPECTUS,10,2
5298,5601174301006,750.0,Alambre,"Moscatel de setúbal, garrafa de 0,75l",,4.99,6.65,750,L,€/L,,,https://driveimg1.intermarche.com/pt/Content/images/boitmal/produit/zoom/2AE0722A95A9B01CB9076AA574EAA2BE.jpg,,,,,2024-12-24T23:59:59.999999999Z,PROSPECTUS,10,2
53215,7613287300423,,Nescafé,"Café cápsulas dolce gusto buondi, 48 unidades",,13.99,13.99,48,,€/Unidade,,,https://driveimg1.intermarche.com/pt/Content/images/boitmal/produit/zoom/73F032AF2523A2ECCDF55C3F8DC080E7.jpg,https://driveimg1.intermarche.com/pt/Content/images/boitmal/produit/zoom/8D8B92EE92A77C536C79B5FADFE86C51.jpg,https://driveimg1.intermarche.com/pt/Content/images/boitmal/produit/zoom/8D8B92EE92A77C536C79B5FADFE86C51.jpg,,,2024-12-11T23:59:59.999999999Z,PROSPECTUS,10,2
53231,8445290752475,180.0,Cerelac,"Farinha não láctea 0% açúcar multicereais, 180g",,2.24,12.44,0,kg,€/Kg,,,https://driveimg1.intermarche.com/pt/Content/images/boitmal/produit/zoom/A7BFFF2BFEADB396EE2B5E590CBA9878.jpg,,,,,2024-12-11T23:59:59.999999999Z,PROSPECTUS,10,2
54277,3600542571982,400.0,Garnier,"Shampoo Ultra Suave Água de Arroz, 400ml",,3.79,9.48,400,L,€/L,,,https://driveimg1.intermarche.com/pt/Content/images/boitmal/produit/zoom/BCD88ADADB3465B3B2A59EA32CB5BB9E.jpg,,,,,2024-12-11T23:59:59.999999999Z,PROSPECTUS,10,2
54361,8410104915186,,Finish,"Detergente Loiça Máquina Quantum Limão, 28 Pastilhas",,5.99,5.99,0,,€/Unidade,,,https://driveimg1.intermarche.com/pt/Content/images/boitmal/produit/zoom/AF6445EE2B2537230E8784866A377CB3.jpg,,,,,2024-12-11T23:59:59.999999999Z,PROSPECTUS,10,2
5745,5603722513718,1000.0,Vigor,Leite pasteurizado m/g sem lactose,Garrafa de 1 l,1.15,1.15,1000,L,€/L,,,https://driveimg1.intermarche.com/pt/Content/images/boitmal/produit/zoom/4A274333D648928B02F1993344237862.jpg,,,,,2024-12-11T23:59:59.999999999Z,PROSPECTUS,10,2
767,4005500030287,400.0,Yogolino,Sobremesa láctea banana 4x100g,,2.24,5.6,0,kg,€/Kg,,,https://driveimg1.intermarche.com/pt/Content/images/boitmal/produit/zoom/A0BB60E9F5E33B5B09F3E17A632208B0.jpg,,,,,2024-12-11T23:59:59.999999999Z,PROSPECTUS,10,2
774,4008400102528,160.0,Mon Chéri,Bombons de chocolate,Embalagem de 160g,4.79,29.94,0,kg,€/Kg,,,https://driveimg1.intermarche.com/pt/Content/images/boitmal/produit/zoom/06E35E72C313819BC0684E7A6E3534D5.jpg,,,,,2024-12-11T23:59:59.999999999Z,PROSPECTUS,10,2
8752,5601217102065,1000.0,Finish,"Sal para máquina de lavar loiça, embalagem de 1 kg",,1.89,1.89,0,kg,€/Kg,,,https://driveimg1.intermarche.com/pt/Content/images/boitmal/produit/zoom/D8090F73E97416F92FF4C25B1B1ED407.jpg,,,,,2024-12-11T23:59:59.999999999Z,PROSPECTUS,10,2
9111,5601989001412,750.0,Monte Velho,"Vinho regional alentejano tinto, garrafa de 0.75 l",,3.59,4.79,750,L,€/L,,,https://driveimg1.intermarche.com/pt/Content/images/boitmal/produit/zoom/5313E203A06105D1BF7A5AD8308AD864.jpg,,,,,2024-12-11T23:59:59.999999999Z,PROSPECTUS,10,2
9113,5601989001566,750.0,Monte Velho,"Vinho branco alentejo, garrafa de 750 ml",,3.59,4.79,750,L,€/L,,,https://driveimg1.intermarche.com/pt/Content/images/boitmal/produit/zoom/7B25882D8E40FB5175386823B109A8BD.jpg,,,,,2024-12-11T23:59:59.999999999Z,PROSPECTUS,10,2
9299,5603722497254,1500.0,Pleno,"Tisana chá de cidreira e tília, garrafa de 1,5 l",,1.59,1.06,1500,L,€/L,,,https://driveimg1.intermarche.com/pt/Content/images/boitmal/produit/zoom/192748706F742E810B6FDFE78ABDE277.jpg,,,,,2024-12-11T23:59:59.999999999Z,PROSPECTUS,10,2
9315,5603722509544,1000.0,Mimosa,"Leite 0% lactose magro, de 1l",,1.14,1.14,1000,L,€/L,,,https://driveimg1.intermarche.com/pt/Content/images/boitmal/produit/zoom/0350D0DE44A653A9AB01722B06443E94.jpg,https://driveimg1.intermarche.com/pt/Content/images/boitmal/produit/zoom/DC5219EC1E15E09529E323B7D196FADA.jpg,https://driveimg1.intermarche.com/pt/Content/images/boitmal/produit/zoom/DC48BFFA4281D8016E9FB40168ED4485.jpg,,,2024-12-11T23:59:59.999999999Z,PROSPECTUS,10,2
9417,5604260047826,750.0,Selecção de Enófilos,Moscatel do Douro,"Garrafa de 0,75 l",4.56,6.08,750,L,€/L,,,https://driveimg1.intermarche.com/pt/Content/images/boitmal/produit/zoom/8C6AD17B630092BDDA352660B7F47B5C.jpg,,,,,2024-12-24T23:59:59.999999999Z,PROSPECTUS,10,2
944,5601001339301,200.0,Nestlé,"Mistura solúvel mokambo, embalagem de 200g",,3.99,19.95,0,kg,€/Kg,,,https://driveimg1.intermarche.com/pt/Content/images/boitmal/produit/zoom/7654D4A8AEB526591EE0FD0D1A7BE478.jpg,,,,,2024-12-11T23:59:59.999999999Z,PROSPECTUS,10,2
979,5601024134471,750.0,Oliveira da Serra,Azeite Virgem,Embalagem de 750 ml,6.99,9.32,750,L,€/L,,,https://driveimg1.intermarche.com/pt/Content/images/boitmal/produit/zoom/E26F25C9E42D7D1738A837046251B635.jpg,,,,,2024-12-11T23:59:59.999999999Z,PROSPECTUS,10,2
988,5601029003000,120.0,Tenorio,Atum Filete em Azeite,Embalagem de 120 g,2.59,21.58,0,kg,€/Kg,,,https://driveimg1.intermarche.com/pt/Content/images/boitmal/produit/zoom/48D594978C230E0BC7076D44C622917A.jpg,,,,,2024-12-11T23:59:59.999999999Z,PROSPECTUS,10,2
9914,7613034515643,400.0,Yogolino,"Nestlé iogolino prep iog bolacha 100g, de 400g",,2.54,6.35,0,kg,€/Kg,,,https://driveimg1.intermarche.com/pt/Content/images/boitmal/produit/zoom/B0BA73C0FBE2C88DEE2C886D5849C070.jpg,,,,,2024-12-11T23:59:59.999999999Z,PROSPECTUS,10,2
9915,7613034515667,400.0,Yogolino,"Nestlé iogolino prep iog baunilha 100g, de 400g",,2.54,6.35,0,kg,€/Kg,,,https://driveimg1.intermarche.com/pt/Content/images/boitmal/produit/zoom/93D854C9817D9D32644809667C60F85C.jpg,,,,,2024-12-11T23:59:59.999999999Z,PROSPECTUS,10,2
15156,2892099000000,500.0,Fruta,Papaia Avião,1 un = 500 g (aprox.),2.0,3.99,0,,€/Kg,,,https://driveimg1.intermarche.com/pt/Content/images/boitmal/produit/zoom/103067E524772C956478A94460D63E34.jpg,,,,,2024-12-11T23:59:59.999999999Z,PROSPECTUS,10,2
13893,2891043000000,1000.0,Porco,Entrecosto,Vendido ao peso a partir de 1 kg,6.28,6.28,0,,€/Kg,,,https://driveimg1.intermarche.com/pt/Content/images/boitmal/produit/zoom/AA05EE99D302D59771FCC108473E0700.jpg,,,,,2024-12-11T23:59:59.999999999Z,PROSPECTUS,10,2
13821,2892597000000,200.0,Legumes,Tomate Cacho,1 un = 200 gr (aprox.),0.34,1.69,0,,€/Kg,,,https://driveimg1.intermarche.com/pt/Content/images/boitmal/produit/zoom/FD67F77AFAB450B6A4FA38E0279E6686.jpg,,,,,2024-12-11T23:59:59.999999999Z,PROSPECTUS,10,2
29899,2696008000000,,Padaria,Bola Rústica,85 g,0.27,0.27,0,,€/Unidade,,,https://driveimg1.intermarche.com/pt/Content/images/boitmal/produit/zoom/06C705452DA793A390CC49C0690F6BDD.jpg,,,,,2024-12-11T23:59:59.999999999Z,PROSPECTUS,10,2
6267,8016825926687,75.0,Aquafresh,Pasta dentífrica menta fresca,Embalagem de 75 ml,1.85,24.67,75,L,€/L,,,https://driveimg1.intermarche.com/pt/Content/images/boitmal/produit/zoom/5AF61545461116CEF40994D7E37A4C54.jpg,,,,,2024-12-11T23:59:59.999999999Z,PROSPECTUS,10,2
32158,4015400917328,480.0,Fairy,"Detergente Liquido da Loiça Limão, 480 ml",,2.54,5.29,480,L,€/L,,,https://driveimg1.intermarche.com/pt/Content/images/boitmal/produit/zoom/4E2BD689329F214554584573973F36ED.jpg,,,,,2024-12-11T23:59:59.999999999Z,PROSPECTUS,10,2
35749,5603722509667,800.0,Mimosa,"Leite bem essencial chocolate , embalagem de 4 x 200 ml",,1.69,2.11,800,L,€/L,,,https://driveimg1.intermarche.com/pt/Content/images/boitmal/produit/zoom/66BA85F80F98E7331B63BC3D4684C6AC.jpg,,,,,2024-12-11T23:59:59.999999999Z,PROSPECTUS,10,2
40592,5603722519420,480.0,Mimosa,"Iogurte fruta batida banana, laranja e bolacha, 4 x 120 g",,1.69,3.52,0,kg,€/Kg,,,https://driveimg1.intermarche.com/pt/Content/images/boitmal/produit/zoom/3DD4F4ED13036BE4F0A8D47DB404A192.jpg,,,,,2024-12-11T23:59:59.999999999Z,PROSPECTUS,10,2
12898,2893293000000,400.0,Programa Origens,Dourada,1 un= 400 grs (aprox.),3.6,8.99,0,,€/Kg,,,https://driveimg1.intermarche.com/pt/Content/images/boitmal/produit/zoom/1228D1EB55215F23AB492009B28E8268.jpg,,,,,2024-12-11T23:59:59.999999999Z,PROSPECTUS,10,2
11923,5603089001354,200.0,Parmalat,"Natas uht com cogumelos, embalagem de 200 ml",,1.03,5.15,200,L,€/L,,,https://driveimg1.intermarche.com/pt/Content/images/boitmal/produit/zoom/7656C24D7DAFA0C6E3337C6F803E6E46.jpg,,,,,2024-12-11T23:59:59.999999999Z,PROSPECTUS,10,2
11463,5601018001642,250.0,Gresso,"Manteiga com sal, embalagem de 250g",,1.98,7.92,0,kg,€/Kg,,,https://driveimg1.intermarche.com/pt/Content/images/boitmal/produit/zoom/3A5F1036925C0C6B8D6C067104A96CDE.jpg,https://driveimg1.intermarche.com/pt/Content/images/boitmal/produit/zoom/7AC5179CFF33BEA38B382077FB05A477.jpg,,,,2024-12-11T23:59:59.999999999Z,PROSPECTUS,10,2
5096,5601050026429,300.0,Danonino Danone,"Queijinho danonino petitdino de morango/banana, embalagem de 6 x 50g",,1.99,6.63,0,kg,€/Kg,,,https://driveimg1.intermarche.com/pt/Content/images/boitmal/produit/zoom/FA8D1A9125B498992C62B9745CC5DD3D.jpg,,,,,2024-12-11T23:59:59.999999999Z,PROSPECTUS,10,2
1230,5601146232512,1500.0,Joi,"Refrigerante sem gás, maracujá e la, garrafa de 1,5 l",,1.29,0.86,1500,L,€/L,,,https://driveimg1.intermarche.com/pt/Content/images/boitmal/produit/zoom/430468AF369DBE1139E298A0EA69B620.jpg,,,,,2024-12-11T23:59:59.999999999Z,PROSPECTUS,10,2
24369,5601050033045,620.0,Danone,"Iogurte líquido morango / kiwi corpos danone, embalagem de 4 x 155g",,1.89,3.05,0,kg,€/Kg,,,https://driveimg1.intermarche.com/pt/Content/images/boitmal/produit/zoom/4DF8E752E36F802BC82CCB72970E5D9F.jpg,,,,,2024-12-11T23:59:59.999999999Z,PROSPECTUS,10,2
15507,5601050031621,480.0,Danone,"Iogurte activia cremoso coco,  4 x 120 g",,1.99,4.15,0,kg,€/Kg,,,https://driveimg1.intermarche.com/pt/Content/images/boitmal/produit/zoom/C7C13400244FC9F141DCEBAD00E0F9D5.jpg,,,,,2024-12-11T23:59:59.999999999Z,PROSPECTUS,10,2
17896,5601082053523,220.0,Delta,Café moagem universal portugal,Embalagem de 220g,2.79,12.68,0,kg,€/Kg,,,https://driveimg1.intermarche.com/pt/Content/images/boitmal/produit/zoom/8DECD8723F3B1FF05BE365D14A112688.jpg,,,,,2024-12-11T23:59:59.999999999Z,PROSPECTUS,10,2
11471,5601029004076,120.0,Bom Petisco,Atum posta ao natural,Embalagem de 120 g,1.29,10.75,0,kg,€/Kg,,,https://driveimg1.intermarche.com/pt/Content/images/boitmal/produit/zoom/D148E1488041C84EB0524ADACAE78B3A.jpg,,,,,2024-12-11T23:59:59.999999999Z,PROSPECTUS,10,2
28640,5054563030948,75.0,Aquafresh,Dentífrico Tripla Proteção,Embalagem de 75 ml,1.85,24.67,75,L,€/L,,,https://driveimg1.intermarche.com/pt/Content/images/boitmal/produit/zoom/3F822B9D22CAC67DC8DBD8698E3FBBBD.jpg,,,,,2024-12-11T23:59:59.999999999Z,PROSPECTUS,10,2
43768,7613287121783,187.0,Smarties,"Smarties mini chocolate, 187g",,3.38,18.07,0,kg,€/Kg,,,https://driveimg1.intermarche.com/pt/Content/images/boitmal/produit/zoom/044C78E073B5B5B26D68268157615A9F.jpg,https://driveimg1.intermarche.com/pt/Content/images/boitmal/produit/zoom/E8FEE980732B87942B93ED2D1ABFFA78.jpg,https://driveimg1.intermarche.com/pt/Content/images/boitmal/produit/zoom/E8FEE980732B87942B93ED2D1ABFFA78.jpg,https://driveimg1.intermarche.com/pt/Content/images/boitmal/produit/zoom/E8FEE980732B87942B93ED2D1ABFFA78.jpg,https://driveimg1.intermarche.com/pt/Content/images/boitmal/produit/zoom/E8FEE980732B87942B93ED2D1ABFFA78.jpg,2024-12-11T23:59:59.999999999Z,PROSPECTUS,10,2
52377,8720181385131,,Skip,Detergente Máquina Roupa Líquido Sabão Natural,100 Doses,11.99,11.99,0,,€/Unidade,,,https://driveimg1.intermarche.com/pt/Content/images/boitmal/produit/zoom/B7482844827C04E8BE654EF9B7B49DD3.jpg,,,,,2024-12-11T23:59:59.999999999Z,PROSPECTUS,10,2
11585,5601151540817,600.0,Compal,"Néctar tutti fruti, pack 3 x 200 ml",,1.27,2.12,600,L,€/L,,,https://driveimg1.intermarche.com/pt/Content/images/boitmal/produit/zoom/E9C042C28F6E0C8FC94CAE675AF583BD.jpg,,,,,2024-12-11T23:59:59.999999999Z,PROSPECTUS,10,2
17207,8006540943687,1800.0,Fairy,Detergente manual de loiça limão,Embalagem de 2 x 900 ml,6.99,3.88,1800,L,€/L,,,https://driveimg1.intermarche.com/pt/Content/images/boitmal/produit/zoom/B2EE328B1B3FB1BA0162E77ED87C40E9.jpg,,,,,2024-12-11T23:59:59.999999999Z,PROSPECTUS,10,2
18619,5014328054756,32.0,Tetley,Chá de frutos vermelhos,Embalagem de 30g,1.84,57.5,0,kg,€/Kg,,,https://driveimg1.intermarche.com/pt/Content/images/boitmal/produit/zoom/03305900AD56E77C8397A8E7D50DBFBD.jpg,,,,,2024-12-11T23:59:59.999999999Z,PROSPECTUS,10,2
47004,5604260319237,1500.0,PorSi,"Iogurte tipo grego natural,  12 x 125 g",,4.29,2.86,0,kg,€/Kg,,,https://driveimg1.intermarche.com/pt/Content/images/boitmal/produit/zoom/6E0AFE6E9DD1C82BA35308A7C2D6B6B4.jpg,,,,,2024-12-11T23:59:59.999999999Z,PROSPECTUS,10,2
49964,8719200238176,225.0,Becel,"Creme de barrar, embalagem de 225g",,1.89,8.4,0,kg,€/Kg,,,https://driveimg1.intermarche.com/pt/Content/images/boitmal/produit/zoom/CF6C3E4D38E4F44B72125E2C02460083.jpg,,,,,2024-12-11T23:59:59.999999999Z,PROSPECTUS,10,2
5036,5601028012164,,Renova,"Papel higiénico compacto, extra xxl, 6 rolos",Uma embalagem,2.96,2.96,0,,€/Unidade,,,https://driveimg1.intermarche.com/pt/Content/images/boitmal/produit/zoom/9367736D84791631B6A81B574D2BBA50.jpg,https://driveimg1.intermarche.com/pt/Content/images/boitmal/produit/zoom/1F9398A5B85712D9E30015F112CCAF6E.jpg,https://driveimg1.intermarche.com/pt/Content/images/boitmal/produit/zoom/84ED764CBC37072F87BD089140194A37.jpg,,,2024-12-11T23:59:59.999999999Z,PROSPECTUS,10,2
1228,5601146230518,1500.0,Joi,"Refrigerante sem gás, laranja, garrafa de 1,5 l",,1.29,0.86,1500,L,€/L,,,https://driveimg1.intermarche.com/pt/Content/images/boitmal/produit/zoom/9CFD5D319CF23E8EEE61B6DFE693387D.jpg,,,,,2024-12-11T23:59:59.999999999Z,PROSPECTUS,10,2
1468,5601286250780,500.0,Milaneza,"Massa maçarronete riscado, embalagem de 500g",,1.04,2.08,0,kg,€/Kg,,,https://driveimg1.intermarche.com/pt/Content/images/boitmal/produit/zoom/BA4109E5185276DFC6B9D6597899335A.jpg,,,,,2024-12-11T23:59:59.999999999Z,PROSPECTUS,10,2
1347,5601170167743,180.0,Vatel,Flôr de sal,Embalagem de 180g,1.59,8.83,0,kg,€/Kg,,,https://driveimg1.intermarche.com/pt/Content/images/boitmal/produit/zoom/EF4C88EA04F040C24B79436492A3A84D.jpg,,,,,2024-12-11T23:59:59.999999999Z,PROSPECTUS,10,2
14227,5601043119015,500.0,Espiga,"Farinha de milho, embalagem de 500g",,0.94,1.88,0,kg,€/Kg,,,https://driveimg1.intermarche.com/pt/Content/images/boitmal/produit/zoom/3A94212450C6EA54B275D891253D59E7.jpg,,,,,2024-12-11T23:59:59.999999999Z,PROSPECTUS,10,2
15979,5601119242364,650.0,Nobre,"Salsichas de aves extra suculentas, frasco de 650g",,2.09,3.22,0,kg,€/Kg,,,https://driveimg1.intermarche.com/pt/Content/images/boitmal/produit/zoom/F9B3EEFB29AFDD46B059DC76A73501AE.jpg,,,,,2024-12-11T23:59:59.999999999Z,PROSPECTUS,10,2
24368,5601050033021,620.0,Danone,"Iogurte líquido corpos danone, embalagem de 4 x 155g",,1.89,3.05,0,kg,€/Kg,,,https://driveimg1.intermarche.com/pt/Content/images/boitmal/produit/zoom/6EEC58F892743EDA98060B1AE2CB4E38.jpg,,,,,2024-12-11T23:59:59.999999999Z,PROSPECTUS,10,2
40672,5609060095992,100.0,Delta,Café solúvel intenso,Embalagem de 100g,3.09,30.9,0,kg,€/Kg,,,https://driveimg1.intermarche.com/pt/Content/images/boitmal/produit/zoom/9D4895AD34340D994C0746A03FC85B3A.jpg,,,,,2024-12-11T23:59:59.999999999Z,PROSPECTUS,10,2
46128,3083681137811,450.0,Bonduelle,"Milho sem resíduos de pesticidas, embalagem de 450g",,2.59,5.76,0,kg,€/Kg,,,https://driveimg1.intermarche.com/pt/Content/images/boitmal/produit/zoom/EC051C59563F4690C90E354F78286A70.jpg,,,,,2024-12-11T23:59:59.999999999Z,PROSPECTUS,10,2
8658,5601163101716,3000.0,Luso,"Água sem gás, pack 6 x 0.5 l",,2.59,0.86,3000,L,€/L,,,https://driveimg1.intermarche.com/pt/Content/images/boitmal/produit/zoom/13EA35DE036BB24C52BA46395E39799E.jpg,,,,,2024-12-11T23:59:59.999999999Z,PROSPECTUS,10,2
1287,5601151260753,410.0,Compal,"Grão de bico, lata de 410 ml",,1.09,2.66,410,L,€/L,,,https://driveimg1.intermarche.com/pt/Content/images/boitmal/produit/zoom/731C3C517063722402F07A7D8ECB2B92.jpg,,,,,2024-12-11T23:59:59.999999999Z,PROSPECTUS,10,2
2788,8410199790958,130.0,Cheetos,"Aperitivos futebolas, embalagem de 130g",,1.69,13.0,0,kg,€/Kg,,,https://driveimg1.intermarche.com/pt/Content/images/boitmal/produit/zoom/6E3E638A2C20F2794B685C451FDB40F7.jpg,,,,,2024-12-11T23:59:59.999999999Z,PROSPECTUS,10,2
31429,5604321025336,13.0,Cemporcento,"Chá infusão sem barriga, embalagem de 13g",,0.64,49.23,0,kg,€/Kg,,,https://driveimg1.intermarche.com/pt/Content/images/boitmal/produit/zoom/BEDC216F724C6C9734C1B85063E1B878.jpg,,,,,2024-12-11T23:59:59.999999999Z,PROSPECTUS,10,2
52600,5601217137951,1710.0,Quanto,"Amaciador roupa concentrado ouro e orquídea branca, 95 doses",,3.99,2.33,1710,L,€/L,,,https://driveimg1.intermarche.com/pt/Content/images/boitmal/produit/zoom/D5BBE20226E42754DBBAD723FC764C65.jpg,,,,,2024-12-11T23:59:59.999999999Z,PROSPECTUS,10,2
20101,5601010131231,120.0,Ramirez,"Atum em azeite, embalagem de 120g",,1.54,12.83,0,kg,€/Kg,,,https://driveimg1.intermarche.com/pt/Content/images/boitmal/produit/zoom/4E16DC667779622705519F8CE1EA40F5.jpg,,,,,2024-12-11T23:59:59.999999999Z,PROSPECTUS,10,2
30477,3083681070187,225.0,Bonduelle,"Milho doce, embalagem 3 x 75g",,1.78,7.91,0,kg,€/Kg,,,https://driveimg1.intermarche.com/pt/Content/images/boitmal/produit/zoom/21305BEE4D64377736F1C50D030AC0E3.jpg,,,,,2024-12-11T23:59:59.999999999Z,PROSPECTUS,10,2
5243,5601151170755,410.0,Compal,"Feijão preto, lata de 410 ml",,1.09,2.66,410,L,€/L,,,https://driveimg1.intermarche.com/pt/Content/images/boitmal/produit/zoom/DF73EAA1B2C44B1F4CECF535DE17EB7C.jpg,,,,,2024-12-11T23:59:59.999999999Z,PROSPECTUS,10,2
10056,8410036800468,750.0,Freixenet,"Espumante cava bruto, reserva, garrafa de 750 ml",,7.99,10.65,750,L,€/L,,,https://driveimg1.intermarche.com/pt/Content/images/boitmal/produit/zoom/96EFA695B1C4201910FA2011BCE09AEA.jpg,,,,,2024-12-24T23:59:59.999999999Z,PROSPECTUS,10,2
11297,5000127524026,300.0,Kellogg's,"Cereais special k, frutos vermelhos",Embalagem de 300g,2.99,9.97,0,kg,€/Kg,,,https://driveimg1.intermarche.com/pt/Content/images/boitmal/produit/zoom/CB255FE180D4EB8D64E75856EC06E921.jpg,,,,,2024-12-11T23:59:59.999999999Z,PROSPECTUS,10,2
11930,5603089003679,200.0,Parmalat,"Nata uht carbonara, embalagem de 200 ml",,1.03,5.15,200,L,€/L,,,https://driveimg1.intermarche.com/pt/Content/images/boitmal/produit/zoom/1933ECF81D43BC98B904C36872874CA5.jpg,,,,,2024-12-11T23:59:59.999999999Z,PROSPECTUS,10,2
18596,8410500016029,400.0,Danone,"Iogurte líquido danonino morango/banana, embalagem de 4 x 100 g",,1.99,4.98,0,kg,€/Kg,,,https://driveimg1.intermarche.com/pt/Content/images/boitmal/produit/zoom/79AABB1D751FE6F57112090F819DD6BE.jpg,,,,,2024-12-11T23:59:59.999999999Z,PROSPECTUS,10,2
25108,5601226041720,750.0,Ucal,"Leite uht com chocolate, embalagem de 3 x 250 ml",,2.29,3.05,750,L,€/L,,,https://driveimg1.intermarche.com/pt/Content/images/boitmal/produit/zoom/7D29449DA2FD72495E3738757304836A.jpg,,,,,2024-12-11T23:59:59.999999999Z,PROSPECTUS,10,2
29591,3387390339505,375.0,Nestlé,"Cereais golden grahams, embalagem de 380g",,2.99,7.97,0,kg,€/Kg,,,https://driveimg1.intermarche.com/pt/Content/images/boitmal/produit/zoom/52B010047394B5E18C21D533AA60A41C.jpg,,,,,2024-12-11T23:59:59.999999999Z,PROSPECTUS,10,2
37992,5601027943551,650.0,Bimbo,"Pão de forma sem côdea 10 cereais, embalagem 650 g",,2.29,3.52,0,kg,€/Kg,,,https://driveimg1.intermarche.com/pt/Content/images/boitmal/produit/zoom/7704A462544713D57921F589D2B7493D.jpg,,,,,2024-12-11T23:59:59.999999999Z,PROSPECTUS,10,2
485,3036810201280,215.0,Maille,"Mostarda dijon, embalagem de 220g",,3.19,14.84,0,kg,€/Kg,,,https://driveimg1.intermarche.com/pt/Content/images/boitmal/produit/zoom/62618DF63BD11F55FFEE9176972D4CEF.jpg,https://driveimg1.intermarche.com/pt/Content/images/boitmal/produit/zoom/1ABADBA923A5257BF5D8A92B53110481.jpg,https://driveimg1.intermarche.com/pt/Content/images/boitmal/produit/zoom/1ABADBA923A5257BF5D8A92B53110481.jpg,https://driveimg1.intermarche.com/pt/Content/images/boitmal/produit/zoom/1ABADBA923A5257BF5D8A92B53110481.jpg,,2024-12-11T23:59:59.999999999Z,PROSPECTUS,10,2
1458,5601286220783,500.0,Milaneza,"Massa de cotovelos grossos, embalagem de 500g",,1.04,2.08,0,kg,€/Kg,,,https://driveimg1.intermarche.com/pt/Content/images/boitmal/produit/zoom/D93D679931815D69DD3322F399FB1B55.jpg,,,,,2024-12-11T23:59:59.999999999Z,PROSPECTUS,10,2
37045,5601217132659,500.0,Cillitbang,"Spray bolor e sujidade, garrafa de 500 ml",,2.49,4.98,500,L,€/L,,,https://driveimg1.intermarche.com/pt/Content/images/boitmal/produit/zoom/2A51671BCEA4544BF377B06769DE1169.jpg,,,,,2024-12-11T23:59:59.999999999Z,PROSPECTUS,10,2
37443,7613037040869,250.0,Nestum,"Nestum zero espelta/aveia, embalagem de 250g",,2.14,8.56,0,kg,€/Kg,,,https://driveimg1.intermarche.com/pt/Content/images/boitmal/produit/zoom/BF80E2BF1A95765256612BEC5A65D8DD.jpg,,,,,2024-12-11T23:59:59.999999999Z,PROSPECTUS,10,2
44804,3023290048924,150.0,Lindahls,"Pudim de chocolate + proteína, 150g",,1.69,11.27,0,kg,€/Kg,,,https://driveimg1.intermarche.com/pt/Content/images/boitmal/produit/zoom/989B5F16D9E5F4A7EB2B3AE42115DF4A.jpg,,,,,2024-12-11T23:59:59.999999999Z,PROSPECTUS,10,2
8068,5011417544679,400.0,Finish,Abrilhantador p/ máquina de lavar loiça,Garrafa de 400 ml,3.99,9.98,400,L,€/L,,,https://driveimg1.intermarche.com/pt/Content/images/boitmal/produit/zoom/5D045CC65EE222532216DB5B0BF2A582.jpg,,,,,2024-12-11T23:59:59.999999999Z,PROSPECTUS,10,2
815,5000116106172,250.0,Capitão Iglo,"Douradinhos de frango, 10 unidades, embalagem de 250g",,3.49,13.96,0,kg,€/Kg,,Tipo de stockagem,https://driveimg1.intermarche.com/pt/Content/images/boitmal/produit/zoom/C5A8F3400BD1CDAA3A658C1B6BE7A4E1.jpg,,,,,2024-12-11T23:59:59.999999999Z,PROSPECTUS,10,2
8657,5601163081711,1980.0,Luso,"Água sem gás, pack 6 x 0.33 l",,2.35,1.19,1980,L,€/L,,,https://driveimg1.intermarche.com/pt/Content/images/boitmal/produit/zoom/443B50B4BA27541FFD3067F816F7D24A.jpg,,,,,2024-12-11T23:59:59.999999999Z,PROSPECTUS,10,2
951,5601010131217,120.0,Ramirez,"Atum posta em óleo, embalagem de 120g",,1.16,9.67,0,kg,€/Kg,,,https://driveimg1.intermarche.com/pt/Content/images/boitmal/produit/zoom/A9FA65BDF4D5D30164F11C66D8B5677D.jpg,,,,,2024-12-11T23:59:59.999999999Z,PROSPECTUS,10,2
1460,5601286222787,500.0,Milaneza,"Massa de cotovelinhos, embalagem de 500g",,1.04,2.08,0,kg,€/Kg,,,https://driveimg1.intermarche.com/pt/Content/images/boitmal/produit/zoom/49B04C2917E036F30360190A48027326.jpg,,,,,2024-12-11T23:59:59.999999999Z,PROSPECTUS,10,2
15503,8410500018931,400.0,Danonino Danone,"Iogurte líquido danonino tutti frutti, embalagem de 4 x 100 g",,1.99,4.98,0,kg,€/Kg,,,https://driveimg1.intermarche.com/pt/Content/images/boitmal/produit/zoom/49D4DFA8C6DABEB79926D4F0312C64D8.jpg,,,,,2024-12-11T23:59:59.999999999Z,PROSPECTUS,10,2
18401,3250390224747,400.0,Páturages,Queijo Raclette Fatias,Embalagem de 400 g,4.99,12.48,0,kg,€/Kg,,,https://driveimg1.intermarche.com/pt/Content/images/boitmal/produit/zoom/DBAFB046D9950AAE2BCD847D8EA8C5FE.jpg,,,,,2024-12-11T23:59:59.999999999Z,PROSPECTUS,10,2
18426,3600541887817,400.0,Garnier,Champô Ultra Suave Delicias de Aveia,Embalagem de 400 ml,3.79,9.48,400,L,€/L,,,https://driveimg1.intermarche.com/pt/Content/images/boitmal/produit/zoom/FB3520AB0507187656A408B0D650CF4F.jpg,,,,,2024-12-11T23:59:59.999999999Z,PROSPECTUS,10,2
2406,5608543000102,30.0,Tetley,Chá preto,Embalagem de 30g,1.29,43.0,0,kg,€/Kg,,,https://driveimg1.intermarche.com/pt/Content/images/boitmal/produit/zoom/D3C0F9FE6B1C09C70D614E0CDECAD3A6.jpg,,,,,2024-12-11T23:59:59.999999999Z,PROSPECTUS,10,2
31551,8414100333241,250.0,Schweppes,"Schweppes tónica zero, garrafa de 250 ml",,0.69,2.76,250,L,€/L,,,https://driveimg1.intermarche.com/pt/Content/images/boitmal/produit/zoom/4DBFD7A80C20CF9D74FFDE40B52421E2.jpg,,,,,2024-12-11T23:59:59.999999999Z,PROSPECTUS,10,2
40594,5603722519468,480.0,Mimosa,"Iogurte fruta batida banana e morango, 4 x 120 g",,1.69,3.52,0,kg,€/Kg,,,https://driveimg1.intermarche.com/pt/Content/images/boitmal/produit/zoom/783BF0B8040C15143355DB1E8A912AD4.jpg,,,,,2024-12-11T23:59:59.999999999Z,PROSPECTUS,10,2
51896,8719200253377,400.0,Planta,"Creme vegetal para barrar original, 400g",,2.49,6.23,0,kg,€/Kg,,,https://driveimg1.intermarche.com/pt/Content/images/boitmal/produit/zoom/5DA2774B5EAB874BF19EC5E04A9E61AD.jpg,,,,,2024-12-11T23:59:59.999999999Z,PROSPECTUS,10,2
52302,3600542512428,400.0,Garnier,Champô Ultra Suave Carvão,Embalagem de 400ml,3.79,9.48,400,L,€/L,,Produtos Bio,https://driveimg1.intermarche.com/pt/Content/images/boitmal/produit/zoom/C53BE5FF3815607BB10E6D7A8D669C09.jpg,,,,,2024-12-11T23:59:59.999999999Z,PROSPECTUS,10,2
53038,5601146700141,8750.0,Sagres,"Cerveja branca, 35 x 250ml",,15.99,1.83,8750,L,€/L,,,https://driveimg1.intermarche.com/pt/Content/images/boitmal/produit/zoom/4D119C7BDB384220284FE9FF15390BB6.jpg,,,,,2024-12-11T23:59:59.999999999Z,PROSPECTUS,10,3
11503,5601050019100,600.0,Danone,"Danacol frutos exóticos, embalagem de 6 x 100 g",,2.99,4.98,0,kg,€/Kg,,,https://driveimg1.intermarche.com/pt/Content/images/boitmal/produit/zoom/2A16EAD58E7A10ECD338C77C33D25273.jpg,,,,,2024-12-11T23:59:59.999999999Z,PROSPECTUS,10,3
11522,5601050207750,1200.0,Danone,"Iogurte danacol de morango, embalagem de 12 x 100 g",,5.59,4.66,0,kg,€/Kg,,,https://driveimg1.intermarche.com/pt/Content/images/boitmal/produit/zoom/10BA36D674585833A0006F09517047AF.jpg,,,,,2024-12-11T23:59:59.999999999Z,PROSPECTUS,10,3
1469,5601286251787,500.0,Milaneza,"Massa de maçarrão, embalagem de 500g",,1.04,2.08,0,kg,€/Kg,,,https://driveimg1.intermarche.com/pt/Content/images/boitmal/produit/zoom/684581E08A7B473B6F7C59B6AD72C932.jpg,,,,,2024-12-11T23:59:59.999999999Z,PROSPECTUS,10,3
15350,5604260266890,800.0,PorSi,Bacalhau posta asa branca,Embalagem de 800G,10.49,13.11,0,kg,€/Kg,,Tipo de stockagem,https://driveimg1.intermarche.com/pt/Content/images/boitmal/produit/zoom/AFC53C3DF09BEC28546B456B8B402B4C.jpg,,,,,2024-12-11T23:59:59.999999999Z,PROSPECTUS,10,3
18083,5601008200017,258.0,Vieira,Bolacha digestive aveia 258g,,1.79,6.94,0,kg,€/Kg,,,https://driveimg1.intermarche.com/pt/Content/images/boitmal/produit/zoom/74BF051807707504BF4C099005DC7DC3.jpg,,,,,2024-12-11T23:59:59.999999999Z,PROSPECTUS,10,3
25906,8412600071144,650.0,Bimbo,"Pão de forma especial torradas s/ côdea, 650g",,2.09,3.22,0,kg,€/Kg,,,https://driveimg1.intermarche.com/pt/Content/images/boitmal/produit/zoom/4F48B1F91D04E92346A1FF1EEEE9277E.jpg,,,,,2024-12-11T23:59:59.999999999Z,PROSPECTUS,10,3
26061,5601082041735,220.0,Delta,Café moagem universal angola,Embalagem de 220g,2.89,13.14,0,kg,€/Kg,,,https://driveimg1.intermarche.com/pt/Content/images/boitmal/produit/zoom/5D337D3866314BE280A581C05FCA725F.jpg,,,,,2024-12-11T23:59:59.999999999Z,PROSPECTUS,10,3
34373,7622210495716,187.0,Prince,Bolacha mini stars chocolate leite,Embalagem de 187 g,2.09,11.18,0,kg,€/Kg,,,https://driveimg1.intermarche.com/pt/Content/images/boitmal/produit/zoom/5B1CB4EBA313DE8C3C89BA85B0646316.jpg,,,,,2024-12-11T23:59:59.999999999Z,PROSPECTUS,10,3
37948,5601217132697,500.0,Cillitbang,"Spray limpeza casa de banho, embalagem de 500 ml",,2.49,4.98,500,L,€/L,,,https://driveimg1.intermarche.com/pt/Content/images/boitmal/produit/zoom/62E5A8E0A6D5CF81B7A29AA6D1070117.jpg,,,,,2024-12-11T23:59:59.999999999Z,PROSPECTUS,10,3
46768,5601082046068,55.0,Delta Q,Café Qalidus XXL,Embalagem com 60 cápsulas,18.99,345.27,0,kg,€/Kg,,,https://driveimg1.intermarche.com/pt/Content/images/boitmal/produit/zoom/B57D51E1DBAB84530CA47C710EFFC338.jpg,,,,,2024-12-11T23:59:59.999999999Z,PROSPECTUS,10,3
8398,5601050016024,600.0,Danone,"Danacol natural, embalagem de 6 x 100g",,2.99,4.98,0,kg,€/Kg,,,https://driveimg1.intermarche.com/pt/Content/images/boitmal/produit/zoom/E05E5353FD11FB2707504DEA431D86EA.jpg,,,,,2024-12-11T23:59:59.999999999Z,PROSPECTUS,10,3
10175,8410375110211,300.0,Bonduelle,Milho tenro e doce,Embalagem de 300 g,1.74,5.8,0,kg,€/Kg,,,https://driveimg1.intermarche.com/pt/Content/images/boitmal/produit/zoom/7DBD23167EE67669947EBE9FBBED55C3.jpg,,,,,2024-12-11T23:59:59.999999999Z,PROSPECTUS,10,3
11929,5603089003518,200.0,Parmalat,"Natas uht 3 queijos, embalagem de 200 ml",,1.03,5.15,200,L,€/L,,,https://driveimg1.intermarche.com/pt/Content/images/boitmal/produit/zoom/F4B575065194FD0CFA0ABE79662B1174.jpg,,,,,2024-12-11T23:59:59.999999999Z,PROSPECTUS,10,3
12253,7622210293602,168.0,Triunfo,"Bolachas de manteiga, embalagem de 170g",,1.49,8.87,0,kg,€/Kg,,,https://driveimg1.intermarche.com/pt/Content/images/boitmal/produit/zoom/A82AA44F13232924ADB7909EA770597A.jpg,,,,,2024-12-11T23:59:59.999999999Z,PROSPECTUS,10,3
18942,5601989950086,750.0,Monte Velho,"Vinho rosé, região do alentejo, garrafa de 0,75 l",,3.59,4.79,750,L,€/L,,,https://driveimg1.intermarche.com/pt/Content/images/boitmal/produit/zoom/492FA643C4A4901779ACEB329DDE602F.jpg,,,,,2024-12-11T23:59:59.999999999Z,PROSPECTUS,10,3
22254,3600542027533,250.0,Garnier,Champô Ultra Suave Limão & Argila,Embalagem de 400 ml,3.79,15.16,250,L,€/L,,,https://driveimg1.intermarche.com/pt/Content/images/boitmal/produit/zoom/B46B172AF899CCD0B477609F00A4B15C.jpg,,,,,2024-12-11T23:59:59.999999999Z,PROSPECTUS,10,3
2407,5608543000133,18.0,Tetley,Chá verde,Embalagem de 20g,0.95,52.78,0,kg,€/Kg,,,https://driveimg1.intermarche.com/pt/Content/images/boitmal/produit/zoom/41193B0BE32FD225777DDB9DE2467E1D.jpg,,,,,2024-12-11T23:59:59.999999999Z,PROSPECTUS,10,3
2520,7613033822827,250.0,Nestum,"Cereais mel com cereais integrais, embalagem de 250g",,2.14,8.56,0,kg,€/Kg,,,https://driveimg1.intermarche.com/pt/Content/images/boitmal/produit/zoom/50987E91B590C03F84755178E67E5C7E.jpg,,,,,2024-12-11T23:59:59.999999999Z,PROSPECTUS,10,3
25310,8410022011540,228.0,Bollycao,"4 bolos recheados com chocolate de leite, 228 g",,2.19,9.61,0,kg,€/Kg,,,https://driveimg1.intermarche.com/pt/Content/images/boitmal/produit/zoom/F258708F894549579352C7881FF76FA5.jpg,,,,,2024-12-11T23:59:59.999999999Z,PROSPECTUS,10,3
28583,8006540876213,385.0,Pantene,"Champô caracóis perfeitos, 385 ml",,3.89,10.1,385,L,€/L,,,https://driveimg1.intermarche.com/pt/Content/images/boitmal/produit/zoom/9971EF5E8605BD12B886867CC4F0815F.jpg,,,,,2024-12-11T23:59:59.999999999Z,PROSPECTUS,10,3
33532,8410375110228,150.0,Bonduelle,"Milho doce, 150 g",,1.09,7.27,0,kg,€/Kg,,,https://driveimg1.intermarche.com/pt/Content/images/boitmal/produit/zoom/D0EEA0C89CFBBF992B36A2468831EAC1.jpg,,,,,2024-12-11T23:59:59.999999999Z,PROSPECTUS,10,3
33536,3600542182485,400.0,Garnier,Champô Ultra Suave leite amêndoa,400 ml,3.79,9.48,400,L,€/L,,Produtos Bio,https://driveimg1.intermarche.com/pt/Content/images/boitmal/produit/zoom/0E128CA8EC8FC8D092CC4E05E0083FAD.jpg,,,,,2024-12-11T23:59:59.999999999Z,PROSPECTUS,10,3
35418,8410436321167,100.0,Sonasol,Bloco sanitário desinfetante eucalipto,Embalagem de 2 x 50 g,2.99,29.9,0,kg,€/Kg,,,https://driveimg1.intermarche.com/pt/Content/images/boitmal/produit/zoom/2218A2279726B6E8FC50ECCA7B714890.jpg,,,,,2024-12-11T23:59:59.999999999Z,PROSPECTUS,10,3
35704,3021768203639,360.0,Gogo,"Conjunto de saquetas de fruta maçã e banana, embalagem de 4 x 90g",,2.88,8.0,0,kg,€/Kg,,,https://driveimg1.intermarche.com/pt/Content/images/boitmal/produit/zoom/3B0800B00BAA9EFC0F6FD35BCC52240D.jpg,,,,,2024-12-11T23:59:59.999999999Z,PROSPECTUS,10,3
35705,3021768203615,360.0,Gogo,"Conjunto de saquetas de fruta maçã e morango, embalagem de 4 x 90g",,2.88,8.0,0,kg,€/Kg,,,https://driveimg1.intermarche.com/pt/Content/images/boitmal/produit/zoom/50D9F740E1739930D14334FC3B6F4DCC.jpg,,,,,2024-12-11T23:59:59.999999999Z,PROSPECTUS,10,3
38569,5601043111385,500.0,Espiga,"Farinha de arroz, embalagem de 500g",,0.94,1.88,0,kg,€/Kg,,,https://driveimg1.intermarche.com/pt/Content/images/boitmal/produit/zoom/28DC7EE63C94ABC2441EEA0D7A9449BD.jpg,,,,,2024-12-11T23:59:59.999999999Z,PROSPECTUS,10,3
44879,5000116125890,200.0,Iglo green,"Hambúrguer vegeta green cuisine, 200g",,2.99,14.95,0,kg,€/Kg,,Tipo de stockagem,https://driveimg1.intermarche.com/pt/Content/images/boitmal/produit/zoom/2E4B1ABB32FFC5A5E253B3D530CE9F99.jpg,,,,,2024-12-11T23:59:59.999999999Z,PROSPECTUS,10,3
46162,3083681106480,400.0,Bonduelle,"Salteado parisino, embalagem de 400g",,2.59,6.48,0,kg,€/Kg,,Tipo de stockagem,https://driveimg1.intermarche.com/pt/Content/images/boitmal/produit/zoom/4DE85AF2C08839F22568D1C815770BA6.jpg,,,,,2024-12-11T23:59:59.999999999Z,PROSPECTUS,10,3
46824,5603722518270,720.0,Mimosa,"Iogurte magro aroma multi sabores de morango/coco, 6x120g",,1.99,2.76,0,kg,€/Kg,,,https://driveimg1.intermarche.com/pt/Content/images/boitmal/produit/zoom/C1F13564A32ADE4727C9B834FE2B8090.jpg,,,,,2024-12-11T23:59:59.999999999Z,PROSPECTUS,10,3
52079,8711327585782,330.0,Magnum,"Gelado mini double caramel e gold caramel billionaire, embalagem de 330 ml",,3.99,12.09,330,L,€/L,,Tipo de stockagem,https://driveimg1.intermarche.com/pt/Content/images/boitmal/produit/zoom/FEAEC9F2D0E413EBB73552CF9D06BA73.jpg,,,,,2024-12-11T23:59:59.999999999Z,PROSPECTUS,10,3
8500,5601109211110,750.0,Porca de Murça,Vinho branco douro,Garrafa de 750 ml,3.69,4.92,750,L,€/L,,,https://driveimg1.intermarche.com/pt/Content/images/boitmal/produit/zoom/3A37403A453BA89596AD6718ADA0F46A.jpg,,,,,2024-12-11T23:59:59.999999999Z,PROSPECTUS,10,3
8641,5601151983171,600.0,Compal,"Néctar vital de frutos vermelhos, pack 3 x 200 ml",,1.27,2.12,600,L,€/L,,,https://driveimg1.intermarche.com/pt/Content/images/boitmal/produit/zoom/8564D706D7239DFC63148360AB08E38F.jpg,,,,,2024-12-11T23:59:59.999999999Z,PROSPECTUS,10,3
12307,8004300029053,750.0,Maestri Cantinieri,Lambrusco bianco,Garrafa de 750 ml,1.99,2.65,750,L,€/L,,,https://driveimg1.intermarche.com/pt/Content/images/boitmal/produit/zoom/1D7434B347C301248CA250A7190031BB.jpg,,,,,2024-12-11T23:59:59.999999999Z,PROSPECTUS,10,3
15504,5601050031669,480.0,Danone,"Iogurte activia cremoso frutos silvestres,  4 x 120 g",,1.99,4.15,0,kg,€/Kg,,,https://driveimg1.intermarche.com/pt/Content/images/boitmal/produit/zoom/026F552D6926173F10573B7F8F21FD44.jpg,,,,,2024-12-11T23:59:59.999999999Z,PROSPECTUS,10,3
1552,5601517181104,250.0,Paladin,"Vinagre balsâmico, spray",Garrafa de 250 ml,1.35,5.4,250,L,€/L,,,https://driveimg1.intermarche.com/pt/Content/images/boitmal/produit/zoom/45E1C27CE51B4948E7636A8A9A4FA5EF.jpg,,,,,2024-12-11T23:59:59.999999999Z,PROSPECTUS,10,3
16489,5900020023797,375.0,Nestlé,"Cereais corn flakes sem glúten, embalagem de 380g",,2.59,6.91,0,kg,€/Kg,,,https://driveimg1.intermarche.com/pt/Content/images/boitmal/produit/zoom/1DE75AEB2E5016A7BEDE0D3818F3288A.jpg,,,,,2024-12-11T23:59:59.999999999Z,PROSPECTUS,10,3
19927,5601883000405,250.0,Nova Açores,"Manteiga com sal gourmet, embalagem de 250g",,2.19,8.76,0,kg,€/Kg,,,https://driveimg1.intermarche.com/pt/Content/images/boitmal/produit/zoom/8E1DB54D6E0B16050436FE9127A94256.jpg,,,,,2024-12-11T23:59:59.999999999Z,PROSPECTUS,10,3
33659,3600542182492,400.0,Garnier,Condicionador Ultra Suave leite amêndoa,Embalagem de 400 ml,3.79,9.48,400,L,€/L,,Produtos Bio,https://driveimg1.intermarche.com/pt/Content/images/boitmal/produit/zoom/625E5A89CCD83FB6D3422F6C9714A6B7.jpg,,,,,2024-12-11T23:59:59.999999999Z,PROSPECTUS,10,3
36806,8001090639011,300.0,Pantene,Champô 3 em 1 anti-caspa,Embalagem de 300 ml,3.94,13.13,300,L,€/L,,,https://driveimg1.intermarche.com/pt/Content/images/boitmal/produit/zoom/63F1C2B8DA28084708D48EB2853A6BE4.jpg,,,,,2024-12-11T23:59:59.999999999Z,PROSPECTUS,10,3
38312,8410104702663,,Finish,"Limpa máquinas de loiça limão, embalagem com 250 ml",,3.89,3.89,1,,€/Unidade,,,https://driveimg1.intermarche.com/pt/Content/images/boitmal/produit/zoom/543AF0EA0E513D87A0B6AA970DE2490B.jpg,,,,,2024-12-11T23:59:59.999999999Z,PROSPECTUS,10,3
40673,5609060095695,80.0,Delta,Café solúvel creme,Embalagem de 80 g,3.09,38.63,0,kg,€/Kg,,,https://driveimg1.intermarche.com/pt/Content/images/boitmal/produit/zoom/935D15F1339990569144EB9273226D10.jpg,,,,,2024-12-11T23:59:59.999999999Z,PROSPECTUS,10,3
41341,8711327391475,270.0,Magnum,"Gelado salted caramel & glazed almonds, embalagem de 3 x 90 ml",,3.29,12.19,270,L,€/L,,Tipo de stockagem,https://driveimg1.intermarche.com/pt/Content/images/boitmal/produit/zoom/B061834E1B04490C2C977A69794BF2B4.jpg,,,,,2024-12-11T23:59:59.999999999Z,PROSPECTUS,10,3
46652,3083681137996,600.0,Bonduelle,"Lentilhas, embalagem de 600g",,2.59,4.32,0,kg,€/Kg,,,https://driveimg1.intermarche.com/pt/Content/images/boitmal/produit/zoom/342160236AFF7A5B92155F0E89C8A9A0.jpg,,,,,2024-12-11T23:59:59.999999999Z,PROSPECTUS,10,3
46771,7613035027022,800.0,Purina One,"Ração para Cão Mini Júnior, 800 g",,4.79,5.99,0,kg,€/Kg,,,https://driveimg1.intermarche.com/pt/Content/images/boitmal/produit/zoom/5D2865182EB2C38580C4839CF6539EB7.jpg,,,,,2024-12-11T23:59:59.999999999Z,PROSPECTUS,10,3
51181,5601217137265,720.0,Quanto,"Perfumador de roupa azul, 36 doses",,3.49,4.85,720,L,€/L,,,https://driveimg1.intermarche.com/pt/Content/images/boitmal/produit/zoom/95E6BEEA038341803BF5F634198E2DF8.jpg,,,,,2024-12-11T23:59:59.999999999Z,PROSPECTUS,10,3
5158,5601109211127,750.0,Porca de Murça,Vinho tinto douro,Garrafa de 750 ml,3.69,4.92,750,L,€/L,,,https://driveimg1.intermarche.com/pt/Content/images/boitmal/produit/zoom/587F8C4D255FC74322AC5F8AED00CD39.jpg,,,,,2024-12-11T23:59:59.999999999Z,PROSPECTUS,10,3
51625,8445290109613,800.0,Purina One,Ração seca para gato indoor peru,Embalagem de 800g,5.59,6.99,0,kg,€/Kg,,,https://driveimg1.intermarche.com/pt/Content/images/boitmal/produit/zoom/3AEE8C01B23360874350D7A24BD612D4.jpg,,,,,2024-12-11T23:59:59.999999999Z,PROSPECTUS,10,3
51895,8719200253407,225.0,Planta,"Creme vegetal para barrar original, 225g",,1.79,7.96,0,kg,€/Kg,,,https://driveimg1.intermarche.com/pt/Content/images/boitmal/produit/zoom/C1FF8E0870857FAF551E9D0B4C7D3591.jpg,,,,,2024-12-11T23:59:59.999999999Z,PROSPECTUS,10,3
52941,8720181386510,2700.0,Skip,"Detergente líquido máquina de roupa sabão natural, 60 doses",,7.99,2.96,2700,L,€/L,,,https://driveimg1.intermarche.com/pt/Content/images/boitmal/produit/zoom/E86C320C5CE9CDD2DA45593DF7CE710E.jpg,https://driveimg1.intermarche.com/pt/Content/images/boitmal/produit/zoom/F78D7BA1CEEC1BA7836B80E309E4D243.jpg,https://driveimg1.intermarche.com/pt/Content/images/boitmal/produit/zoom/F78D7BA1CEEC1BA7836B80E309E4D243.jpg,,,2024-12-11T23:59:59.999999999Z,PROSPECTUS,10,3
8315,5601028013307,,Renova,"Papel higiénico, compacto, extra xxl, folha dupla, 24 unidades",1 embalagem,11.84,11.84,0,,€/Unidade,,,https://driveimg1.intermarche.com/pt/Content/images/boitmal/produit/zoom/8841944F9F3703369828D4B2A56CAC2C.jpg,https://driveimg1.intermarche.com/pt/Content/images/boitmal/produit/zoom/F6866F63DEC5517DB1E2DC48AD701110.jpg,https://driveimg1.intermarche.com/pt/Content/images/boitmal/produit/zoom/52CEDF162CBC9A98A93B293FEE315F10.jpg,,,2024-12-11T23:59:59.999999999Z,PROSPECTUS,10,3
8397,5601050016017,600.0,Danone,"Danacol morango, embalagem de 6 x 100 g",,2.99,4.98,0,kg,€/Kg,,,https://driveimg1.intermarche.com/pt/Content/images/boitmal/produit/zoom/F76543BD64340CC9668C447CAE3F75A1.jpg,,,,,2024-12-11T23:59:59.999999999Z,PROSPECTUS,10,3
11642,5601180002003,1000.0,Vigor,Leite pasteurizado magro,Garrafa de 1 l,0.98,0.98,1000,L,€/L,,,https://driveimg1.intermarche.com/pt/Content/images/boitmal/produit/zoom/F8C109F76B61C34DDC541F6014AEA1D3.jpg,,,,,2024-12-11T23:59:59.999999999Z,PROSPECTUS,10,3
1196,5601119942608,200.0,Nobre,"Salsichas de aves, lata de 200g",,1.39,6.95,0,kg,€/Kg,,,https://driveimg1.intermarche.com/pt/Content/images/boitmal/produit/zoom/C3D289F4C441D4785985F7C225CA4543.jpg,,,,,2024-12-11T23:59:59.999999999Z,PROSPECTUS,10,3
1273,5601151060759,410.0,Compal,Feijão branco,Lata de 410 ml,1.09,2.66,410,L,€/L,,,https://driveimg1.intermarche.com/pt/Content/images/boitmal/produit/zoom/5A6C3794FCB1D8B69BF6A56555458115.jpg,,,,,2024-12-11T23:59:59.999999999Z,PROSPECTUS,10,3
1304,5601151860755,410.0,Compal,"Feijão frade, lata de 410 ml",,1.09,2.66,410,L,€/L,,,https://driveimg1.intermarche.com/pt/Content/images/boitmal/produit/zoom/1437F4C9CFF88AA158F19E7D53775E22.jpg,,,,,2024-12-11T23:59:59.999999999Z,PROSPECTUS,10,3
1325,5601163120816,750.0,Luso,"Água sem gás, garrafa de 0,75 l",,0.68,0.91,750,L,€/L,,,https://driveimg1.intermarche.com/pt/Content/images/boitmal/produit/zoom/AA1A6E591B93610CCB3C24631D9E85B8.jpg,,,,,2024-12-11T23:59:59.999999999Z,PROSPECTUS,10,3
18084,5601008100539,300.0,Vieira,"Bolacha maria doces, embalagem de 300g",,2.09,6.97,0,kg,€/Kg,,,https://driveimg1.intermarche.com/pt/Content/images/boitmal/produit/zoom/D2F14C3854C93614A1A86C670F377C2D.jpg,,,,,2024-12-11T23:59:59.999999999Z,PROSPECTUS,10,3
18567,5604321012008,15.0,Cemporcento,"Cha infusão verde, embalagem com 10 saquetas",,0.69,46.0,0,kg,€/Kg,,,https://driveimg1.intermarche.com/pt/Content/images/boitmal/produit/zoom/E04EDD2C25F981BDD238538599912AA7.jpg,,,,,2024-12-11T23:59:59.999999999Z,PROSPECTUS,10,3
2405,5608543000096,15.0,Tetley,"Chá preto, embalagem de 20g",,0.74,49.33,0,kg,€/Kg,,,https://driveimg1.intermarche.com/pt/Content/images/boitmal/produit/zoom/60725F7743D3C0E53432295C1F3FD6AE.jpg,,,,,2024-12-11T23:59:59.999999999Z,PROSPECTUS,10,3
2409,5608543000157,10.0,Tetley,Infusão de camomila,Embalagem de 10g,0.89,89.0,0,kg,€/Kg,,,https://driveimg1.intermarche.com/pt/Content/images/boitmal/produit/zoom/0F5AE1E73614BAE082737A8BF6DC9F66.jpg,,,,,2024-12-11T23:59:59.999999999Z,PROSPECTUS,10,3
2415,5609060006608,100.0,Delta,Café solúvel c/ cafeína,Embalagem de 100g,3.09,30.9,0,kg,€/Kg,,,https://driveimg1.intermarche.com/pt/Content/images/boitmal/produit/zoom/23018616506690E6539F7D3E3843D149.jpg,,,,,2024-12-11T23:59:59.999999999Z,PROSPECTUS,10,3
2500,7613033129025,250.0,Cerelac,"Papa infantil não láctea bolacha maria +6 meses, de 250g",,2.39,9.56,0,kg,€/Kg,,,https://driveimg1.intermarche.com/pt/Content/images/boitmal/produit/zoom/86F8E21230827C4A87CCDAA9CDA276AE.jpg,,,,,2024-12-11T23:59:59.999999999Z,PROSPECTUS,10,3
25338,3600542075350,400.0,Garnier,Condicionador Ultra Suave Leite de Coco e Macadâmia,Embalagem de 400 ml,3.79,9.48,400,L,€/L,,,https://driveimg1.intermarche.com/pt/Content/images/boitmal/produit/zoom/2F14B38993C3AECCDBAF4177D1E202C3.jpg,,,,,2024-12-11T23:59:59.999999999Z,PROSPECTUS,10,3
26063,5601082041711,220.0,Delta,Café moagem universal brasil,Embalagem de 220g,2.89,13.14,0,kg,€/Kg,,,https://driveimg1.intermarche.com/pt/Content/images/boitmal/produit/zoom/6E173E774FBACCD1F9AA0858129F6C59.jpg,,,,,2024-12-11T23:59:59.999999999Z,PROSPECTUS,10,3
29236,4005900388971,50.0,Nivea Men,"Desodorizante roll on protect & care, 50 ml",,2.99,59.8,50,L,€/L,,,https://driveimg1.intermarche.com/pt/Content/images/boitmal/produit/zoom/8BB07C2766F09C527BF03F747056132A.jpg,,,,,2024-12-11T23:59:59.999999999Z,PROSPECTUS,10,3
33884,2893837000000,1500.0,Peixaria,Peixe espada preto inteiro,Vendido ao peso,11.99,7.99,0,,€/Kg,,,https://driveimg1.intermarche.com/pt/Content/images/boitmal/produit/zoom/0C1CA3DE6B16A13335042AAFE1F612D6.jpg,,,,,2024-12-11T23:59:59.999999999Z,PROSPECTUS,10,3
34760,7613036912709,28.0,Maggi,"Suculento no forno ervas, embalagem de 40g",,0.89,31.79,0,kg,€/Kg,,,https://driveimg1.intermarche.com/pt/Content/images/boitmal/produit/zoom/76C2A3A48D30703422BAF9E59F656EBB.jpg,,,,,2024-12-11T23:59:59.999999999Z,PROSPECTUS,10,3
35559,5601151973738,3500.0,Pepsi,"Refrigerante com gás max zero, pack de 2 x 1.75 l",,2.58,0.74,3500,L,€/L,,,https://driveimg1.intermarche.com/pt/Content/images/boitmal/produit/zoom/698445C2558FCB105ECA616759C001D7.jpg,,,,,2024-12-11T23:59:59.999999999Z,PROSPECTUS,10,3
35753,8001841240640,270.0,Pantene,Creme para pentear caracóis,270 ml,5.99,22.19,270,L,€/L,,,https://driveimg1.intermarche.com/pt/Content/images/boitmal/produit/zoom/574B3E314AF635DCDB9A6448E3C017C1.jpg,,,,,2024-12-11T23:59:59.999999999Z,PROSPECTUS,10,3
35888,5601151973752,3500.0,Sumol,"Refrigerante com gás de ananás, 2 x 1.75 l",,2.78,0.79,3500,L,€/L,,,https://driveimg1.intermarche.com/pt/Content/images/boitmal/produit/zoom/088D8DA34921F50F39B725B4135D000A.jpg,,,,,2024-12-11T23:59:59.999999999Z,PROSPECTUS,10,3
37444,7613036955799,250.0,Nestum,"Nestum zero mel, embalagem de 250g",,2.14,8.56,0,kg,€/Kg,,,https://driveimg1.intermarche.com/pt/Content/images/boitmal/produit/zoom/5B200610F8E9504D3552A7693F67BE32.jpg,,,,,2024-12-11T23:59:59.999999999Z,PROSPECTUS,10,3
39692,5604321032464,13.0,Cemporcento,"Chá detox matinal infusão, embalagem de 13g",,0.74,56.92,0,kg,€/Kg,,,https://driveimg1.intermarche.com/pt/Content/images/boitmal/produit/zoom/846F23C7EDCBAE7CAA641DCF98DECB8B.jpg,,,,,2024-12-11T23:59:59.999999999Z,PROSPECTUS,10,3
40566,5601151974216,1750.0,Sumol,"Refrigerante com gás de laranja, garrafa de 1.75 l",,1.39,0.79,1750,L,€/L,,,https://driveimg1.intermarche.com/pt/Content/images/boitmal/produit/zoom/648F0E152D80D30F20A3F78E84907122.jpg,,,,,2024-12-11T23:59:59.999999999Z,PROSPECTUS,10,3
40593,5603722519406,480.0,Mimosa,"Iogurte fruta batida morango, 4 x 120 g",,1.69,3.52,0,kg,€/Kg,,,https://driveimg1.intermarche.com/pt/Content/images/boitmal/produit/zoom/41C5135F0F8227064BFED500C982147E.jpg,,,,,2024-12-11T23:59:59.999999999Z,PROSPECTUS,10,3
46737,4005900388957,150.0,Nivea Men,"Desodorizante spray protect & care, 150 ml",,2.99,19.93,150,L,€/L,,,https://driveimg1.intermarche.com/pt/Content/images/boitmal/produit/zoom/8EA5F22727C42ED9AFDAD1E445389534.jpg,,,,,2024-12-11T23:59:59.999999999Z,PROSPECTUS,10,3
47895,0000042182627,50.0,Vaseline,Vaselina Original,50 ml,1.49,29.8,50,L,€/L,,,https://driveimg1.intermarche.com/pt/Content/images/boitmal/produit/zoom/06508510D55EBB25DC369B1B52E61A8E.jpg,,,,,2024-12-11T23:59:59.999999999Z,PROSPECTUS,10,3
48678,8000300339413,100.0,Crunch,"Chocolate de leite com bolacha, embalagem de 100g",,1.99,19.9,0,kg,€/Kg,,,https://driveimg1.intermarche.com/pt/Content/images/boitmal/produit/zoom/771A11763D98C9A84713BBD7929E1D26.jpg,,,,,2024-12-11T23:59:59.999999999Z,PROSPECTUS,10,3
49412,5601151969557,600.0,Compal,"Sumo 100% multifrutos, pack 3 x 200 ml",,1.43,2.38,600,L,€/L,,,https://driveimg1.intermarche.com/pt/Content/images/boitmal/produit/zoom/221AF81EED53A26B526F24D35271373F.jpg,,,,,2024-12-11T23:59:59.999999999Z,PROSPECTUS,10,3
49414,5601151969564,600.0,Compal,"Sumo 100% maçã, pack 3 x 200 ml",,1.43,2.38,600,L,€/L,,,https://driveimg1.intermarche.com/pt/Content/images/boitmal/produit/zoom/2A8DEFE3D91DF6A0B0A357FB10983109.jpg,,,,,2024-12-11T23:59:59.999999999Z,PROSPECTUS,10,3
52298,3023290072011,160.0,Lindahls,"Iogurte sólido proteico limão cookies, embalagem de 160 g",,1.09,6.81,0,kg,€/Kg,,,https://driveimg1.intermarche.com/pt/Content/images/boitmal/produit/zoom/8056AA56818872116BB891895188AEE8.jpg,,,,,2024-12-11T23:59:59.999999999Z,PROSPECTUS,10,3
53578,8435495836452,,A+,"Detergente Máquina Roupa Cápsulas Optimal, 38 unidades",,8.99,8.99,38,,€/Unidade,,,https://driveimg1.intermarche.com/pt/Content/images/boitmal/produit/zoom/01F964507A85EBC2A125192AADF138B2.jpg,https://driveimg1.intermarche.com/pt/Content/images/boitmal/produit/zoom/A152C9C75F49F8FB49CA4BA0395A8F08.jpg,https://driveimg1.intermarche.com/pt/Content/images/boitmal/produit/zoom/A152C9C75F49F8FB49CA4BA0395A8F08.jpg,,,2024-12-11T23:59:59.999999999Z,PROSPECTUS,10,3
6460,8410436216777,53.0,Sonasol,Bloco Sanitário Poder Activo Floral,Embalagem de 50 g,1.98,37.36,0,kg,€/Kg,,,https://driveimg1.intermarche.com/pt/Content/images/boitmal/produit/zoom/428A90D17C72E1CEA455915A18AE3510.jpg,,,,,2024-12-11T23:59:59.999999999Z,PROSPECTUS,10,3
947,5601001355905,200.0,Nestlé,"Mistura solúvel brasa, embalagem de 200g",,2.44,12.2,0,kg,€/Kg,,,https://driveimg1.intermarche.com/pt/Content/images/boitmal/produit/zoom/E7DC37D0206CA279E0EB2E5F3678B88F.jpg,,,,,2024-12-11T23:59:59.999999999Z,PROSPECTUS,10,3
10272,8410436240109,50.0,Sonasol,"Bloco sanitário blue activ, eucalio",Embalagem de 50 g,1.98,39.6,0,kg,€/Kg,,,https://driveimg1.intermarche.com/pt/Content/images/boitmal/produit/zoom/AD6EF490A116ED8448E270834FD13125.jpg,,,,,2024-12-11T23:59:59.999999999Z,PROSPECTUS,10,3
12370,8410199010339,250.0,LayS,"Batata frita, receita camponesa, embalagem de 250g",,2.09,8.36,0,kg,€/Kg,,,https://driveimg1.intermarche.com/pt/Content/images/boitmal/produit/zoom/DAAA3CF2D01EC3CFD37EA20B81A0666A.jpg,,,,,2024-12-11T23:59:59.999999999Z,PROSPECTUS,10,3
1285,5601151160060,410.0,Compal,"Ervilhas, lata com 410 ml",,1.09,2.66,410,L,€/L,,,https://driveimg1.intermarche.com/pt/Content/images/boitmal/produit/zoom/5A637F1F1A9D6D5D73CF74D3CBF9A0F4.jpg,,,,,2024-12-11T23:59:59.999999999Z,PROSPECTUS,10,3
13158,2893143000000,100.0,Peixaria,Lula Descongelada,1 un= 100 gr (aprox.),1.0,9.99,0,,€/Kg,,,https://driveimg1.intermarche.com/pt/Content/images/boitmal/produit/zoom/ED50EDDD473B6F16081950AF9B5B4382.jpg,,,,,2024-12-11T23:59:59.999999999Z,PROSPECTUS,10,3
1472,5601286256782,500.0,Milaneza,"Massa de ondas, embalagem de 500g",,1.04,2.08,0,kg,€/Kg,,,https://driveimg1.intermarche.com/pt/Content/images/boitmal/produit/zoom/DB70E545A30F062DF52F7A55D883D748.jpg,,,,,2024-12-11T23:59:59.999999999Z,PROSPECTUS,10,3
15966,3387390324082,375.0,Nestlé,"Cereais crunch 375g, embalagem de 380g",,2.99,7.97,0,kg,€/Kg,,,https://driveimg1.intermarche.com/pt/Content/images/boitmal/produit/zoom/97E5DD22E6A0A1213DCE078E04C67C77.jpg,,,,,2024-12-11T23:59:59.999999999Z,PROSPECTUS,10,3
18561,5604321012114,13.0,Cemporcento,"Infusão nº 6 sem barriga, embalagem de 10 unidades",,0.74,56.92,0,kg,€/Kg,,,https://driveimg1.intermarche.com/pt/Content/images/boitmal/produit/zoom/4A679650264D5C4D6F9924E55EBD7820.jpg,,,,,2024-12-11T23:59:59.999999999Z,PROSPECTUS,10,3
2508,7613033279430,2000.0,Friskies,Ração para gato adulto com atum e legumes selecionados,Embalagem de 2 kg,6.74,3.37,0,kg,€/Kg,,,https://driveimg1.intermarche.com/pt/Content/images/boitmal/produit/zoom/0F913FD1C5AA9D0E2034D5E2B4F52E67.jpg,,,,,2024-12-11T23:59:59.999999999Z,PROSPECTUS,10,3
27776,8410500019846,480.0,Danone,"Activia 0% cocktail de fruta cremoso,  4 x 120 g",,1.99,4.15,0,kg,€/Kg,,,https://driveimg1.intermarche.com/pt/Content/images/boitmal/produit/zoom/7CC150437B783AE2941504E21A7F86A0.jpg,,,,,2024-12-11T23:59:59.999999999Z,PROSPECTUS,10,3
28681,5605173897317,2000.0,Maçã da Beira Alta IGP,Maçã Starking,Embalagem de 2 kg,2.45,1.23,0,kg,€/Kg,,,https://driveimg1.intermarche.com/pt/Content/images/boitmal/produit/zoom/39E9CAB337058C7FF50B1CAA47070535.jpg,,,,,2024-12-11T23:59:59.999999999Z,PROSPECTUS,10,3
29939,4005900488459,50.0,Nivea,"Desodorizante roll on dry fresh, 50 ml",,2.69,53.8,50,L,€/L,,,https://driveimg1.intermarche.com/pt/Content/images/boitmal/produit/zoom/A22C4B7FFEFAE6222645D53E97AF92A1.jpg,,,,,2024-12-11T23:59:59.999999999Z,PROSPECTUS,10,3
31907,4005900388551,50.0,Nivea,"Desodorizante pure & natural roll on, 50 ml",,2.79,55.8,50,L,€/L,,,https://driveimg1.intermarche.com/pt/Content/images/boitmal/produit/zoom/ECAF4A1AD2575DDB5B61D99D918BFBAA.jpg,,,,,2024-12-11T23:59:59.999999999Z,PROSPECTUS,10,3
35111,4005900388834,50.0,Nivea Men,"Desodorizante rollon cool kick, 50 ml",,2.69,53.8,50,L,€/L,,,https://driveimg1.intermarche.com/pt/Content/images/boitmal/produit/zoom/691A994E096586847CC8AF87A4722A9D.jpg,,,,,2024-12-11T23:59:59.999999999Z,PROSPECTUS,10,3
35473,8410063079042,400.0,Pescanova,"Filete de pescada ervas aromáticas, embalagem de 400 g",,4.65,11.63,0,kg,€/Kg,,Tipo de stockagem,https://driveimg1.intermarche.com/pt/Content/images/boitmal/produit/zoom/F52A9B43F1EF9EBAC9E7A9F36EC96E0B.jpg,,,,,2024-12-11T23:59:59.999999999Z,PROSPECTUS,10,3
38002,8410199810656,75.0,Cheetos,"Snack de milho com queijo, embalagem de 75g",,1.49,19.87,0,kg,€/Kg,,,https://driveimg1.intermarche.com/pt/Content/images/boitmal/produit/zoom/A93518F637D0B70B9FA1BE29869B4223.jpg,,,,,2024-12-11T23:59:59.999999999Z,PROSPECTUS,10,3
38330,7613036886994,400.0,Yogolino,Yogolino pêssego banana 0% açúcares adicionados 4x100g,Embalagem de 400g,2.54,6.35,0,kg,€/Kg,,,https://driveimg1.intermarche.com/pt/Content/images/boitmal/produit/zoom/46F9E1E8ECDF4D5D7026305EEF6FB459.jpg,,,,,2024-12-11T23:59:59.999999999Z,PROSPECTUS,10,3
39693,5604321032471,13.0,Cemporcento,"Chá para regular infusão, embalagem de 13g",,0.74,56.92,0,kg,€/Kg,,,https://driveimg1.intermarche.com/pt/Content/images/boitmal/produit/zoom/B90BABD089263C38CCC901E2A19C3A7C.jpg,,,,,2024-12-11T23:59:59.999999999Z,PROSPECTUS,10,4
4196,3574660464429,,Carefree,"Pensos diários respirare, 76 unidades",Uma embalagem,3.74,3.74,0,,€/Unidade,,,https://driveimg1.intermarche.com/pt/Content/images/boitmal/produit/zoom/213B96A821C87940556392D6B201572A.jpg,,,,,2024-12-11T23:59:59.999999999Z,PROSPECTUS,10,4
43314,8710604741835,38.0,Knorr,"Esparguete à bolonhesa 1, 2, 3...sabor!, embalagem de 38g",,0.99,26.05,0,kg,€/Kg,,,https://driveimg1.intermarche.com/pt/Content/images/boitmal/produit/zoom/1108EABAA6B7A67AA2379F447F3FDFD8.jpg,,,,,2024-12-11T23:59:59.999999999Z,PROSPECTUS,10,4
4400,3600541533226,400.0,Garnier,Champô Ultra Suave gama maravilhosa,Embalagem de 400 ml,3.79,9.48,400,L,€/L,,,https://driveimg1.intermarche.com/pt/Content/images/boitmal/produit/zoom/166C7E56D2B5EA50DF798E70C6BA54A7.jpg,,,,,2024-12-11T23:59:59.999999999Z,PROSPECTUS,10,4
44241,5601050036886,120.0,Danone,"Iogrute twix, embalagem de 120g",,0.99,8.25,0,kg,€/Kg,,,https://driveimg1.intermarche.com/pt/Content/images/boitmal/produit/zoom/E4E89664DF24BCB428B25457942D3E4C.jpg,,,,,2024-12-11T23:59:59.999999999Z,PROSPECTUS,10,4
44704,5053990155941,175.0,Pringles,"Snacks batata hot & spicy, embalagem de 175g",,2.39,13.66,0,kg,€/Kg,,,https://driveimg1.intermarche.com/pt/Content/images/boitmal/produit/zoom/41DF960E12D56D310EB0CF45988973FA.jpg,https://driveimg1.intermarche.com/pt/Content/images/boitmal/produit/zoom/6928ADB37A9D879D8A1130CADC9B4CD3.jpg,https://driveimg1.intermarche.com/pt/Content/images/boitmal/produit/zoom/6928ADB37A9D879D8A1130CADC9B4CD3.jpg,https://driveimg1.intermarche.com/pt/Content/images/boitmal/produit/zoom/6928ADB37A9D879D8A1130CADC9B4CD3.jpg,,2024-12-11T23:59:59.999999999Z,PROSPECTUS,10,4
45551,8001841993904,300.0,H&S,Champô anti-caspa limpeza profunda e alívio da comichão,300 ml,5.99,19.97,300,L,€/L,,,https://driveimg1.intermarche.com/pt/Content/images/boitmal/produit/zoom/9FA08CE8B7148F99D8590BEFB5A74C20.jpg,,,,,2024-12-11T23:59:59.999999999Z,PROSPECTUS,10,4
46814,8410036807887,750.0,Freixenet,"Blanc de blancs, garrafa de 750 ml",,5.99,7.99,750,L,€/L,,,https://driveimg1.intermarche.com/pt/Content/images/boitmal/produit/zoom/8443921EA647B3A561B8E54CBA9F0C34.jpg,,,,,2024-12-24T23:59:59.999999999Z,PROSPECTUS,10,4
478,3010470159068,2000.0,Friskies,"Ração para gato adulto com vaca, frango",Embalagem de 2000 g,6.74,3.37,0,kg,€/Kg,,,https://driveimg1.intermarche.com/pt/Content/images/boitmal/produit/zoom/CC432EB31022126DE4BCBB7383FA5CB2.jpg,,,,,2024-12-11T23:59:59.999999999Z,PROSPECTUS,10,4
47981,5000116126828,360.0,Capitão Iglo,"12 douradinhos de peixe sem glúten, embalagem de 360g",,4.97,13.81,0,kg,€/Kg,,Tipo de stockagem,https://driveimg1.intermarche.com/pt/Content/images/boitmal/produit/zoom/E088C1996A4222DF68B662FD3DF061BC.jpg,,,,,2024-12-11T23:59:59.999999999Z,PROSPECTUS,10,4
50477,8410063087016,400.0,Pescanova,"Filetes de pescada com alho e salsa, 400g",,4.65,11.63,0,kg,€/Kg,,Tipo de stockagem,https://driveimg1.intermarche.com/pt/Content/images/boitmal/produit/zoom/1D8DBC2ECA1AA6FEC5E899EA860B48E6.jpg,,,,,2024-12-11T23:59:59.999999999Z,PROSPECTUS,10,4
52024,8711327580343,330.0,Magnum,"Gelados mini double sunlover, embalagem de 330 ml",,4.19,12.7,330,L,€/L,,Tipo de stockagem,https://driveimg1.intermarche.com/pt/Content/images/boitmal/produit/zoom/072DE7ACC63CE75B8E6E3C11FAC99F00.jpg,,,,,2024-12-11T23:59:59.999999999Z,PROSPECTUS,10,4
52295,3023290072073,160.0,Lindahls,"Iogurte sólido proteico framboesa, embalagem de 160 g",,1.09,6.81,0,kg,€/Kg,,,https://driveimg1.intermarche.com/pt/Content/images/boitmal/produit/zoom/C87353FCE0F8B5DFB52D6384E482BABB.jpg,,,,,2024-12-11T23:59:59.999999999Z,PROSPECTUS,10,4
52325,8720181384868,2520.0,Skip,"Detergente máquina roupa líquido sensitive, 56 doses",,9.99,3.96,2520,L,€/L,,,https://driveimg1.intermarche.com/pt/Content/images/boitmal/produit/zoom/5156E7DCF7ACB257EA61F802A2FE636C.jpg,,,,,2024-12-11T23:59:59.999999999Z,PROSPECTUS,10,4
52881,8719200267190,450.0,Becel,"Creme vegetal para barrar original, 450g",,2.99,6.64,0,kg,€/Kg,,,https://driveimg1.intermarche.com/pt/Content/images/boitmal/produit/zoom/7D8CFDDFB89CBA606F61A06158439D60.jpg,https://driveimg1.intermarche.com/pt/Content/images/boitmal/produit/zoom/D67292663C5C1617E51BCDF904BF56A4.jpg,https://driveimg1.intermarche.com/pt/Content/images/boitmal/produit/zoom/D67292663C5C1617E51BCDF904BF56A4.jpg,,,2024-12-11T23:59:59.999999999Z,PROSPECTUS,10,4
53077,8711327483071,255.0,Magnum,"Gelado double gold caramelo billionaire, 3 x 85ml",,3.29,12.9,255,L,€/L,,Tipo de stockagem,https://driveimg1.intermarche.com/pt/Content/images/boitmal/produit/zoom/42B8EC9CDDC9A5A64A8B9BF8DDBBF480.jpg,https://driveimg1.intermarche.com/pt/Content/images/boitmal/produit/zoom/74238D995E9DE969AA617757BB3DA134.jpg,https://driveimg1.intermarche.com/pt/Content/images/boitmal/produit/zoom/74238D995E9DE969AA617757BB3DA134.jpg,https://driveimg1.intermarche.com/pt/Content/images/boitmal/produit/zoom/74238D995E9DE969AA617757BB3DA134.jpg,,2024-12-11T23:59:59.999999999Z,PROSPECTUS,10,4
53240,8720181384264,2340.0,Skip,"Detergente líquido máquina de roupa 2 em 1 ultimate, 52 doses",,10.99,4.7,2340,L,€/L,,,https://driveimg1.intermarche.com/pt/Content/images/boitmal/produit/zoom/97E245FD41D574FFA74F6BFC378A3262.jpg,https://driveimg1.intermarche.com/pt/Content/images/boitmal/produit/zoom/ADA1267F1850FE173AC42CD30CA77DD5.jpg,https://driveimg1.intermarche.com/pt/Content/images/boitmal/produit/zoom/ADA1267F1850FE173AC42CD30CA77DD5.jpg,,,2024-12-11T23:59:59.999999999Z,PROSPECTUS,10,4
6580,8412400193015,1000.0,Mr. Muscle,"Desentupidor canos, 1 l",,5.99,5.99,1000,L,€/L,,,https://driveimg1.intermarche.com/pt/Content/images/boitmal/produit/zoom/E4CBB8829ACC4E9939AAEA434FE9EF72.jpg,,,,,2024-12-11T23:59:59.999999999Z,PROSPECTUS,10,4
7827,8006540876039,385.0,Pantene,"Champô classic, embalagem de 385 ml",,3.89,10.1,385,L,€/L,,,https://driveimg1.intermarche.com/pt/Content/images/boitmal/produit/zoom/E7E60C05E1227A4188DD306F1E754E3D.jpg,,,,,2024-12-11T23:59:59.999999999Z,PROSPECTUS,10,4
8280,5601010111219,125.0,Ramirez,"Sardinhas em óleo, embalagem de 130g",,1.04,8.32,0,kg,€/Kg,,,https://driveimg1.intermarche.com/pt/Content/images/boitmal/produit/zoom/BDBBB58AA91CECA7479A88A013943A79.jpg,,,,,2024-12-11T23:59:59.999999999Z,PROSPECTUS,10,4
865,5014328028740,16.0,Tetley,Infusão de frutos vermelhos,Embalagem de 20g,1.19,74.38,0,kg,€/Kg,,,https://driveimg1.intermarche.com/pt/Content/images/boitmal/produit/zoom/348A5DD80831EB64A79FCCD0224CCDD8.jpg,,,,,2024-12-11T23:59:59.999999999Z,PROSPECTUS,10,4
871,5014328080892,30.0,Tetley,Infusão de cidreira,"Embalagem de 20 unidades, 30 g",1.45,48.33,0,kg,€/Kg,,,https://driveimg1.intermarche.com/pt/Content/images/boitmal/produit/zoom/8EE73104AD7D9DDCE5EF5A76B07E89DC.jpg,,,,,2024-12-11T23:59:59.999999999Z,PROSPECTUS,10,4
9059,5601752080026,750.0,Favaios,"Moscatel favaios, garrafa de 750 ml",,4.99,6.65,750,L,€/L,,,https://driveimg1.intermarche.com/pt/Content/images/boitmal/produit/zoom/263E5B4B63284ABF86B8A3C99564569D.jpg,,,,,2024-12-24T23:59:59.999999999Z,PROSPECTUS,10,4
9252,5603089006199,200.0,Parmalat,"Nata com ervas aromáticas, embalagem de 200 ml",,1.03,5.15,200,L,€/L,,,https://driveimg1.intermarche.com/pt/Content/images/boitmal/produit/zoom/8226F68723EC82026E9EFB8E4D48ACA0.jpg,,,,,2024-12-11T23:59:59.999999999Z,PROSPECTUS,10,4
9380,5604260031184,750.0,Selecção de Enófilos,Moscatel de setúbal,"Garrafa de 0,75 l",3.59,4.79,750,L,€/L,,,https://driveimg1.intermarche.com/pt/Content/images/boitmal/produit/zoom/C3CF1E1979EAA1A2C8B45420EF98FD9B.jpg,,,,,2024-12-24T23:59:59.999999999Z,PROSPECTUS,10,4
10057,8410036800512,750.0,Freixenet,"Espumante cava meio seco reserva, garrafa de 750 ml",,6.99,9.32,750,L,€/L,,,https://driveimg1.intermarche.com/pt/Content/images/boitmal/produit/zoom/595A72B091587557F63E6DF8F5C0E8F8.jpg,,,,,2024-12-24T23:59:59.999999999Z,PROSPECTUS,10,4
11586,5601151540831,600.0,Compal,"Néctar ananás, pack 3 x 200 ml",,1.27,2.12,600,L,€/L,,,https://driveimg1.intermarche.com/pt/Content/images/boitmal/produit/zoom/3FACB43E7A9E03C7ABECF62B790A7085.jpg,,,,,2024-12-11T23:59:59.999999999Z,PROSPECTUS,10,4
12707,3387390326574,375.0,Nestlé,"Cereais cookie crisp, embalagem de 380g",,2.99,7.97,0,kg,€/Kg,,,https://driveimg1.intermarche.com/pt/Content/images/boitmal/produit/zoom/C3C9F6F83B5C3B2A5598C75459ACC4A8.jpg,,,,,2024-12-11T23:59:59.999999999Z,PROSPECTUS,10,4
14675,0000040345192,38.0,Smarties,"Drageias de chocolate de leite, embalagem de 38g",,1.15,30.26,0,kg,€/Kg,,Tipo de stockagem,https://driveimg1.intermarche.com/pt/Content/images/boitmal/produit/zoom/C0080E1B33D2298B7C8DFE6ABB0DE53D.jpg,,,,,2024-12-11T23:59:59.999999999Z,PROSPECTUS,10,4
14906,2893338000000,2500.0,Peixaria,Raia Média,1un= 2.5 kg (aprox.),12.48,4.99,0,,€/Kg,,,https://driveimg1.intermarche.com/pt/Content/images/boitmal/produit/zoom/8656D84533D8D96687B78A64EDF2E80C.jpg,,,,,2024-12-11T23:59:59.999999999Z,PROSPECTUS,10,4
14971,3083681022803,400.0,Bonduelle,"Brocolos natur pré-preparados, congelados",Embalagem de 400g,1.69,4.23,0,kg,€/Kg,,Tipo de stockagem,https://driveimg1.intermarche.com/pt/Content/images/boitmal/produit/zoom/BAD37548AE8D4A0D4C5D58D6BD0B7B47.jpg,,,,,2024-12-11T23:59:59.999999999Z,PROSPECTUS,10,4
15394,7702018959938,,Gillette,Máquina de barbear descartável,Embalagem com 4+1 unidades,3.84,3.84,0,,€/Unidade,,,https://driveimg1.intermarche.com/pt/Content/images/boitmal/produit/zoom/317E2CB074D2B2159F10A58D472276B8.jpg,,,,,2024-12-11T23:59:59.999999999Z,PROSPECTUS,10,4
1558,5601517311419,80.0,Paladin,"Piripiri sacana, extra forte",Garrafa de 80 ml,1.25,15.63,80,L,€/L,,,https://driveimg1.intermarche.com/pt/Content/images/boitmal/produit/zoom/CEFDAA1DD4836275B6F55392B06CF7D8.jpg,,,,,2024-12-11T23:59:59.999999999Z,PROSPECTUS,10,4
16097,5601029003406,120.0,Tenorio,"Atum filete azeite biológico, embalagem de 120g",,2.92,24.33,0,kg,€/Kg,,,https://driveimg1.intermarche.com/pt/Content/images/boitmal/produit/zoom/7F92ED44DD18157D7E4D76287A81509E.jpg,,,,,2024-12-11T23:59:59.999999999Z,PROSPECTUS,10,4
16869,3600541575790,400.0,Garnier,Amaciador Ultra Suave Nutritivo com Óleos Maravilhosos,Embalagem de 400 ml,3.79,9.48,400,L,€/L,,,https://driveimg1.intermarche.com/pt/Content/images/boitmal/produit/zoom/4E243C9D7F975015FE2537F8FA27F230.jpg,,,,,2024-12-11T23:59:59.999999999Z,PROSPECTUS,10,4
17013,7613033823886,250.0,Nestum,Nestum 5 cereais,Embalagem de 250g,2.14,8.56,0,kg,€/Kg,,,https://driveimg1.intermarche.com/pt/Content/images/boitmal/produit/zoom/55D8589D3232C35CE7023AECB9A4A628.jpg,,,,,2024-12-11T23:59:59.999999999Z,PROSPECTUS,10,4
18501,5609060006615,200.0,Delta,Cafe soluvel c/c 200g,Embalagem de 200g,5.99,29.95,0,kg,€/Kg,,,https://driveimg1.intermarche.com/pt/Content/images/boitmal/produit/zoom/79FF13A69AB6B977472ADF6F1518224E.jpg,,,,,2024-12-11T23:59:59.999999999Z,PROSPECTUS,10,4
18555,5604321023028,13.0,Cemporcento,"Infusão cavalinha, embalagem de 10 unidades",,0.64,49.23,0,kg,€/Kg,,,https://driveimg1.intermarche.com/pt/Content/images/boitmal/produit/zoom/28BE9624F3FF8A8EF2AB3B41F0796668.jpg,,,,,2024-12-11T23:59:59.999999999Z,PROSPECTUS,10,4
20645,8414100333142,250.0,Schweppes,"Água tónica, garrafa de 250 ml",,0.69,2.76,250,L,€/L,,,https://driveimg1.intermarche.com/pt/Content/images/boitmal/produit/zoom/A602F5762E875E3E3536D48B17925107.jpg,,,,,2024-12-11T23:59:59.999999999Z,PROSPECTUS,10,4
2473,7613032404154,250.0,Cerelac,"1ª papa láctea multifrutos sem glúten +4 meses, embalagem de 250g",,3.74,14.96,0,kg,€/Kg,,,https://driveimg1.intermarche.com/pt/Content/images/boitmal/produit/zoom/15CA403429D220415417A36F0419C1CA.jpg,,,,,2024-12-11T23:59:59.999999999Z,PROSPECTUS,10,4
24810,8714100289983,440.0,Magnum,"Gelado pint amêndoas, embalagem de 440 ml",,3.69,8.39,440,L,€/L,,Tipo de stockagem,https://driveimg1.intermarche.com/pt/Content/images/boitmal/produit/zoom/3A13A62312A4E6B689883F50A6265AFD.jpg,https://driveimg1.intermarche.com/pt/Content/images/boitmal/produit/zoom/CAF47DA081A9FA3D88EC863A18BD3DDE.jpg,https://driveimg1.intermarche.com/pt/Content/images/boitmal/produit/zoom/CAF47DA081A9FA3D88EC863A18BD3DDE.jpg,,,2024-12-11T23:59:59.999999999Z,PROSPECTUS,10,4
28062,5603722516764,150.0,Castelões,"Queijo sem lactose fatiado, 150g",,1.79,11.93,0,kg,€/Kg,,,https://driveimg1.intermarche.com/pt/Content/images/boitmal/produit/zoom/8EBB127CA4F30289FAEAD0130F803FFA.jpg,,,,,2024-12-11T23:59:59.999999999Z,PROSPECTUS,10,4
30713,8714100637562,330.0,Magnum,"Magnum mini intense dark 70%, embalagem de 6 x 55 ml",,3.99,12.09,330,L,€/L,,Tipo de stockagem,https://driveimg1.intermarche.com/pt/Content/images/boitmal/produit/zoom/B6FEDC1DE92C93F96A9F10C84FBE1B5A.jpg,https://driveimg1.intermarche.com/pt/Content/images/boitmal/produit/zoom/D57F829433EB7CA6987F1C9E83A03E1B.jpg,https://driveimg1.intermarche.com/pt/Content/images/boitmal/produit/zoom/D57F829433EB7CA6987F1C9E83A03E1B.jpg,https://driveimg1.intermarche.com/pt/Content/images/boitmal/produit/zoom/D57F829433EB7CA6987F1C9E83A03E1B.jpg,,2024-12-11T23:59:59.999999999Z,PROSPECTUS,10,4
33564,5603722517396,1500.0,Pleno,"Pleno chá verde & mirtilo 1,5l, garrafa de 1,5 l",,1.59,1.06,1500,L,€/L,,,https://driveimg1.intermarche.com/pt/Content/images/boitmal/produit/zoom/BC3947DBD960E163232CBE5917F7EBF9.jpg,,,,,2024-12-11T23:59:59.999999999Z,PROSPECTUS,10,4
36586,3574660240030,,Ob,Tampões ProComfort Normal,1 Embalagem c/32 unidades,4.1,4.1,0,,€/Unidade,,,https://driveimg1.intermarche.com/pt/Content/images/boitmal/produit/zoom/415C4417CFD5EA986A9EA57263D43052.jpg,,,,,2024-12-11T23:59:59.999999999Z,PROSPECTUS,10,4
36658,5601217132680,500.0,Cillitbang,"Spray tira gorduras, garrafa de 500 ml",,2.49,4.98,500,L,€/L,,,https://driveimg1.intermarche.com/pt/Content/images/boitmal/produit/zoom/4D381FD6E4284388FB353BA45D1B9045.jpg,,,,,2024-12-11T23:59:59.999999999Z,PROSPECTUS,10,4
36807,8001090374462,200.0,Pantene,Condicionador repara e protege,Embalagem de 200 ml,4.49,22.45,200,L,€/L,,,https://driveimg1.intermarche.com/pt/Content/images/boitmal/produit/zoom/3F37B1641D793C9A3BFA3CD950E14862.jpg,,,,,2024-12-11T23:59:59.999999999Z,PROSPECTUS,10,4
38313,8410104489090,800.0,Finish,"Abrilhantador máquinas de loiça, 800 ml",,7.94,9.93,800,L,€/L,,,https://driveimg1.intermarche.com/pt/Content/images/boitmal/produit/zoom/7564CFE2A1DC08A72CE75828296BD96F.jpg,,,,,2024-12-11T23:59:59.999999999Z,PROSPECTUS,10,4
39057,5604321021147,13.0,Cemporcento,"Chá infusão hortelã pimenta, embalagem de 13g",,0.64,49.23,0,kg,€/Kg,,,https://driveimg1.intermarche.com/pt/Content/images/boitmal/produit/zoom/5A0E2ED54C17B47520B9419AA3D23EB9.jpg,,,,,2024-12-11T23:59:59.999999999Z,PROSPECTUS,10,4
39778,5604321034222,13.0,Cemporcento,"Chá infusão tomilho bio, embalagem de 13g",,0.69,53.08,0,kg,€/Kg,,,https://driveimg1.intermarche.com/pt/Content/images/boitmal/produit/zoom/2031B72A5E26EA810958404F62A33935.jpg,,,,,2024-12-11T23:59:59.999999999Z,PROSPECTUS,10,4
39936,5604321030941,13.0,Cemporcento,"Chá infusão hibisco, embalagem de 13g",,0.64,49.23,0,kg,€/Kg,,,https://driveimg1.intermarche.com/pt/Content/images/boitmal/produit/zoom/520B2EDA48EC59B77B1E7E67BB821CAB.jpg,,,,,2024-12-11T23:59:59.999999999Z,PROSPECTUS,10,4
41000,5601151974162,1750.0,Sumol,"Sumol ananás, garrafa de 1.75 l",,1.39,0.79,1750,L,€/L,,,https://driveimg1.intermarche.com/pt/Content/images/boitmal/produit/zoom/91595FD1547592E122B145E5C60F4E11.jpg,,,,,2024-12-11T23:59:59.999999999Z,PROSPECTUS,10,4
43102,3021761207214,360.0,Gogo,"Conjunto de saquetas de fruta maçã e pera, embalagem de 4 x 90g",,2.88,8.0,0,kg,€/Kg,,,https://driveimg1.intermarche.com/pt/Content/images/boitmal/produit/zoom/444849772E5920B077BB25A7ED6729D7.jpg,,,,,2024-12-11T23:59:59.999999999Z,PROSPECTUS,10,4
43305,7613039531853,400.0,Yogolino,"Iogurte natural sem açúcares, 4 x 100g",,2.24,5.6,0,kg,€/Kg,,,https://driveimg1.intermarche.com/pt/Content/images/boitmal/produit/zoom/D14F8D1F0D079BCE10587AF10DBDB6CC.jpg,,,,,2024-12-11T23:59:59.999999999Z,PROSPECTUS,10,4
