identifier,produitEan13,capacite,marque,libelle,conditionnement,prix,unitPrice,volume,typeProduit_uniteByCode,unit_value,pictogrammes_0,pictogrammes_libelleCategorie,images_0,images_1,images_2,images_3,avantages_dateFin,avantages_categorie,nro_paginas,page,images_4,images_5
13886,2891108000000,1000.0,Frango,Bife de Frango,Vendido ao peso a partir de 1 kg,5.99,5.99,0,,€/Kg,,,https://driveimg1.intermarche.com/pt/Content/images/boitmal/produit/zoom/519BDC237EE2CC43FB5B010D4FF5A15B.jpg,,,,2025-08-13T23:59:59.999999999+01:00,PROSPECTUS,15,1,,
1293,5601151398104,630.0,Compal,"Pack de 3 embalagens de polpa de tomate, embalagem de 630g",,1.49,2.37,0,kg,€/Kg,,,https://driveimg1.intermarche.com/pt/Content/images/boitmal/produit/zoom/BC7D38B0892D2B72B99AEECF05E81523.jpg,,,,2025-08-13T23:59:59.999999999+01:00,PROSPECTUS,15,1,,
5272,5601164902312,4800.0,Super Bock,"Cerveja com álcool, pack 24 x 0.20 l",,9.99,2.08,4800,L,€/L,,,https://driveimg1.intermarche.com/pt/Content/images/boitmal/produit/zoom/A98E5FF8E5DDF166F2B333F0EE0114E7.jpg,https://driveimg1.intermarche.com/pt/Content/images/boitmal/produit/zoom/C2C2858ADC421F33AF17C6115D108100.jpg,,,2025-08-13T23:59:59.999999999+01:00,PROSPECTUS,15,1,,
10914,3250390011620,200.0,Páturages,Queijo brie 60% mg,Embalagem de 200 g,1.75,8.75,0,kg,€/Kg,,,https://driveimg1.intermarche.com/pt/Content/images/boitmal/produit/zoom/4BF7058D0138CA4DFA3E37B503FC8E28.jpg,,,,2025-08-20T23:59:59.999999999+01:00,PROSPECTUS,15,1,,
24921,5604260281855,500.0,PorSi,Massa Espirais Tricolores 500G,,0.79,1.58,0,kg,€/Kg,,,https://driveimg1.intermarche.com/pt/Content/images/boitmal/produit/zoom/5CE58905BD4CA1FD470803CD9B488D04.jpg,,,,2025-08-13T23:59:59.999999999+01:00,PROSPECTUS,15,1,,
49897,4005900911629,270.0,Nivea Sun,"Protetor solar spray protect & moisture hidratante spf50+, 270ml",,13.99,51.81,270,L,€/L,,,https://driveimg1.intermarche.com/pt/Content/images/boitmal/produit/zoom/682A3477E06D79E1FE5ADE92095B440C.jpg,,,,2025-08-13T23:59:59.999999999+01:00,PROSPECTUS,15,1,,
15687,5000116109234,700.0,Iglo,"Ervilhas, embalagem de 700g",,3.39,4.84,0,kg,€/Kg,,Tipo de stockagem,https://driveimg1.intermarche.com/pt/Content/images/boitmal/produit/zoom/AC9F197DD289CE6E6A9903FC824FDD75.jpg,,,,2025-08-13T23:59:59.999999999+01:00,PROSPECTUS,15,1,,
44956,2696878000000,,Padaria,Bola de mistura centeio Baviera,90 g,0.2,0.2,0,,€/Unidade,,,https://driveimg1.intermarche.com/pt/Content/images/boitmal/produit/zoom/09DB4B39AC0AAE5D11E868A906EFB364.jpg,,,,2025-08-13T23:59:59.999999999+01:00,PROSPECTUS,15,1,,
30414,4015400917304,480.0,Fairy,Detergente Liquido Loiça Original,480 ml,2.54,5.29,480,L,€/L,,,https://driveimg1.intermarche.com/pt/Content/images/boitmal/produit/zoom/BDA62A6B9333A70897E09AEAD0B62BBF.jpg,,,,2025-08-13T23:59:59.999999999+01:00,PROSPECTUS,15,1,,
15489,7613031884247,4000.0,Friskies,"Ração para gato adulto com vaca, frango, embalagem de 4kg",,10.79,2.7,0,kg,€/Kg,,,https://driveimg1.intermarche.com/pt/Content/images/boitmal/produit/zoom/AA74DE430E0D577781082E763F8D5C13.jpg,,,,2025-08-13T23:59:59.999999999+01:00,PROSPECTUS,15,1,,
53050,8445290554468,28.0,Nestlé,"Snack Para Bebé Puffs Milho, 28g",,1.06,37.86,0,kg,€/Kg,,,https://driveimg1.intermarche.com/pt/Content/images/boitmal/produit/zoom/B311B1AFD7EA9708AD65723EF9E33A76.jpg,,,,2025-08-13T23:59:59.999999999+01:00,PROSPECTUS,15,1,,
52897,8720181392917,1332.0,Comfort,"Amaciador concentrado essência pure, 74 doses",,3.49,2.62,1332,L,€/L,,,https://driveimg1.intermarche.com/pt/Content/images/boitmal/produit/zoom/F5C0D70B94DAAFB0949EA4EE48242D35.jpg,https://driveimg1.intermarche.com/pt/Content/images/boitmal/produit/zoom/6C81AB307354BD851AD24288672BBAB9.jpg,https://driveimg1.intermarche.com/pt/Content/images/boitmal/produit/zoom/6C81AB307354BD851AD24288672BBAB9.jpg,,2025-08-13T23:59:59.999999999+01:00,PROSPECTUS,15,1,,
16022,5601146703609,5000.0,Sagres,Cerveja Mini,20 x 0.25 l,9.79,1.96,5000,L,€/L,,,https://driveimg1.intermarche.com/pt/Content/images/boitmal/produit/zoom/DB02895A50A259FB6B3AB495851D234D.jpg,,,,2025-08-13T23:59:59.999999999+01:00,PROSPECTUS,15,1,,
48040,5604260320615,640.0,Porsi Vivabem,Iogurte Líquido Magro Frutos Vermelhos 4X160G,,1.29,2.02,0,kg,€/Kg,,,https://driveimg1.intermarche.com/pt/Content/images/boitmal/produit/zoom/54F1803BAD20785BC4084634149B8F8C.jpg,https://driveimg1.intermarche.com/pt/Content/images/boitmal/produit/zoom/8BCFC316C76164C4EB30E1CA8663C5AA.jpg,,,2025-08-20T23:59:59.999999999+01:00,PROSPECTUS,15,1,,
50294,5604260325023,400.0,Labell Men,Gel Banho Sensitive Homem,400 ml,1.49,3.73,400,L,€/L,,,https://driveimg1.intermarche.com/pt/Content/images/boitmal/produit/zoom/5B9F96105CFA5DF095AE5220B7BEA7F8.jpg,,,,2025-08-13T23:59:59.999999999+01:00,PROSPECTUS,15,1,,
10858,3023290400111,400.0,Nestlé,"Sobremesa banana/laranja/bolacha, de 4 x 100 g",,1.99,4.98,0,kg,€/Kg,,,https://driveimg1.intermarche.com/pt/Content/images/boitmal/produit/zoom/AA7F3DC46AC09289F6D53195CFF3F502.jpg,,,,2025-08-13T23:59:59.999999999+01:00,PROSPECTUS,15,1,,
11503,5601050019100,600.0,Danone,"Danacol frutos exóticos, embalagem de 6 x 100 g",,2.99,4.98,0,kg,€/Kg,,,https://driveimg1.intermarche.com/pt/Content/images/boitmal/produit/zoom/2A16EAD58E7A10ECD338C77C33D25273.jpg,,,,2025-08-13T23:59:59.999999999+01:00,PROSPECTUS,15,1,,
52964,8445290299031,340.0,Purina One,"Comida Húmida para Cão Mini Delicate, 4 x 85g",,2.24,6.59,0,kg,€/Kg,,,https://driveimg1.intermarche.com/pt/Content/images/boitmal/produit/zoom/32231F745A365BE95601B28982095381.jpg,,,,2025-08-13T23:59:59.999999999+01:00,PROSPECTUS,15,1,,
41713,2696869000000,,Padaria,Baguete rústica,280 g,0.65,0.65,0,,€/Unidade,,,https://driveimg1.intermarche.com/pt/Content/images/boitmal/produit/zoom/6FD1EC597FA149BA45FD972030C46A11.jpg,,,,2025-08-13T23:59:59.999999999+01:00,PROSPECTUS,15,1,,
5143,5601096201309,750.0,Casal Garcia,"Vinho verde branco, garrafa de 0.75 l",,3.49,4.65,750,L,€/L,,,https://driveimg1.intermarche.com/pt/Content/images/boitmal/produit/zoom/C499325EC5B55389E1608DCDF3310034.jpg,,,,2025-08-13T23:59:59.999999999+01:00,PROSPECTUS,15,1,,
8383,5601049132995,1000.0,Mimosa,"Leite uht meio gordo, embalagem de 1litro",,0.9,0.9,1000,L,€/L,,,https://driveimg1.intermarche.com/pt/Content/images/boitmal/produit/zoom/6FB52C843F677BD37D399D45BB10B38B.jpg,https://driveimg1.intermarche.com/pt/Content/images/boitmal/produit/zoom/AE810093A08CEBD60415DCC626CF5804.jpg,https://driveimg1.intermarche.com/pt/Content/images/boitmal/produit/zoom/A0562293538F541B1B99592AA046327B.jpg,,2025-08-13T23:59:59.999999999+01:00,PROSPECTUS,15,1,,
11967,5601049612336,250.0,Mimosa,"Manteiga com sal, embalagem de 250g",,2.19,8.76,0,kg,€/Kg,,,https://driveimg1.intermarche.com/pt/Content/images/boitmal/produit/zoom/2C2D066D904F137421CA4F472DC07738.jpg,https://driveimg1.intermarche.com/pt/Content/images/boitmal/produit/zoom/B59AE74FD0DBE6C3112F001AFF69E867.jpg,https://driveimg1.intermarche.com/pt/Content/images/boitmal/produit/zoom/BB9196C3025886DBB6F20EDD70A1CA7A.jpg,,2025-08-13T23:59:59.999999999+01:00,PROSPECTUS,15,1,,
12519,8712100417054,416.0,HellmannS,"Maionese, frasco, embalagem de 420g",,2.99,7.19,0,kg,€/Kg,,,https://driveimg1.intermarche.com/pt/Content/images/boitmal/produit/zoom/6AB870EF622544FC82599432CC32DE9B.jpg,https://driveimg1.intermarche.com/pt/Content/images/boitmal/produit/zoom/6731B805B2B4B445CCCFD0D614219E37.jpg,https://driveimg1.intermarche.com/pt/Content/images/boitmal/produit/zoom/6731B805B2B4B445CCCFD0D614219E37.jpg,https://driveimg1.intermarche.com/pt/Content/images/boitmal/produit/zoom/6731B805B2B4B445CCCFD0D614219E37.jpg,2025-08-13T23:59:59.999999999+01:00,PROSPECTUS,15,1,,
13821,2892597000000,200.0,Legumes,Tomate Cacho,1 un = 200 gr (aprox.),0.32,1.59,0,,€/Kg,,,https://driveimg1.intermarche.com/pt/Content/images/boitmal/produit/zoom/FD67F77AFAB450B6A4FA38E0279E6686.jpg,,,,2025-08-13T23:59:59.999999999+01:00,PROSPECTUS,15,1,,
17229,5602125000160,300.0,Legumes,"Cogumelo branco, embalagem de 300g",,1.39,4.63,0,kg,€/Kg,,,https://driveimg1.intermarche.com/pt/Content/images/boitmal/produit/zoom/66BAD1DC458E812967002A5594A14E2C.jpg,,,,2025-08-13T23:59:59.999999999+01:00,PROSPECTUS,15,1,,
18295,5604260278411,640.0,PorSi,Iogurte Líquido Morango E Cereais 4X160G,,1.29,2.02,0,kg,€/Kg,,,https://driveimg1.intermarche.com/pt/Content/images/boitmal/produit/zoom/77FF2EFA6010C76FAECF5B9D28E76BCE.jpg,,,,2025-08-20T23:59:59.999999999+01:00,PROSPECTUS,15,1,,
1844,5604260035847,185.0,PorSi,Batatas Fritas Onduladas Sabor A Presunto 185G,,1.25,6.76,0,kg,€/Kg,,,https://driveimg1.intermarche.com/pt/Content/images/boitmal/produit/zoom/29D2C600CBA2711F31E4BCBC05A9C865.jpg,,,,2025-08-20T23:59:59.999999999+01:00,PROSPECTUS,15,1,,
53916,5604260333172,285.0,PorSi,Milho Doce Em Grão 300G,,1.09,3.82,0,kg,€/Kg,,,https://driveimg1.intermarche.com/pt/Content/images/boitmal/produit/zoom/531A9C6CC93810353AC348E857100AD3.jpg,,,,2025-08-13T23:59:59.999999999+01:00,PROSPECTUS,15,1,,
9541,5604260167012,,PorSi,Papel Higiénico Branco Compacto 2 Folhas 12 Rolos,,4.0,4.0,0,,€/Unidade,,,https://driveimg1.intermarche.com/pt/Content/images/boitmal/produit/zoom/45F75A9FD655AC752AE9A7A484B841F1.jpg,,,,2025-08-13T23:59:59.999999999+01:00,PROSPECTUS,15,1,,
11961,5603722505607,1000.0,Mimosa,"Leite sem lactose meio gordo, de 1l",,1.29,1.29,1000,L,€/L,,,https://driveimg1.intermarche.com/pt/Content/images/boitmal/produit/zoom/A98ED8A0E5E675A3AC1A551BCE75B0AB.jpg,https://driveimg1.intermarche.com/pt/Content/images/boitmal/produit/zoom/4E57BFE09E8D859BDBE1705476BB9F1B.jpg,https://driveimg1.intermarche.com/pt/Content/images/boitmal/produit/zoom/E1F70144AAFCC0EAEBFF05614177D009.jpg,,2025-08-13T23:59:59.999999999+01:00,PROSPECTUS,15,1,,
12109,5604260266623,315.0,PorSi,Croissants Recheados Cacau E Avelã,,1.57,4.98,0,kg,€/Kg,,,https://driveimg1.intermarche.com/pt/Content/images/boitmal/produit/zoom/214A50F57E12C1081CB4314DCEE96F82.jpg,,,,2025-08-13T23:59:59.999999999+01:00,PROSPECTUS,15,1,,
1467,5601286236784,500.0,Milaneza,"Massa de espirais, embalagem de 500g",,1.04,2.08,0,kg,€/Kg,,,https://driveimg1.intermarche.com/pt/Content/images/boitmal/produit/zoom/90F3AD9985391E2BB3C76374F1217643.jpg,,,,2025-08-13T23:59:59.999999999+01:00,PROSPECTUS,15,1,,
15039,2892256000000,4000.0,Fruta,Melão Verde,Vendido ao peso | 1 un = 4kg (aprox.),2.76,0.69,0,,€/Kg,,,https://driveimg1.intermarche.com/pt/Content/images/boitmal/produit/zoom/25FE547830213D1C98E9F3B3D9687685.jpg,,,,2025-08-13T23:59:59.999999999+01:00,PROSPECTUS,15,1,,
19447,5604260278473,640.0,PorSi,Iogurte Líquido Frutos Vermelhos 4X160G,,1.29,2.02,0,kg,€/Kg,,,https://driveimg1.intermarche.com/pt/Content/images/boitmal/produit/zoom/E5E8E165201F83E6573606F360D4FBE1.jpg,,,,2025-08-20T23:59:59.999999999+01:00,PROSPECTUS,15,1,,
28607,5604260278442,640.0,PorSi,Iogurte Líquido Morango E Banana 4X160G,,1.29,2.02,0,kg,€/Kg,,,https://driveimg1.intermarche.com/pt/Content/images/boitmal/produit/zoom/447BBD3B74588222DD6837C3B2BE4D8D.jpg,,,,2025-08-20T23:59:59.999999999+01:00,PROSPECTUS,15,1,,
52359,5604260329953,450.0,PorSi,Pão De Forma Sem Côdea 450 G,,1.09,2.42,0,kg,€/Kg,,,https://driveimg1.intermarche.com/pt/Content/images/boitmal/produit/zoom/83890B804745E674EA0C04B230391F3E.jpg,,,,2025-08-20T23:59:59.999999999+01:00,PROSPECTUS,15,1,,
979,5601024134471,750.0,Oliveira da Serra,Azeite Virgem,Embalagem de 750 ml,4.99,6.65,750,L,€/L,,,https://driveimg1.intermarche.com/pt/Content/images/boitmal/produit/zoom/E26F25C9E42D7D1738A837046251B635.jpg,,,,2025-08-13T23:59:59.999999999+01:00,PROSPECTUS,15,1,,
989,5601029004014,120.0,Bom Petisco,"Atum posta em óleo, embalagem de 120g",,1.29,10.75,0,kg,€/Kg,,,https://driveimg1.intermarche.com/pt/Content/images/boitmal/produit/zoom/0EDE399096BE62933DCF2A734D746C1A.jpg,,,,2025-08-13T23:59:59.999999999+01:00,PROSPECTUS,15,1,,
12943,2892087000000,1500.0,Fruta,Mamão,"1 un = 1,5 kg (aprox.)",5.84,3.89,0,,€/Kg,,,https://driveimg1.intermarche.com/pt/Content/images/boitmal/produit/zoom/E92859558CF3617793775ADAD1A11B14.jpg,,,,2025-08-13T23:59:59.999999999+01:00,PROSPECTUS,15,1,,
13954,2891192000000,500.0,Porco,Tiras da Costela/Piano,1 un = 500 gr (aprox.),3.3,6.59,0,,€/Kg,,,https://driveimg1.intermarche.com/pt/Content/images/boitmal/produit/zoom/7D0B09E93398DFB0B31D06D5AFBD6B99.jpg,,,,2025-08-13T23:59:59.999999999+01:00,PROSPECTUS,15,1,,
1862,5604260042340,185.0,PorSi,Batatas Fritas Onduladas Com Sabor A Churrasco 185G,,1.34,7.24,0,kg,€/Kg,,,https://driveimg1.intermarche.com/pt/Content/images/boitmal/produit/zoom/3A22AAF9574AA89A9DE8627F4B492DC1.jpg,,,,2025-08-20T23:59:59.999999999+01:00,PROSPECTUS,15,1,,
52361,5604260330485,200.0,PorSi,Pão De Hamburguer 200 G,,0.85,4.25,0,kg,€/Kg,,,https://driveimg1.intermarche.com/pt/Content/images/boitmal/produit/zoom/1348FC3B00855311CCC563B91036D456.jpg,,,,2025-08-20T23:59:59.999999999+01:00,PROSPECTUS,15,1,,
11963,5603722505775,250.0,Mimosa,"Manteiga sem sal, embalagem de 250g",,2.19,8.76,0,kg,€/Kg,,,https://driveimg1.intermarche.com/pt/Content/images/boitmal/produit/zoom/9BCF64C54A7D7626D65710EBF82436CC.jpg,https://driveimg1.intermarche.com/pt/Content/images/boitmal/produit/zoom/1EA90F949357E7F98D48732996035C6E.jpg,https://driveimg1.intermarche.com/pt/Content/images/boitmal/produit/zoom/1F0AD169BB42B947BB5B96F6E89FDECD.jpg,,2025-08-13T23:59:59.999999999+01:00,PROSPECTUS,15,1,,
13865,2891042000000,1000.0,Porco,Costeletas do Cachaço,Vendido ao peso a partir de 1 kg,4.99,4.99,0,,€/Kg,,,https://driveimg1.intermarche.com/pt/Content/images/boitmal/produit/zoom/D0D96FA697CD7DF7D0B353E0ED0B1193.jpg,,,,2025-08-13T23:59:59.999999999+01:00,PROSPECTUS,15,1,,
13894,2891044000000,1000.0,Porco,Entremeada sem Entrecosto,Vendido ao peso a partir de 1 kg,4.89,4.89,0,,€/Kg,,,https://driveimg1.intermarche.com/pt/Content/images/boitmal/produit/zoom/033DDCE7C7F9A9CD99F0A4BEB2F74462.jpg,,,,2025-08-13T23:59:59.999999999+01:00,PROSPECTUS,15,1,,
13947,2891125000000,150.0,Peru,Espetadas de Peru,1 un = 150 gr (aprox.),1.02,6.79,0,,€/Kg,,,https://driveimg1.intermarche.com/pt/Content/images/boitmal/produit/zoom/7051DD49B64096A6B46E7815DD618A85.jpg,,,,2025-08-13T23:59:59.999999999+01:00,PROSPECTUS,15,1,,
18296,5604260278428,640.0,PorSi,Iogurte Líquido Piña Colada 4X160G,,1.29,2.02,0,kg,€/Kg,,,https://driveimg1.intermarche.com/pt/Content/images/boitmal/produit/zoom/18CCE0A2A676FEB83BAB491960F20E9E.jpg,,,,2025-08-20T23:59:59.999999999+01:00,PROSPECTUS,15,1,,
28608,5604260282821,640.0,PorSi,Iogurte Líquido Frutos Tropicais 4X160G,,1.29,2.02,0,kg,€/Kg,,,https://driveimg1.intermarche.com/pt/Content/images/boitmal/produit/zoom/98DAB469B1CF7CBC9019272104A0FF20.jpg,,,,2025-08-20T23:59:59.999999999+01:00,PROSPECTUS,15,1,,
41129,5604260303762,200.0,PorSi,Salsicha Aves Lata 8 Unidades,,1.09,5.45,0,kg,€/Kg,,,https://driveimg1.intermarche.com/pt/Content/images/boitmal/produit/zoom/9EA05D92F833661969A8EB1078BF37A5.jpg,,,,2025-08-13T23:59:59.999999999+01:00,PROSPECTUS,15,1,,
44902,5601286248787,500.0,Milaneza,"Massa conchas, 500g",,1.04,2.08,0,kg,€/Kg,,,https://driveimg1.intermarche.com/pt/Content/images/boitmal/produit/zoom/47B035D4D71BAB8FACEBBDD297C9B9B8.jpg,,,,2025-08-13T23:59:59.999999999+01:00,PROSPECTUS,15,1,,
45676,5604260311842,270.0,PorSi,Mini Pizzas Fiamb.Quei 9X30G,,2.59,9.59,0,kg,€/Kg,,Tipo de stockagem,https://driveimg1.intermarche.com/pt/Content/images/boitmal/produit/zoom/949352424C00CEF029FA6FF8D6E752FE.jpg,,,,2025-08-20T23:59:59.999999999+01:00,PROSPECTUS,15,1,,
48138,5604260323302,2000.0,PorSi,Amaciador Roupa Concentrado Spa 80D,,1.85,0.93,2000,L,€/L,,,https://driveimg1.intermarche.com/pt/Content/images/boitmal/produit/zoom/B55A72265AD19CED3CBED903155DF619.jpg,,,,2025-08-13T23:59:59.999999999+01:00,PROSPECTUS,15,1,,
48893,5604260318735,,PorSi,Papel Higiénico Branco Ultra Compacto 2 Folhas 4 Rolos,,2.15,2.15,0,,€/Unidade,,,https://driveimg1.intermarche.com/pt/Content/images/boitmal/produit/zoom/64D5B92D15C4E36C20D810B890EA4FF7.jpg,,,,2025-08-13T23:59:59.999999999+01:00,PROSPECTUS,15,1,,
49539,5604260310494,200.0,PorSi,Miolo Camarao 40/60 200G,,3.99,19.95,0,kg,€/Kg,,Tipo de stockagem,https://driveimg1.intermarche.com/pt/Content/images/boitmal/produit/zoom/5355CFF35898BCBEDD351E0101CEE324.jpg,,,,2025-08-13T23:59:59.999999999+01:00,PROSPECTUS,15,1,,
53886,5604260328635,200.0,PorSi,Salsichas Frankfurt Lata 8 Unidades,,0.95,4.75,0,kg,€/Kg,,,https://driveimg1.intermarche.com/pt/Content/images/boitmal/produit/zoom/31082215F673730ADB8637807346D57D.jpg,,,,2025-08-13T23:59:59.999999999+01:00,PROSPECTUS,15,1,,
11466,5601018004605,200.0,Gresso,Nata uht para bater 200 ml,,0.85,4.25,200,L,€/L,,,https://driveimg1.intermarche.com/pt/Content/images/boitmal/produit/zoom/6D55411BE639B830632A68D20D002036.jpg,,,,2025-08-13T23:59:59.999999999+01:00,PROSPECTUS,15,1,,
14038,2696013000000,80.0,Padaria,Bola mistura,1 unidade= 80 g,0.19,2.38,0,kg,€/Kg,,,https://driveimg1.intermarche.com/pt/Content/images/boitmal/produit/zoom/509539D5119FE663643D444B9A3F9D6A.jpg,,,,2025-08-13T23:59:59.999999999+01:00,PROSPECTUS,15,1,,
18298,5604260278459,640.0,PorSi,Iogurte Líquido Morango 4X160G,,1.29,2.02,0,kg,€/Kg,,,https://driveimg1.intermarche.com/pt/Content/images/boitmal/produit/zoom/5AA15072FFE4E6E4A9DFE7A08632C5BC.jpg,,,,2025-08-20T23:59:59.999999999+01:00,PROSPECTUS,15,1,,
24811,5604260276363,600.0,PorSi,Gelado Sandw.Nata/Choc.6X100Ml,,2.49,4.15,600,L,€/L,,Tipo de stockagem,https://driveimg1.intermarche.com/pt/Content/images/boitmal/produit/zoom/E32BF05E787615CAC3DCF287D228BF70.jpg,,,,2025-08-20T23:59:59.999999999+01:00,PROSPECTUS,15,1,,
26047,8412600070994,650.0,Bimbo,Pão de forma s/ côdea,Embalagem de 650 g,2.14,3.29,0,kg,€/Kg,,,https://driveimg1.intermarche.com/pt/Content/images/boitmal/produit/zoom/29A6957961BACB180F45AAA47CD1FB78.jpg,,,,2025-08-13T23:59:59.999999999+01:00,PROSPECTUS,15,1,,
36170,5604260295654,1000.0,PorSi,Batata pré-frita palito,Embalagem de 1 kg,1.99,1.99,0,kg,€/Kg,,Tipo de stockagem,https://driveimg1.intermarche.com/pt/Content/images/boitmal/produit/zoom/CF4C3E7B4CE8656CEB5876B96DD4C997.jpg,,,,2025-08-13T23:59:59.999999999+01:00,PROSPECTUS,15,1,,
36774,5604260300686,640.0,PorSi,Iogurte Líquido Stracciatella 4X160G,,1.29,2.02,0,kg,€/Kg,,,https://driveimg1.intermarche.com/pt/Content/images/boitmal/produit/zoom/6CC82B08FFB7D4379F1B37DDDE2A4AE9.jpg,,,,2025-08-20T23:59:59.999999999+01:00,PROSPECTUS,15,1,,
41822,7613039868300,270.0,Nestlé,Cereais estrelitas,Embalagem de 270 g,2.09,7.74,0,kg,€/Kg,,,https://driveimg1.intermarche.com/pt/Content/images/boitmal/produit/zoom/8ED5B2AE951DD00B9C8D9B0148834738.jpg,,,,2025-08-13T23:59:59.999999999+01:00,PROSPECTUS,15,1,,
485,3036810201280,215.0,Maille,"Mostarda dijon, embalagem de 220g",,3.19,14.84,0,kg,€/Kg,,,https://driveimg1.intermarche.com/pt/Content/images/boitmal/produit/zoom/62618DF63BD11F55FFEE9176972D4CEF.jpg,https://driveimg1.intermarche.com/pt/Content/images/boitmal/produit/zoom/1ABADBA923A5257BF5D8A92B53110481.jpg,https://driveimg1.intermarche.com/pt/Content/images/boitmal/produit/zoom/1ABADBA923A5257BF5D8A92B53110481.jpg,https://driveimg1.intermarche.com/pt/Content/images/boitmal/produit/zoom/1ABADBA923A5257BF5D8A92B53110481.jpg,2025-08-13T23:59:59.999999999+01:00,PROSPECTUS,15,1,,
53262,8711327597761,360.0,Cornetto,"Gelado filipinos, 4 x 90ml",,3.89,10.81,360,L,€/L,,Tipo de stockagem,https://driveimg1.intermarche.com/pt/Content/images/boitmal/produit/zoom/187A9562E86FFB8D917A1C414ECC4EB3.jpg,https://driveimg1.intermarche.com/pt/Content/images/boitmal/produit/zoom/B06A234868C6C8C0E9F6DD974D43ACB2.jpg,https://driveimg1.intermarche.com/pt/Content/images/boitmal/produit/zoom/B06A234868C6C8C0E9F6DD974D43ACB2.jpg,,2025-08-13T23:59:59.999999999+01:00,PROSPECTUS,15,1,,
54683,8711327609082,330.0,Magnum,"5 gelados mini chocolate clássico, amêndoa e chocolate branco, 330 ml",,3.99,12.09,330,L,€/L,,Tipo de stockagem,https://driveimg1.intermarche.com/pt/Content/images/boitmal/produit/zoom/29273D02F85CCA3787C7EFAE4B965F92.jpg,,,,2025-08-13T23:59:59.999999999+01:00,PROSPECTUS,15,1,,
8521,5601119956810,120.0,Nobre,"Fiambre perna extra fatiado, embalagem de 120g",,1.99,16.58,0,kg,€/Kg,,,https://driveimg1.intermarche.com/pt/Content/images/boitmal/produit/zoom/B962872D940BF7EEEBDD095332A56017.jpg,,,,2025-08-13T23:59:59.999999999+01:00,PROSPECTUS,15,1,,
10910,3250390010586,250.0,Páturages,Queijo camembert 45% mg,Embalagem de 250 g,1.99,7.96,0,kg,€/Kg,,,https://driveimg1.intermarche.com/pt/Content/images/boitmal/produit/zoom/7C9F5B55F7320E544E58C79F8FBB96B2.jpg,,,,2025-08-20T23:59:59.999999999+01:00,PROSPECTUS,15,1,,
13048,2893561000000,250.0,Marisco,Ameijoa Branca Vietnamita Congelada,Vendido a partir de 250 gr  (aprox.),0.5,1.99,0,,€/Kg,,Avantages !,https://driveimg1.intermarche.com/pt/Content/images/boitmal/produit/zoom/EB1BC296FF41180E6F3E1626AD4F78AA.jpg,,,,2025-08-13T23:59:59.999999999+01:00,PROSPECTUS,15,1,,
1305,5601151862155,500.0,Compal,Polpa de tomate 500g,,1.19,2.38,0,kg,€/Kg,,,https://driveimg1.intermarche.com/pt/Content/images/boitmal/produit/zoom/D9FD9B4F4905971874C5E4127C57C62E.jpg,,,,2025-08-13T23:59:59.999999999+01:00,PROSPECTUS,15,1,,
1310,5601151979969,140.0,Compal,"Compal da horta concentrado tomate, embalagem de 140g",,0.99,7.07,0,kg,€/Kg,,,https://driveimg1.intermarche.com/pt/Content/images/boitmal/produit/zoom/AFB213C2AE47899B42B45E2988A779B7.jpg,,,,2025-08-13T23:59:59.999999999+01:00,PROSPECTUS,15,1,,
13112,2893091000000,400.0,Peixaria,Chicharro Fresco,1 un= 400 g (aprox.),2.4,5.99,0,,€/Kg,,,https://driveimg1.intermarche.com/pt/Content/images/boitmal/produit/zoom/FB568BCCF7F0742E8CF1174087C1CF25.jpg,,,,2025-08-13T23:59:59.999999999+01:00,PROSPECTUS,15,1,,
13567,2893562000000,250.0,Marisco,Ameijoa Castanha Vietnamita Congelada,vendido ao peso a partir de 250 g,0.75,2.99,0,,€/Kg,,Avantages !,https://driveimg1.intermarche.com/pt/Content/images/boitmal/produit/zoom/33CC3279E2741F227440A7AFDC3AEEF9.jpg,,,,2025-08-13T23:59:59.999999999+01:00,PROSPECTUS,15,1,,
13577,2893572000000,200.0,Peixaria,Pota Inteira Congelada,1 un= 200 gr (aprox.),1.0,4.99,0,,€/Kg,,Avantages !,https://driveimg1.intermarche.com/pt/Content/images/boitmal/produit/zoom/B2D6321EA80C5271A6C9DE3162C36D95.jpg,,,,2025-08-13T23:59:59.999999999+01:00,PROSPECTUS,15,1,,
13848,2891015000000,150.0,Novilho,Entremeada Novilho,1 un=150 gr (aprox),1.48,9.89,0,,€/Kg,,,https://driveimg1.intermarche.com/pt/Content/images/boitmal/produit/zoom/E3E6C57F8100820E9FD4FEA74DC60325.jpg,,,,2025-08-13T23:59:59.999999999+01:00,PROSPECTUS,15,1,,
1468,5601286250780,500.0,Milaneza,"Massa maçarronete riscado, embalagem de 500g",,1.04,2.08,0,kg,€/Kg,,,https://driveimg1.intermarche.com/pt/Content/images/boitmal/produit/zoom/BA4109E5185276DFC6B9D6597899335A.jpg,,,,2025-08-13T23:59:59.999999999+01:00,PROSPECTUS,15,1,,
1677,5602711001311,1000.0,Rar,"Açúcar granulado embalado em papel, 1kg",,1.09,1.09,0,kg,€/Kg,,,https://driveimg1.intermarche.com/pt/Content/images/boitmal/produit/zoom/B32F457E1AFE2BD9F726B62129876B87.jpg,,,,2025-08-13T23:59:59.999999999+01:00,PROSPECTUS,15,1,,
19022,5603722509742,800.0,Agros,"Leite com chocolate, embalagem de 4 x 200 ml",,1.6,2.0,800,L,€/L,,,https://driveimg1.intermarche.com/pt/Content/images/boitmal/produit/zoom/86A34AF1051A1750347A4FF58912A923.jpg,,,,2025-08-13T23:59:59.999999999+01:00,PROSPECTUS,15,1,,
19368,5606586000417,250.0,Legumes,Tomate Cherry,Embalagem de 250 g,0.99,3.96,0,kg,€/Kg,,,https://driveimg1.intermarche.com/pt/Content/images/boitmal/produit/zoom/069A452D96BB832E7E3CCB43CD96D923.jpg,,,,2025-08-13T23:59:59.999999999+01:00,PROSPECTUS,15,1,,
24810,8714100289983,440.0,Magnum,"Gelado pint amêndoas, embalagem de 440 ml",,3.99,9.07,440,L,€/L,,Tipo de stockagem,https://driveimg1.intermarche.com/pt/Content/images/boitmal/produit/zoom/3A13A62312A4E6B689883F50A6265AFD.jpg,https://driveimg1.intermarche.com/pt/Content/images/boitmal/produit/zoom/CAF47DA081A9FA3D88EC863A18BD3DDE.jpg,https://driveimg1.intermarche.com/pt/Content/images/boitmal/produit/zoom/CAF47DA081A9FA3D88EC863A18BD3DDE.jpg,,2025-08-13T23:59:59.999999999+01:00,PROSPECTUS,15,1,,
40564,5604260325757,330.0,PorSi,Mix 6 Salsichas 330 G,,5.19,15.73,0,kg,€/Kg,,,https://driveimg1.intermarche.com/pt/Content/images/boitmal/produit/zoom/A602225BF97DD74FD9F9FA1E3AB6FBF9.jpg,,,,2025-08-20T23:59:59.999999999+01:00,PROSPECTUS,15,1,,
41774,5604260306718,640.0,PorSi,Iogurte Líquido Melão E Melancia 4X160G,,1.29,2.02,0,kg,€/Kg,,,https://driveimg1.intermarche.com/pt/Content/images/boitmal/produit/zoom/31AEBAAA540739B5D42651F7D28CCD67.jpg,,,,2025-08-20T23:59:59.999999999+01:00,PROSPECTUS,15,1,,
43799,5604260309320,360.0,PorSi,Coxinhas Frango Forno 360G,,3.29,9.14,0,kg,€/Kg,,Tipo de stockagem,https://driveimg1.intermarche.com/pt/Content/images/boitmal/produit/zoom/1970AB3735B730BD44E56AA4F22AAA0B.jpg,,,,2025-08-20T23:59:59.999999999+01:00,PROSPECTUS,15,1,,
52144,5604260295449,90.0,PorSi,Batatas Fritas Onduladas 90G,,0.79,8.78,0,kg,€/Kg,,,https://driveimg1.intermarche.com/pt/Content/images/boitmal/produit/zoom/8567836B6F1FBBDE327A1E8B86E6FE80.jpg,,,,2025-08-13T23:59:59.999999999+01:00,PROSPECTUS,15,1,,
53169,7630477891714,,Starbucks,"Café Cápsulas Espresso Roast Nespresso, 10 unidades",,3.95,3.95,10,,€/Unidade,,,https://driveimg1.intermarche.com/pt/Content/images/boitmal/produit/zoom/8BFD5D577185F3D36B3B3CB1ACE27A86.jpg,,,,2025-08-13T23:59:59.999999999+01:00,PROSPECTUS,15,1,,
53887,5604260328642,250.0,PorSi,Salsichas Frankfurt Lata 10 Unidades,,1.19,4.76,0,kg,€/Kg,,,https://driveimg1.intermarche.com/pt/Content/images/boitmal/produit/zoom/958C25AF6C5BB6C112B5B51BF3629B73.jpg,,,,2025-08-13T23:59:59.999999999+01:00,PROSPECTUS,15,1,,
5788,5604260033447,200.0,PorSi,Chourico Corrente 200G,,1.35,6.75,0,kg,€/Kg,,,https://driveimg1.intermarche.com/pt/Content/images/boitmal/produit/zoom/92DD7C79E00E3F96B89DDD048D065D1C.jpg,,,,2025-08-13T23:59:59.999999999+01:00,PROSPECTUS,15,1,,
8522,5601119956827,120.0,Nobre,"Fiambre da pá fatiado, embalagem de 120g",,1.49,12.42,0,kg,€/Kg,,,https://driveimg1.intermarche.com/pt/Content/images/boitmal/produit/zoom/7FA5FFB88CF3A01479601F4908E2A3A5.jpg,,,,2025-08-13T23:59:59.999999999+01:00,PROSPECTUS,15,1,,
9621,5604260264766,150.0,PorSi,Batatas Fritas Em Azeite 150G,,1.45,9.67,0,kg,€/Kg,,,https://driveimg1.intermarche.com/pt/Content/images/boitmal/produit/zoom/6D03FBEB7A98191F27E0B9F42498BD17.jpg,,,,2025-08-20T23:59:59.999999999+01:00,PROSPECTUS,15,1,,
990,5601029004038,385.0,Bom Petisco,"Atum posta em óleo, embalagem de 385g",,3.89,10.1,0,kg,€/Kg,,,https://driveimg1.intermarche.com/pt/Content/images/boitmal/produit/zoom/EAC5CB8F90EBBB65EABF072C2DE4540F.jpg,https://driveimg1.intermarche.com/pt/Content/images/boitmal/produit/zoom/F6B3199A9D749CA8EE4A4423B14856F3.jpg,,,2025-08-13T23:59:59.999999999+01:00,PROSPECTUS,15,1,,
1009,5601038300077,80.0,Knorr,"Caldo de galinha 8 cubos, embalagem de 80g",,1.69,21.13,0,kg,€/Kg,,,https://driveimg1.intermarche.com/pt/Content/images/boitmal/produit/zoom/CFDBB6C1885F48FB7941F504CD886192.jpg,,,,2025-08-13T23:59:59.999999999+01:00,PROSPECTUS,15,1,,
1010,5601038300091,240.0,Knorr,"Caldo de galinha 24 cubos, embalagem de 240g",,2.49,10.38,0,kg,€/Kg,,,https://driveimg1.intermarche.com/pt/Content/images/boitmal/produit/zoom/4E25834255892D5C9C1047A286FE9847.jpg,,,,2025-08-13T23:59:59.999999999+01:00,PROSPECTUS,15,1,,
11650,5601192201104,200.0,Agros,Nata uht 200 ml,,0.89,4.45,200,L,€/L,,,https://driveimg1.intermarche.com/pt/Content/images/boitmal/produit/zoom/478AC7EFE77B8590BBD8EF6C88C17807.jpg,,,,2025-08-13T23:59:59.999999999+01:00,PROSPECTUS,15,1,,
11987,5604055112821,2500.0,Fastio,"Água mineral sem gás, garrafa de 2,5 l",,1.09,0.44,2500,L,€/L,,,https://driveimg1.intermarche.com/pt/Content/images/boitmal/produit/zoom/FB893DB3E3427BD2F4F475F8A8AF7AFA.jpg,,,,2025-08-13T23:59:59.999999999+01:00,PROSPECTUS,15,1,,
1230,5601146232512,1500.0,Joi,"Refrigerante sem gás, maracujá e la, garrafa de 1,5 l",,1.29,0.86,1500,L,€/L,,,https://driveimg1.intermarche.com/pt/Content/images/boitmal/produit/zoom/430468AF369DBE1139E298A0EA69B620.jpg,,,,2025-08-13T23:59:59.999999999+01:00,PROSPECTUS,15,1,,
1272,5601151060254,500.0,Compal,"Tomate triturado, embalagem de 500g",,1.49,2.98,0,kg,€/Kg,,,https://driveimg1.intermarche.com/pt/Content/images/boitmal/produit/zoom/F73D2E34D160FB2C4040DA3AD1BBEF87.jpg,,,,2025-08-13T23:59:59.999999999+01:00,PROSPECTUS,15,1,,
13095,2893071000000,100.0,Peixaria,Carapau Pequeno,1 un = 100 g (aprox.),0.35,3.49,0,,€/Kg,,,https://driveimg1.intermarche.com/pt/Content/images/boitmal/produit/zoom/07606BE143D22CF4796A63CA9C752E5B.jpg,,,,2025-08-13T23:59:59.999999999+01:00,PROSPECTUS,15,1,,
13839,2891006000000,800.0,Novilho,Bife da Pá,Vendido ao peso a partir de 800 g,9.51,11.89,0,,€/Kg,,,https://driveimg1.intermarche.com/pt/Content/images/boitmal/produit/zoom/5626B1315F40E59D057B37FBCA18064B.jpg,,,,2025-08-13T23:59:59.999999999+01:00,PROSPECTUS,15,1,,
13892,2891041000000,1000.0,Porco,Costeletas do Lombo,Vendido ao peso a partir de 1 kg,4.89,4.89,0,,€/Kg,,,https://driveimg1.intermarche.com/pt/Content/images/boitmal/produit/zoom/589E4AFE71E19AF7FEB32FB0C0E176FF.jpg,,,,2025-08-13T23:59:59.999999999+01:00,PROSPECTUS,15,1,,
14337,3387390320008,141.0,Nestlé,"Barras fitness com chocolate, embalagem de 140g",,2.39,16.95,0,kg,€/Kg,,,https://driveimg1.intermarche.com/pt/Content/images/boitmal/produit/zoom/60AE623A4FF700F6FDA38FA5729DE5A4.jpg,,,,2025-08-13T23:59:59.999999999+01:00,PROSPECTUS,15,1,,
1463,5601286232779,250.0,Milaneza,"Massa pevide, embalagem de 250g",,0.61,2.44,0,kg,€/Kg,,,https://driveimg1.intermarche.com/pt/Content/images/boitmal/produit/zoom/7FABF67C8683DAD5B618F045601E14A4.jpg,,,,2025-08-13T23:59:59.999999999+01:00,PROSPECTUS,15,2,,
14717,5900020022370,140.0,Nestlé,Barras de cereais fitness crunchy & caramelo,Embalagem de 140g,2.39,17.07,0,kg,€/Kg,,,https://driveimg1.intermarche.com/pt/Content/images/boitmal/produit/zoom/0AC8FEA794F31BD4BBE7C5A74D910827.jpg,,,,2025-08-13T23:59:59.999999999+01:00,PROSPECTUS,15,2,,
15038,2892255000000,2500.0,Programa Origens,Melão Branco,Vendido ao peso | 1 un = 2.5 kg (aprox.),1.73,0.69,0,,€/Kg,,,https://driveimg1.intermarche.com/pt/Content/images/boitmal/produit/zoom/005D1DBE085639370AB2D6A0E6687717.jpg,,,,2025-08-13T23:59:59.999999999+01:00,PROSPECTUS,15,2,,
15979,5601119242364,650.0,Nobre,"Salsichas de aves extra suculentas, frasco de 650g",,2.23,3.43,0,kg,€/Kg,,,https://driveimg1.intermarche.com/pt/Content/images/boitmal/produit/zoom/F9B3EEFB29AFDD46B059DC76A73501AE.jpg,,,,2025-08-13T23:59:59.999999999+01:00,PROSPECTUS,15,2,,
16003,5000116109630,300.0,Capitão Iglo,"12 douradinhos forníssimo, embalagem de 300g",,3.98,13.27,0,kg,€/Kg,,Tipo de stockagem,https://driveimg1.intermarche.com/pt/Content/images/boitmal/produit/zoom/544992A31EAE2C5ED6C344C7B21BC2DA.jpg,,,,2025-08-13T23:59:59.999999999+01:00,PROSPECTUS,15,2,,
16567,5000116110070,750.0,Iglo,"Esparregado de espinafres, embalagem de 750g",,3.49,4.65,0,kg,€/Kg,,Tipo de stockagem,https://driveimg1.intermarche.com/pt/Content/images/boitmal/produit/zoom/F70E4F5A76F097E6E455FB2FF67D9B6F.jpg,,,,2025-08-13T23:59:59.999999999+01:00,PROSPECTUS,15,2,,
1678,5602711001502,1000.0,Rar,Açúcar fino,Embalagem de 1000 g,1.39,1.39,0,kg,€/Kg,,,https://driveimg1.intermarche.com/pt/Content/images/boitmal/produit/zoom/F28D4E79720B795446B173D73EE28A7A.jpg,,,,2025-08-13T23:59:59.999999999+01:00,PROSPECTUS,15,2,,
1709,5604055111060,6000.0,Fastio,"Água mineral sem gás, embalagem de 6 l",,1.49,0.25,6000,L,€/L,,,https://driveimg1.intermarche.com/pt/Content/images/boitmal/produit/zoom/6EFB8FD4D0614752BB5925C1048B82B3.jpg,,,,2025-08-13T23:59:59.999999999+01:00,PROSPECTUS,15,2,,
18376,5601027009769,480.0,Panrico,Pão de forma sem côdea 9 cereais,Embalagem de 480g,1.99,4.15,0,kg,€/Kg,,,https://driveimg1.intermarche.com/pt/Content/images/boitmal/produit/zoom/202DA3E3189533F2DED569B04263CF8C.jpg,,,,2025-08-13T23:59:59.999999999+01:00,PROSPECTUS,15,2,,
1845,5604260035854,185.0,PorSi,Batatas Fritas Lisas Com Sabor A Queijo E Ervas 185G,,1.84,9.95,0,kg,€/Kg,,,https://driveimg1.intermarche.com/pt/Content/images/boitmal/produit/zoom/E9E6993B7202404AB95C04A2C893A1AC.jpg,,,,2025-08-20T23:59:59.999999999+01:00,PROSPECTUS,15,2,,
20512,5601070000539,500.0,Cristal,"Vinagre de sidra, garrafa de 500 ml",,1.15,2.3,500,L,€/L,,,https://driveimg1.intermarche.com/pt/Content/images/boitmal/produit/zoom/088D2E6C27D5043C18AD10EB75A50F4E.jpg,,,,2025-08-13T23:59:59.999999999+01:00,PROSPECTUS,15,2,,
22335,5000116110940,420.0,Capitão Iglo,"15 douradinhos, embalagem de 420g",,4.99,11.88,0,kg,€/Kg,,Tipo de stockagem,https://driveimg1.intermarche.com/pt/Content/images/boitmal/produit/zoom/3973A8C90F686ECB72E76C3B0A0492D4.jpg,,,,2025-08-13T23:59:59.999999999+01:00,PROSPECTUS,15,2,,
2306,5604260271672,800.0,PorSi,Bacalhau posta média,Embalagem de 800g,7.79,9.74,0,kg,€/Kg,,Tipo de stockagem,https://driveimg1.intermarche.com/pt/Content/images/boitmal/produit/zoom/7BFB91B2030DFA8C523A88F3C016C8D9.jpg,,,,2025-08-13T23:59:59.999999999+01:00,PROSPECTUS,15,2,,
23590,5603722514142,1600.0,Agros,"Leite com chocolate, embalagem de 8x200 ml",,2.96,1.85,1600,L,€/L,,,https://driveimg1.intermarche.com/pt/Content/images/boitmal/produit/zoom/4B07C2A65AC5D9D66E12210391EDB136.jpg,,,,2025-08-13T23:59:59.999999999+01:00,PROSPECTUS,15,2,,
23744,5606586004682,250.0,Legumes,Pimento padrão,embalagem de 250 g,1.29,5.16,0,kg,€/Kg,,,https://driveimg1.intermarche.com/pt/Content/images/boitmal/produit/zoom/1899C364433F6DC55D45BC15027909BF.jpg,,,,2025-08-13T23:59:59.999999999+01:00,PROSPECTUS,15,2,,
2608,7622300784751,175.0,Milka,"Bolos cake e chococolate, embalagem de 180g",,2.39,13.66,0,kg,€/Kg,,,https://driveimg1.intermarche.com/pt/Content/images/boitmal/produit/zoom/508F3961E41381F7147F18B3B2743726.jpg,,,,2025-08-13T23:59:59.999999999+01:00,PROSPECTUS,15,2,,
26091,7613036115575,550.0,Nestlé,Cereais estrelitas,Embalagem de 550g,3.49,6.35,0,kg,€/Kg,,,https://driveimg1.intermarche.com/pt/Content/images/boitmal/produit/zoom/90505B63FB20AF187537F3B46DDB9B86.jpg,,,,2025-08-13T23:59:59.999999999+01:00,PROSPECTUS,15,2,,
32408,5601050034967,600.0,Danone,"Danacol aveia, embalagem de 6 x 100g",,2.99,4.98,0,kg,€/Kg,,,https://driveimg1.intermarche.com/pt/Content/images/boitmal/produit/zoom/5CE656F263120C59B9C0953B21D516B7.jpg,,,,2025-08-13T23:59:59.999999999+01:00,PROSPECTUS,15,2,,
35510,5000204093087,54.0,Raid,Inseticida elétrico,2 Aparelhos + 2 Recargas de 27 ml | 45 Noites + 45 Noites,10.59,196.11,54,L,€/L,,,https://driveimg1.intermarche.com/pt/Content/images/boitmal/produit/zoom/5A7673F19CD20743CD4CF1BC69D4F456.jpg,,,,2025-08-13T23:59:59.999999999+01:00,PROSPECTUS,15,2,,
35997,5603522986422,750.0,Assobio,"Vinho rosé regional do douro, garrafa de 0.75 l",,5.99,7.99,750,L,€/L,,,https://driveimg1.intermarche.com/pt/Content/images/boitmal/produit/zoom/279A94EA54A1F1AF2AEA01DB7A54E9B1.jpg,,,,2025-08-13T23:59:59.999999999+01:00,PROSPECTUS,15,2,,
41226,5601050036572,440.0,Danone,"Oikos morango, embalagem de 4 x 110g",,2.09,4.75,0,kg,€/Kg,,,https://driveimg1.intermarche.com/pt/Content/images/boitmal/produit/zoom/2653493E2B1190B7D8AE6B95BAB9D958.jpg,,,,2025-08-13T23:59:59.999999999+01:00,PROSPECTUS,15,2,,
42183,5604260303670,320.0,PorSi,Pasteis Bacalhau Forno 320G,,3.79,11.84,0,kg,€/Kg,,Tipo de stockagem,https://driveimg1.intermarche.com/pt/Content/images/boitmal/produit/zoom/C7C539107B9979E2E28218FA1A6D1531.jpg,,,,2025-08-20T23:59:59.999999999+01:00,PROSPECTUS,15,2,,
438,8722700140139,20.0,Lipton,"20 saquetas infusão de cidreira, embalagem de 20g",,1.49,74.5,0,kg,€/Kg,,,https://driveimg1.intermarche.com/pt/Content/images/boitmal/produit/zoom/75772B648D442A3C0BB5D4E8A4601B76.jpg,,,,2025-08-13T23:59:59.999999999+01:00,PROSPECTUS,15,2,,
43860,5604260310234,285.0,PorSi,Molho Mostarda E Mel 285G,,1.19,4.18,0,kg,€/Kg,,,https://driveimg1.intermarche.com/pt/Content/images/boitmal/produit/zoom/A0B70BD8C5ADB81E6D372B3C45146344.jpg,,,,2025-08-20T23:59:59.999999999+01:00,PROSPECTUS,15,2,,
44634,8711327485082,330.0,Magnum,"Gelados mini double gold caramel billionaire, embalagem de 6x55 ml",,4.49,13.61,330,L,€/L,,Tipo de stockagem,https://driveimg1.intermarche.com/pt/Content/images/boitmal/produit/zoom/42AC7934AA428100845DBDC81A00E314.jpg,,,,2025-08-13T23:59:59.999999999+01:00,PROSPECTUS,15,2,,
46600,5604260318315,500.0,PorSi,Kefir Líquido Aroma Manga 500G,,1.49,2.98,0,kg,€/Kg,,,https://driveimg1.intermarche.com/pt/Content/images/boitmal/produit/zoom/106BE4355CE6AEC3CCC8F9BDD2753D84.jpg,,,,2025-08-13T23:59:59.999999999+01:00,PROSPECTUS,15,2,,
46603,5604260315437,336.0,PorSi,Rissois Carne Forno 336G,,2.49,7.41,0,kg,€/Kg,,Tipo de stockagem,https://driveimg1.intermarche.com/pt/Content/images/boitmal/produit/zoom/7EF8C4BBCD04E434B8D73C5A389C6453.jpg,,,,2025-08-20T23:59:59.999999999+01:00,PROSPECTUS,15,2,,
46847,5604260316205,500.0,PorSi,Massa Laços Tricolores 500G,,0.99,1.98,0,kg,€/Kg,,,https://driveimg1.intermarche.com/pt/Content/images/boitmal/produit/zoom/26FB05A80D25E9387A8ADB50077F254D.jpg,,,,2025-08-13T23:59:59.999999999+01:00,PROSPECTUS,15,2,,
46871,8411660000224,,Sanytol,"Toalhitas desinfetantes, 36 unidades",,2.49,2.49,0,,€/Unidade,,,https://driveimg1.intermarche.com/pt/Content/images/boitmal/produit/zoom/4B0437D5536C9ECA61CD0C9A016E01DD.jpg,,,,2025-08-13T23:59:59.999999999+01:00,PROSPECTUS,15,2,,
47034,8714100827666,160.0,Knorr,"Caldo galinha receita económica, embalagem de 160g",,1.49,9.31,0,kg,€/Kg,,,https://driveimg1.intermarche.com/pt/Content/images/boitmal/produit/zoom/54D2297B42302C9BEB14DE9BF8F6F3CF.jpg,,,,2025-08-13T23:59:59.999999999+01:00,PROSPECTUS,15,2,,
48137,5604260323319,2000.0,PorSi,Amaciador Roupa Concentrado Talco 80D,,1.85,0.93,2000,L,€/L,,,https://driveimg1.intermarche.com/pt/Content/images/boitmal/produit/zoom/19A86120D5B46985AF96636938E62EA9.jpg,,,,2025-08-13T23:59:59.999999999+01:00,PROSPECTUS,15,2,,
48862,5604260320592,640.0,Porsi Vivabem,Iogurte Líquido Magro Morango 4X160G,,1.29,2.02,0,kg,€/Kg,,,https://driveimg1.intermarche.com/pt/Content/images/boitmal/produit/zoom/6E2158069C8CF147F08FEAD2346409FC.jpg,,,,2025-08-20T23:59:59.999999999+01:00,PROSPECTUS,15,2,,
49864,5604260315321,100.0,PorSi,Meloa Galia Cortada 100G,,0.99,9.9,0,kg,€/Kg,,,https://driveimg1.intermarche.com/pt/Content/images/boitmal/produit/zoom/F5A4591CE357F0601D4222B19A5976C2.jpg,,,,2025-08-13T23:59:59.999999999+01:00,PROSPECTUS,15,2,,
4987,5601012115505,750.0,Planalto,"Vinho doc douro branco, garrafa de 0.75 l",,3.79,5.05,750,L,€/L,,,https://driveimg1.intermarche.com/pt/Content/images/boitmal/produit/zoom/D4AD0E54C5A44C41C52E5EE1F77D08EB.jpg,,,,2025-08-13T23:59:59.999999999+01:00,PROSPECTUS,15,2,,
49880,5604260319329,200.0,PorSi,Paio York Fatiado 200G,,1.69,8.45,0,kg,€/Kg,,,https://driveimg1.intermarche.com/pt/Content/images/boitmal/produit/zoom/C9FBA10C1EDE6B38CB61058810BDCDDF.jpg,,,,2025-08-13T23:59:59.999999999+01:00,PROSPECTUS,15,2,,
50452,5603722521027,160.0,Mimosa,"Manteiga com salsa e alho, 160g",,2.44,15.25,0,kg,€/Kg,,,https://driveimg1.intermarche.com/pt/Content/images/boitmal/produit/zoom/9AF42A2DD592E9FC50D63205569BFC0F.jpg,,,,2025-08-13T23:59:59.999999999+01:00,PROSPECTUS,15,2,,
51684,5604260326945,500.0,Labell,Champô abacate e karité cabelos secos,Embalagem de 500 ml,2.99,5.98,500,L,€/L,,,https://driveimg1.intermarche.com/pt/Content/images/boitmal/produit/zoom/0C8614BB8FF597BC2D6387789148F32E.jpg,,,,2025-08-13T23:59:59.999999999+01:00,PROSPECTUS,15,2,,
51896,8719200253377,400.0,Planta,"Creme vegetal para barrar original, 400g",,2.54,6.35,0,kg,€/Kg,,,https://driveimg1.intermarche.com/pt/Content/images/boitmal/produit/zoom/0265DFAAA6CC23B5D28B5523E860ECEF.jpg,,,,2025-08-13T23:59:59.999999999+01:00,PROSPECTUS,15,2,,
52038,7622201735173,360.0,Royal,"Gelatina pronta melância sem açúcar, 360g",,1.59,4.42,0,kg,€/Kg,,,https://driveimg1.intermarche.com/pt/Content/images/boitmal/produit/zoom/AA877BC228671960789DD64761B76F43.jpg,,,,2025-08-13T23:59:59.999999999+01:00,PROSPECTUS,15,2,,
52325,8720181384868,2520.0,Skip,"Detergente máquina roupa líquido sensitive, 56 doses",,9.99,3.96,2520,L,€/L,,,https://driveimg1.intermarche.com/pt/Content/images/boitmal/produit/zoom/5156E7DCF7ACB257EA61F802A2FE636C.jpg,,,,2025-08-13T23:59:59.999999999+01:00,PROSPECTUS,15,2,,
52363,5604260330492,300.0,PorSi,Pão Maxi Hamburguer 300 G,,1.67,5.57,0,kg,€/Kg,,,https://driveimg1.intermarche.com/pt/Content/images/boitmal/produit/zoom/618E4F2555D98F0CBFD7FC386F8A1D54.jpg,,,,2025-08-20T23:59:59.999999999+01:00,PROSPECTUS,15,2,,
52375,8720181387425,,Skip,Detergente Máquina Roupa Pó Sabão Natural,100 Doses,13.99,13.99,0,,€/Unidade,,,https://driveimg1.intermarche.com/pt/Content/images/boitmal/produit/zoom/8B93F96041E98D0FC28E6DD42F9EAB4B.jpg,,,,2025-08-13T23:59:59.999999999+01:00,PROSPECTUS,15,2,,
52795,8711327619579,825.0,Carte DOr,"Gelado iogurte e frutos do bosque, 825 ml",,5.99,7.26,825,L,€/L,,Tipo de stockagem,https://driveimg1.intermarche.com/pt/Content/images/boitmal/produit/zoom/D6B15D8A8761432E807E9E7BF0438AEB.jpg,https://driveimg1.intermarche.com/pt/Content/images/boitmal/produit/zoom/B5E98FA6F5D8DBF78F4E2527B5936D46.jpg,https://driveimg1.intermarche.com/pt/Content/images/boitmal/produit/zoom/B5E98FA6F5D8DBF78F4E2527B5936D46.jpg,,2025-08-13T23:59:59.999999999+01:00,PROSPECTUS,15,2,,
53000,8410199025357,170.0,LayS,Batatas gourmet finissima 170 g,,2.69,15.82,0,kg,€/Kg,,,https://driveimg1.intermarche.com/pt/Content/images/boitmal/produit/zoom/C1F9A5A136798AD56EECF2676BEF2065.jpg,https://driveimg1.intermarche.com/pt/Content/images/boitmal/produit/zoom/477A3ECD46364DE018D2E409C1F73223.jpg,https://driveimg1.intermarche.com/pt/Content/images/boitmal/produit/zoom/477A3ECD46364DE018D2E409C1F73223.jpg,https://driveimg1.intermarche.com/pt/Content/images/boitmal/produit/zoom/477A3ECD46364DE018D2E409C1F73223.jpg,2025-08-13T23:59:59.999999999+01:00,PROSPECTUS,15,2,,
53278,8711327609464,550.0,Magnum,"Mini gelados 3 chocolates, 10 x 55ml",,5.69,10.35,550,L,€/L,,Tipo de stockagem,https://driveimg1.intermarche.com/pt/Content/images/boitmal/produit/zoom/E455797042074BCBD6AEA5FF9E693444.jpg,https://driveimg1.intermarche.com/pt/Content/images/boitmal/produit/zoom/FDA672B3DD4AECCDE2AA248E968B655B.jpg,https://driveimg1.intermarche.com/pt/Content/images/boitmal/produit/zoom/FDA672B3DD4AECCDE2AA248E968B655B.jpg,,2025-08-13T23:59:59.999999999+01:00,PROSPECTUS,15,2,,
53806,5604260330621,90.0,Labell,Sabonete Manteiga De Karité - 90 G,,0.64,7.11,0,kg,€/Kg,,,https://driveimg1.intermarche.com/pt/Content/images/boitmal/produit/zoom/F288925CD6CE482A8B41C1FAE0FE36C9.jpg,,,,2025-08-13T23:59:59.999999999+01:00,PROSPECTUS,15,2,,
54286,3600542572606,150.0,Ambre Solaire,"Bruma de Rosto e Corpo Ideal Bronze FPS 30, 150ml",,10.79,71.93,150,L,€/L,,,https://driveimg1.intermarche.com/pt/Content/images/boitmal/produit/zoom/BEC24ED41A51D097D8696C8F88727D82.jpg,https://driveimg1.intermarche.com/pt/Content/images/boitmal/produit/zoom/CA224EB4844779FE418EA239867214C0.jpg,https://driveimg1.intermarche.com/pt/Content/images/boitmal/produit/zoom/CA224EB4844779FE418EA239867214C0.jpg,https://driveimg1.intermarche.com/pt/Content/images/boitmal/produit/zoom/CA224EB4844779FE418EA239867214C0.jpg,2025-08-13T23:59:59.999999999+01:00,PROSPECTUS,15,2,,
54448,8710522323007,400.0,Tresemmé,"Champô liso keratina smooth, 400ml",,3.79,9.48,400,L,€/L,,,https://driveimg1.intermarche.com/pt/Content/images/boitmal/produit/zoom/A0CFCB6F402225ED49AAA65602D62346.jpg,,,,2025-08-13T23:59:59.999999999+01:00,PROSPECTUS,15,2,,
54603,8720181292873,760.0,Comfort,"Intensificador perfume tropical, 760ml",,3.99,5.25,760,L,€/L,,,https://driveimg1.intermarche.com/pt/Content/images/boitmal/produit/zoom/72CE6505D84B04718FCBDF6333474C14.jpg,,,,2025-08-13T23:59:59.999999999+01:00,PROSPECTUS,15,2,,
54775,8711327639874,480.0,Cornetto,"4 gelados brigadeiro, 480 ml",,3.89,8.1,480,L,€/L,,Tipo de stockagem,https://driveimg1.intermarche.com/pt/Content/images/boitmal/produit/zoom/962707DE4486454556D51C1A705EA1C2.jpg,,,,2025-08-13T23:59:59.999999999+01:00,PROSPECTUS,15,2,,
54789,8711327608665,400.0,Magnum,"4 gelados chocolate e amêndoa, 400 ml",,3.99,9.98,400,L,€/L,,Tipo de stockagem,https://driveimg1.intermarche.com/pt/Content/images/boitmal/produit/zoom/8722D1A85B18DF132EACF542CF5DDE68.jpg,,,,2025-08-13T23:59:59.999999999+01:00,PROSPECTUS,15,2,,
54802,5603722521539,604.0,Mimosa,"Iogurte liquido morango, 4 x 151 ml",,1.39,2.3,604,L,€/L,,,https://driveimg1.intermarche.com/pt/Content/images/boitmal/produit/zoom/FB51425211E1948B683D88C51AE1A4C5.jpg,,,,2025-08-13T23:59:59.999999999+01:00,PROSPECTUS,15,2,,
54870,8700216609616,450.0,Fairy,"Detergente Manual Loiça Maxi Poder Limão, 450ml",,2.99,6.64,450,L,€/L,,,https://driveimg1.intermarche.com/pt/Content/images/boitmal/produit/zoom/81D44E99D044577B7484666755EA0354.jpg,,,,2025-08-13T23:59:59.999999999+01:00,PROSPECTUS,15,2,,
54986,8711327609716,330.0,Magnum,"6 gelados mini chocolate branco e amêndoa, 330 ml",,3.99,12.09,330,L,€/L,,Tipo de stockagem,https://driveimg1.intermarche.com/pt/Content/images/boitmal/produit/zoom/AE00CAEAE1C3665E1D86858ECC0FD0D3.jpg,,,,2025-08-13T23:59:59.999999999+01:00,PROSPECTUS,15,2,,
56116,8719200299740,250.0,Vaqueiro,"Creme Vegetal Grelhar e Assar, 250g",,1.67,6.68,0,kg,€/Kg,,,https://driveimg1.intermarche.com/pt/Content/images/boitmal/produit/zoom/D4F44AA6C7C1C13D75AE9ECDA58D7D3C.jpg,,,,2025-08-13T23:59:59.999999999+01:00,PROSPECTUS,15,2,,
579,3250390051138,2000.0,Paquito,"Néctar laranja, tetra",Embalagem de 2 l,2.19,1.1,2000,L,€/L,,,https://driveimg1.intermarche.com/pt/Content/images/boitmal/produit/zoom/54AC0D113964ECCAFF954CB6A9106104.jpg,,,,2025-08-20T23:59:59.999999999+01:00,PROSPECTUS,15,2,,
695,3250390831464,170.0,Bouton d' Or,Snack batata original,Embalagem de 170 g,1.99,11.71,0,kg,€/Kg,,,https://driveimg1.intermarche.com/pt/Content/images/boitmal/produit/zoom/30BB43DAB33E5A16CBD15573527DDC49.jpg,,,,2025-08-20T23:59:59.999999999+01:00,PROSPECTUS,15,2,,
7231,3059941005008,750.0,Harpic,"Gel wc tripla ação com lixívia, de 750 ml",,1.99,2.65,750,L,€/L,,,https://driveimg1.intermarche.com/pt/Content/images/boitmal/produit/zoom/709DE4E0C5656AA740292F75F71F1AE8.jpg,,,,2025-08-13T23:59:59.999999999+01:00,PROSPECTUS,15,2,,
7311,3163937011000,700.0,Ricard,Aperitivo de anis,Garrafa de 700 ml,14.79,21.13,700,L,€/L,,,https://driveimg1.intermarche.com/pt/Content/images/boitmal/produit/zoom/D694E761352EDFC4CED0EFCC5B631B0F.jpg,,,,2025-08-13T23:59:59.999999999+01:00,PROSPECTUS,15,2,,
7994,5000204700398,,Raid,"Inseticida, recarga, elétrico, pack 2",1 embalagem com 2x27ml,7.59,7.59,0,,€/Unidade,,,https://driveimg1.intermarche.com/pt/Content/images/boitmal/produit/zoom/14C1FAF83F88740F609DED3B0E2D51E7.jpg,,,,2025-08-13T23:59:59.999999999+01:00,PROSPECTUS,15,2,,
8384,5601049133992,1000.0,Mimosa,"Leite uht magro, embalagem de 1litro",,0.9,0.9,1000,L,€/L,,,https://driveimg1.intermarche.com/pt/Content/images/boitmal/produit/zoom/128AB814EBA9C0783B386EB2E0A38CC9.jpg,https://driveimg1.intermarche.com/pt/Content/images/boitmal/produit/zoom/8C350978140C257D0AAD7365CD133F0C.jpg,https://driveimg1.intermarche.com/pt/Content/images/boitmal/produit/zoom/B9BED9F397071733FB4D36CBE39ECDBA.jpg,,2025-08-13T23:59:59.999999999+01:00,PROSPECTUS,15,2,,
8397,5601050016017,600.0,Danone,"Danacol morango, embalagem de 6 x 100 g",,2.99,4.98,0,kg,€/Kg,,,https://driveimg1.intermarche.com/pt/Content/images/boitmal/produit/zoom/F76543BD64340CC9668C447CAE3F75A1.jpg,,,,2025-08-13T23:59:59.999999999+01:00,PROSPECTUS,15,2,,
8898,5601333051674,750.0,O Tal Vinho da Lixa,"Vinho verde branco, garrafa de 750 ml",,1.99,2.65,750,L,€/L,,,https://driveimg1.intermarche.com/pt/Content/images/boitmal/produit/zoom/99E3C8AD5B7BC228DE7D81019141F430.jpg,,,,2025-08-13T23:59:59.999999999+01:00,PROSPECTUS,15,2,,
942,5601001324109,100.0,Nescafé,"Café solúvel gold, embalagem de 100g",,5.69,56.9,0,kg,€/Kg,,,https://driveimg1.intermarche.com/pt/Content/images/boitmal/produit/zoom/56AF775E1D437B4623D4E42AE4DAA827.jpg,,,,2025-08-13T23:59:59.999999999+01:00,PROSPECTUS,15,2,,
977,5601024124052,750.0,Oliveira da Serra,"Azeite virgem extra seleção ouro, garrafa de 750 ml",,6.19,8.25,750,L,€/L,,,https://driveimg1.intermarche.com/pt/Content/images/boitmal/produit/zoom/C1949CA33BBB7B540392F14948B1D8BF.jpg,,,,2025-08-13T23:59:59.999999999+01:00,PROSPECTUS,15,2,,
10509,8435250297955,256.0,Nestlé,"Iogurte mix in smarties baunilha, embalagem de 2 x 128 g",,2.19,8.55,0,kg,€/Kg,,,https://driveimg1.intermarche.com/pt/Content/images/boitmal/produit/zoom/5355941DC0922592DB9EDB46788FEE19.jpg,,,,2025-08-13T23:59:59.999999999+01:00,PROSPECTUS,15,2,,
10512,8435250439577,232.0,Nestlé,"Iogurte mix in nesquik, embalagem de 2 x 115g",,2.19,9.44,0,kg,€/Kg,,,https://driveimg1.intermarche.com/pt/Content/images/boitmal/produit/zoom/6C2207480393D760FBF1824B2B4CD877.jpg,,,,2025-08-13T23:59:59.999999999+01:00,PROSPECTUS,15,2,,
11471,5601029004076,120.0,Bom Petisco,Atum posta ao natural,Embalagem de 120 g,1.3,10.83,0,kg,€/Kg,,,https://driveimg1.intermarche.com/pt/Content/images/boitmal/produit/zoom/D148E1488041C84EB0524ADACAE78B3A.jpg,,,,2025-08-13T23:59:59.999999999+01:00,PROSPECTUS,15,2,,
11501,5601049612084,125.0,Mimosa,"Manteiga com sal, embalagem de 130g",,1.39,11.12,0,kg,€/Kg,,,https://driveimg1.intermarche.com/pt/Content/images/boitmal/produit/zoom/C0A3DF0B7623AAEE8B7C1B9626AECDDA.jpg,https://driveimg1.intermarche.com/pt/Content/images/boitmal/produit/zoom/1207D37BB442FDD5C918BE023189F00C.jpg,,,2025-08-13T23:59:59.999999999+01:00,PROSPECTUS,15,2,,
1228,5601146230518,1500.0,Joi,"Refrigerante sem gás, laranja, garrafa de 1,5 l",,1.29,0.86,1500,L,€/L,,,https://driveimg1.intermarche.com/pt/Content/images/boitmal/produit/zoom/9CFD5D319CF23E8EEE61B6DFE693387D.jpg,,,,2025-08-13T23:59:59.999999999+01:00,PROSPECTUS,15,2,,
1270,5601151023150,500.0,Compal,"Polpa de tomate com cebola e alho, embalagem de 500g",,1.49,2.98,0,kg,€/Kg,,,https://driveimg1.intermarche.com/pt/Content/images/boitmal/produit/zoom/195ABA90C0C8B2FE1D9EE0202B59D28C.jpg,,,,2025-08-13T23:59:59.999999999+01:00,PROSPECTUS,15,2,,
13373,2893800000000,750.0,Bacalhau,Bacalhau Corrente da Noruega,1 un= 750 g (aprox.),8.24,10.99,0,,€/Kg,,,https://driveimg1.intermarche.com/pt/Content/images/boitmal/produit/zoom/D74E09EC00B79A52E13EB6B9341BD6BA.jpg,,,,2025-08-13T23:59:59.999999999+01:00,PROSPECTUS,15,2,,
13529,2893521000000,1000.0,Peixaria,Pescada do Chile Congelada Nº3,1 un= 1 kg (aprox.),8.99,8.99,0,,€/Kg,,Avantages !,https://driveimg1.intermarche.com/pt/Content/images/boitmal/produit/zoom/40D57D35BBDBDF72027C959F41A6E90C.jpg,,,,2025-08-13T23:59:59.999999999+01:00,PROSPECTUS,15,2,,
13599,2893594000000,500.0,Peixaria,Red Fish Grande Congelado,1 un = 500 gr (aprox.),2.0,3.99,0,,€/Kg,,Avantages !,https://driveimg1.intermarche.com/pt/Content/images/boitmal/produit/zoom/A3E98972B338DCF46BAA412A17BB9B0C.jpg,,,,2025-08-13T23:59:59.999999999+01:00,PROSPECTUS,15,2,,
13895,2891047000000,150.0,Porco,Espetadas,1 un = 150 gr (aprox.),1.05,6.99,0,,€/Kg,,,https://driveimg1.intermarche.com/pt/Content/images/boitmal/produit/zoom/1E16755CED294E905F3A5B2727B27D5F.jpg,,,,2025-08-13T23:59:59.999999999+01:00,PROSPECTUS,15,2,,
14106,3250391489350,300.0,Claude Léger,Ravioli com tomate,Embalagem 300G,2.99,9.97,0,kg,€/Kg,,,https://driveimg1.intermarche.com/pt/Content/images/boitmal/produit/zoom/19BE408B16C504291F0C17E3FA87A5B9.jpg,,,,2025-08-20T23:59:59.999999999+01:00,PROSPECTUS,15,2,,
14301,5000116105199,1125.0,Iglo,"Ervilhas, embalagem de 1,125 kg",,4.99,4.44,0,kg,€/Kg,,Tipo de stockagem,https://driveimg1.intermarche.com/pt/Content/images/boitmal/produit/zoom/2A12D381A70EA524D1800DAB02CBAB7B.jpg,,,,2025-08-13T23:59:59.999999999+01:00,PROSPECTUS,15,2,,
14339,3387390325911,630.0,Nestlé,Cereais fitness,Embalagem de 630g,5.24,8.32,0,kg,€/Kg,,,https://driveimg1.intermarche.com/pt/Content/images/boitmal/produit/zoom/622620E65D6916D40BA230709DD6C726.jpg,,,,2025-08-13T23:59:59.999999999+01:00,PROSPECTUS,15,2,,
14340,3387390326291,141.0,Nestlé,"Barras fitness com morango, embalagem de 140g",,2.39,16.95,0,kg,€/Kg,,,https://driveimg1.intermarche.com/pt/Content/images/boitmal/produit/zoom/3A9BF700A100B0328316208A3B97640F.jpg,,,,2025-08-13T23:59:59.999999999+01:00,PROSPECTUS,15,2,,
14524,5606293010150,100.0,Vitacress,"Salada mesclum, embalagem de 100 g",,1.48,14.8,0,kg,€/Kg,,,https://driveimg1.intermarche.com/pt/Content/images/boitmal/produit/zoom/437D701C53376E62CC9172CCFAEF8B9E.jpg,,,,2025-08-13T23:59:59.999999999+01:00,PROSPECTUS,15,2,,
14543,5606293100226,100.0,Vitacress,"Salada riva, embalagem de 100g",,1.69,16.9,0,kg,€/Kg,,,https://driveimg1.intermarche.com/pt/Content/images/boitmal/produit/zoom/A879736C03118BEA183E593C95961B3B.jpg,,,,2025-08-13T23:59:59.999999999+01:00,PROSPECTUS,15,2,,
1462,5601286231772,250.0,Milaneza,"Massa, estrelinhas, embalagem de 250g",,0.61,2.44,0,kg,€/Kg,,,https://driveimg1.intermarche.com/pt/Content/images/boitmal/produit/zoom/3936C365D7B95744ED545201CA491D61.jpg,,,,2025-08-13T23:59:59.999999999+01:00,PROSPECTUS,15,2,,
14865,2696212000000,,Pastelaria,Folhado Misto 90 g,,0.69,0.69,0,,€/Unidade,,,https://driveimg1.intermarche.com/pt/Content/images/boitmal/produit/zoom/164C27A781A7C68A965295D85BB7D95F.jpg,,,,2025-08-13T23:59:59.999999999+01:00,PROSPECTUS,15,2,,
14879,2696313000000,,Pastelaria,Croissant Brioche 85 g,,0.59,0.59,0,,€/Unidade,,,https://driveimg1.intermarche.com/pt/Content/images/boitmal/produit/zoom/53A872BBC45BBDDAC9749CC51F8CB1EC.jpg,,,,2025-08-13T23:59:59.999999999+01:00,PROSPECTUS,15,2,,
15125,2895006000000,150.0,Terra Nostra,Queijo Flamengo em Barra,1 un = 150 gr (aprox.),1.39,9.29,0,,€/Kg,,,https://driveimg1.intermarche.com/pt/Content/images/boitmal/produit/zoom/BF84618CA37316EE2612494B15F423CC.jpg,,,,2025-08-13T23:59:59.999999999+01:00,PROSPECTUS,15,2,,
15398,5604260278039,1500.0,PorSi,Amaciador  p/ roupa concentrado Aromaterapia,Embalagem com 60 doses,2.49,1.66,1500,L,€/L,,,https://driveimg1.intermarche.com/pt/Content/images/boitmal/produit/zoom/A34CA50BD5140F3567823C4B325B98EF.jpg,,,,2025-08-13T23:59:59.999999999+01:00,PROSPECTUS,15,2,,
15566,8410063056180,250.0,Pescanova,"Miolo camarão, 250g",,6.99,27.96,0,kg,€/Kg,,Tipo de stockagem,https://driveimg1.intermarche.com/pt/Content/images/boitmal/produit/zoom/BEE1FF3586E000AD085B4D38C7ACD034.jpg,,,,2025-08-13T23:59:59.999999999+01:00,PROSPECTUS,15,2,,
16230,8712561587594,4000.0,Comfort,"Amaciador de roupa, azul, de 4 l",,4.99,1.25,4000,L,€/L,,,https://driveimg1.intermarche.com/pt/Content/images/boitmal/produit/zoom/418708C6A4BBF36C3318720584BF4366.jpg,,,,2025-08-13T23:59:59.999999999+01:00,PROSPECTUS,15,2,,
16741,5601448215701,750.0,Pavão,"Vinho branco, garrafa de 0,75 l",,1.89,2.52,750,L,€/L,,,https://driveimg1.intermarche.com/pt/Content/images/boitmal/produit/zoom/598BD2D2D404D6DDEFE3C4A05EF8DE95.jpg,,,,2025-08-13T23:59:59.999999999+01:00,PROSPECTUS,15,2,,
17112,5604260319589,,PorSi,Papel Higiénico 2 Folhas Compacto 24 Rolos,,8.29,8.29,0,,€/Unidade,,,https://driveimg1.intermarche.com/pt/Content/images/boitmal/produit/zoom/C3591F9DBEF2F62E15D213A80066E204.jpg,,,,2025-08-13T23:59:59.999999999+01:00,PROSPECTUS,15,2,,
17269,4084500617421,820.0,Fairy,"Detergente Líquido Lavar Loiça Original, 820 ml",,3.59,4.38,820,L,€/L,,,https://driveimg1.intermarche.com/pt/Content/images/boitmal/produit/zoom/AAC34482F7A307A6F6D7CF7355F8BFDC.jpg,,,,2025-08-13T23:59:59.999999999+01:00,PROSPECTUS,15,2,,
17477,8712100740435,72.0,Knorr,"Tempero alho & coentros 8 cubos, embalagem de 70g",,1.85,25.69,0,kg,€/Kg,,,https://driveimg1.intermarche.com/pt/Content/images/boitmal/produit/zoom/57773A0BEA6BB1E7F24BDC74561D1B47.jpg,,,,2025-08-13T23:59:59.999999999+01:00,PROSPECTUS,15,2,,
18083,5601008200017,258.0,Vieira,Bolacha digestive aveia 258g,,1.84,7.13,0,kg,€/Kg,,,https://driveimg1.intermarche.com/pt/Content/images/boitmal/produit/zoom/74BF051807707504BF4C099005DC7DC3.jpg,,,,2025-08-13T23:59:59.999999999+01:00,PROSPECTUS,15,2,,
18732,8008820148485,750.0,Sorbello,"Lambrusco branco, garrafa de 0.75 l",,2.29,3.05,750,L,€/L,,,https://driveimg1.intermarche.com/pt/Content/images/boitmal/produit/zoom/AA86C7CAE1ED4481A60ED25D1BEF42CA.jpg,,,,2025-08-13T23:59:59.999999999+01:00,PROSPECTUS,15,2,,
18942,5601989950086,750.0,Monte Velho,"Vinho rosé, região do alentejo, garrafa de 0,75 l",,3.99,5.32,750,L,€/L,,,https://driveimg1.intermarche.com/pt/Content/images/boitmal/produit/zoom/492FA643C4A4901779ACEB329DDE602F.jpg,,,,2025-08-13T23:59:59.999999999+01:00,PROSPECTUS,15,2,,
19004,8410104274160,200.0,Veet,"Creme depilatório peles sensíveis, embalagem de 200 ml",,6.99,34.95,200,L,€/L,,,https://driveimg1.intermarche.com/pt/Content/images/boitmal/produit/zoom/873F0880AE5560A48B4AFDD06A8FA174.jpg,,,,2025-08-13T23:59:59.999999999+01:00,PROSPECTUS,15,2,,
20354,5601045001318,1500.0,Sumol,"Refrigerante com gás de maracujá, 1,5L",,1.39,0.93,1500,L,€/L,,,https://driveimg1.intermarche.com/pt/Content/images/boitmal/produit/zoom/5C18444DCE9CAD39D8FB3FF37DA42976.jpg,,,,2025-08-13T23:59:59.999999999+01:00,PROSPECTUS,15,2,,
20620,7613031497126,375.0,Nestlé,"Cereais fitness chocolate preto, embalagem de 375g",,3.99,10.64,0,kg,€/Kg,,,https://driveimg1.intermarche.com/pt/Content/images/boitmal/produit/zoom/20CCA311279667ADD25FA01E9050F1D6.jpg,,,,2025-08-13T23:59:59.999999999+01:00,PROSPECTUS,15,2,,
2108,5604260246700,400.0,PorSi,Mistura De Cogumelos 400G,,1.89,4.73,0,kg,€/Kg,,Tipo de stockagem,https://driveimg1.intermarche.com/pt/Content/images/boitmal/produit/zoom/8881C9C9F9B97137D76194419016634E.jpg,,,,2025-08-13T23:59:59.999999999+01:00,PROSPECTUS,15,2,,
21307,5604260280193,750.0,Selecção de Enófilos,"Vinho Branco Doc Douro 0,75L",,2.14,2.85,750,L,€/L,,,https://driveimg1.intermarche.com/pt/Content/images/boitmal/produit/zoom/6901F1BA886B16C8493A5AF2B508B118.jpg,,,,2025-08-13T23:59:59.999999999+01:00,PROSPECTUS,15,2,,
21366,5606586005931,450.0,Legumes,Endívias,450 g,2.39,5.31,0,kg,€/Kg,,,https://driveimg1.intermarche.com/pt/Content/images/boitmal/produit/zoom/A3FD0C8ED1930EF25D8BF4C364C0916D.jpg,,,,2025-08-13T23:59:59.999999999+01:00,PROSPECTUS,15,3,,
21577,5602947000713,750.0,Quinta da Pacheca,Vinho rosé doc douro,Garrafa de 750 ml,5.99,7.99,750,L,€/L,,,https://driveimg1.intermarche.com/pt/Content/images/boitmal/produit/zoom/99C3E3FF1B0370B7F352668571EDA823.jpg,,,,2025-08-13T23:59:59.999999999+01:00,PROSPECTUS,15,3,,
22395,8712100745614,412.0,HellmannS,"Mionese top down, embalagem de 410g",,2.99,7.26,0,kg,€/Kg,,,https://driveimg1.intermarche.com/pt/Content/images/boitmal/produit/zoom/69FC39D7436E837B71E260D76DC0DC69.jpg,https://driveimg1.intermarche.com/pt/Content/images/boitmal/produit/zoom/8441A970BF19CB238C08CCCD9712CAB2.jpg,https://driveimg1.intermarche.com/pt/Content/images/boitmal/produit/zoom/8441A970BF19CB238C08CCCD9712CAB2.jpg,https://driveimg1.intermarche.com/pt/Content/images/boitmal/produit/zoom/8441A970BF19CB238C08CCCD9712CAB2.jpg,2025-08-13T23:59:59.999999999+01:00,PROSPECTUS,15,3,,
2250,5604260267699,330.0,Kingsbräu,"Cerveja Lata 0,33L",,0.38,1.15,330,L,€/L,,,https://driveimg1.intermarche.com/pt/Content/images/boitmal/produit/zoom/127155D3A5FEC751B6FBF1A24B762F45.jpg,,,,2025-08-20T23:59:59.999999999+01:00,PROSPECTUS,15,3,,
22655,8008820148447,750.0,Sorbello,"Lambrusco rosé, garrafa de 0.75 l",,2.29,3.05,750,L,€/L,,,https://driveimg1.intermarche.com/pt/Content/images/boitmal/produit/zoom/B8608CD34D613092187F919E49F2FAB5.jpg,,,,2025-08-13T23:59:59.999999999+01:00,PROSPECTUS,15,3,,
2279,5604260270095,55.0,PorSi,Cápsulas Café Descafeinado Cnpx10,,1.89,34.36,0,kg,€/Kg,,,https://driveimg1.intermarche.com/pt/Content/images/boitmal/produit/zoom/D26303CA655FAD23B73DEC3CCA6C621F.jpg,,,,2025-08-13T23:59:59.999999999+01:00,PROSPECTUS,15,3,,
22953,8411660670236,750.0,Sanytol,Desinfetante Multiusos,Embalagem de 750 ml,2.49,3.32,750,L,€/L,,,https://driveimg1.intermarche.com/pt/Content/images/boitmal/produit/zoom/1EEAA97664C33C6BEBEA4FA4B7290F03.jpg,,,,2025-08-13T23:59:59.999999999+01:00,PROSPECTUS,15,3,,
23353,5000116112197,375.0,Capitão Iglo,"18 nuggets de frango, embalagem de 380g",,4.99,13.31,0,kg,€/Kg,,Tipo de stockagem,https://driveimg1.intermarche.com/pt/Content/images/boitmal/produit/zoom/F26C89B365D9DC17E138C74AB049DE6B.jpg,,,,2025-08-13T23:59:59.999999999+01:00,PROSPECTUS,15,3,,
23407,7622210635396,150.0,Milka,Bolo de chocolate brownie,Embalagem de 150g,2.39,15.93,0,kg,€/Kg,,,https://driveimg1.intermarche.com/pt/Content/images/boitmal/produit/zoom/50197D16C56C910B2762F4C9D6CF5313.jpg,,,,2025-08-13T23:59:59.999999999+01:00,PROSPECTUS,15,3,,
2460,7613031501649,400.0,Nestlé,"Fruta para bebé maçã banana +4 meses, embalagem de 4 x 100g",,2.39,5.98,0,kg,€/Kg,,,https://driveimg1.intermarche.com/pt/Content/images/boitmal/produit/zoom/4A8A0DFCA0CA8581AB62B34FED196414.jpg,,,,2025-08-13T23:59:59.999999999+01:00,PROSPECTUS,15,3,,
24923,5601066632799,43.0,Margão,"Tempero segredos alho e salsa, 43g",,2.24,52.09,0,kg,€/Kg,,,https://driveimg1.intermarche.com/pt/Content/images/boitmal/produit/zoom/052D9EEB90245B91F1330C2D46B48ACF.jpg,,,,2025-08-13T23:59:59.999999999+01:00,PROSPECTUS,15,3,,
25077,5601096360310,750.0,Casal Garcia,"Sangria branca, garrafa de 750 ml",,3.29,4.39,750,L,€/L,,,https://driveimg1.intermarche.com/pt/Content/images/boitmal/produit/zoom/35C1199A31E9E23CD1FA5462DC041801.jpg,,,,2025-08-13T23:59:59.999999999+01:00,PROSPECTUS,15,3,,
25106,5606999029951,,Legumes,Rabanetes,Embalagem 125g,0.79,0.79,0,,€/Unidade,,,https://driveimg1.intermarche.com/pt/Content/images/boitmal/produit/zoom/488ACF0052BF65EA54585489074B58B3.jpg,,,,2025-08-13T23:59:59.999999999+01:00,PROSPECTUS,15,3,,
25153,5000146400042,750.0,Harpic,"Líquido wc duraguard pinho da montanha, de 750 ml",,1.99,2.65,750,L,€/L,,,https://driveimg1.intermarche.com/pt/Content/images/boitmal/produit/zoom/60482C1A42B437AF7EE7BE6BA2170110.jpg,,,,2025-08-13T23:59:59.999999999+01:00,PROSPECTUS,15,3,,
2518,7613033814693,400.0,Nestlé,"Fruta para bebé 7 frutos +6 meses, embalagem de 4 x 100g",,2.39,5.98,0,kg,€/Kg,,,https://driveimg1.intermarche.com/pt/Content/images/boitmal/produit/zoom/18CF4010C8E037B64FBADB6A5A35AF8F.jpg,,,,2025-08-13T23:59:59.999999999+01:00,PROSPECTUS,15,3,,
25262,5000116112166,208.0,Capitão Iglo,"10 nuggets de frango, embalagem de 210g",,2.99,14.38,0,kg,€/Kg,,Tipo de stockagem,https://driveimg1.intermarche.com/pt/Content/images/boitmal/produit/zoom/CF1467DF1CD91C352F5C2C303E0557A7.jpg,,,,2025-08-13T23:59:59.999999999+01:00,PROSPECTUS,15,3,,
25341,3600542075220,200.0,Garnier,Condicionador Ultra Suave Leite de Coco e Macadâmia,Embalagem de 200 ml,2.94,14.7,200,L,€/L,,,https://driveimg1.intermarche.com/pt/Content/images/boitmal/produit/zoom/29A0C1AF56B90553F38B879CECCA842C.jpg,,,,2025-08-13T23:59:59.999999999+01:00,PROSPECTUS,15,3,,
25706,8411660670229,750.0,Sanytol,Desinfetante p/ WC,Embalagem de 750 ml,2.49,3.32,750,L,€/L,,,https://driveimg1.intermarche.com/pt/Content/images/boitmal/produit/zoom/D105B4A8ECD800E2D1E3546D9AD3B145.jpg,,,,2025-08-13T23:59:59.999999999+01:00,PROSPECTUS,15,3,,
2748,8410063044521,200.0,Pescanova,"Miolo de camarão cozido 40/60, 200 g",,6.39,31.95,0,kg,€/Kg,,Tipo de stockagem,https://driveimg1.intermarche.com/pt/Content/images/boitmal/produit/zoom/D50FF0C33F27025B364B2A0F02EC1F36.jpg,,,,2025-08-13T23:59:59.999999999+01:00,PROSPECTUS,15,3,,
2749,8410063046532,350.0,Pescanova,"Miolo de camarão 80/100, embalagem de 350g",,6.99,19.97,0,kg,€/Kg,,Tipo de stockagem,https://driveimg1.intermarche.com/pt/Content/images/boitmal/produit/zoom/0EA75135180DC26543A97F342303334A.jpg,,,,2025-08-13T23:59:59.999999999+01:00,PROSPECTUS,15,3,,
28609,5604260282951,55.0,PorSi,Cápsulas Café Ristretto Cnpx10,,2.29,41.64,0,kg,€/Kg,,,https://driveimg1.intermarche.com/pt/Content/images/boitmal/produit/zoom/98A2B27B97561600F2789C49300E14CC.jpg,,,,2025-08-13T23:59:59.999999999+01:00,PROSPECTUS,15,3,,
29313,8710552260594,500.0,Calgon,"Anticalcário paramáquina roupa em pó, embalagem de 500g",,6.99,13.98,0,kg,€/Kg,,,https://driveimg1.intermarche.com/pt/Content/images/boitmal/produit/zoom/3E718FA9AB627D41193B01D91DE49D1F.jpg,,,,2025-08-13T23:59:59.999999999+01:00,PROSPECTUS,15,3,,
29370,8710522322154,1600.0,Skip,"Tira Nódoas em Gel Cores, 1.6 l",,7.19,4.49,1600,L,€/L,,,https://driveimg1.intermarche.com/pt/Content/images/boitmal/produit/zoom/54FD3A3EC2CD69B1074B23942E595CC0.jpg,,,,2025-08-13T23:59:59.999999999+01:00,PROSPECTUS,15,3,,
30499,5603522986439,750.0,Assobio,"Vinho branco região do douro, garrafa de 750 ml",,5.99,7.99,750,L,€/L,,,https://driveimg1.intermarche.com/pt/Content/images/boitmal/produit/zoom/9A8E4278BCAAD2CC44E1BC0A3583F6B9.jpg,,,,2025-08-13T23:59:59.999999999+01:00,PROSPECTUS,15,3,,
32158,4015400917328,480.0,Fairy,"Detergente Liquido da Loiça Limão, 480 ml",,2.54,5.29,480,L,€/L,,,https://driveimg1.intermarche.com/pt/Content/images/boitmal/produit/zoom/4E2BD689329F214554584573973F36ED.jpg,,,,2025-08-13T23:59:59.999999999+01:00,PROSPECTUS,15,3,,
32255,5601096011205,750.0,Casal Garcia,"Sangria frutos vermelhos, garrafa de 0.75 l",,3.99,5.32,750,L,€/L,,,https://driveimg1.intermarche.com/pt/Content/images/boitmal/produit/zoom/E05A7F82CD1187A0157F90B2989EB866.jpg,,,,2025-08-13T23:59:59.999999999+01:00,PROSPECTUS,15,3,,
32376,3600542035095,200.0,Garnier,Creme de Pentear Ultra Suave Mel Reconstituinte s/ Passar por Água,200 ml,3.49,17.45,200,L,€/L,,,https://driveimg1.intermarche.com/pt/Content/images/boitmal/produit/zoom/0735BCCA78B63475E9F72579A6D8DC81.jpg,,,,2025-08-13T23:59:59.999999999+01:00,PROSPECTUS,15,3,,
33884,2893837000000,1500.0,Peixaria,Peixe espada preto inteiro,Vendido ao peso,11.99,7.99,0,,€/Kg,,,https://driveimg1.intermarche.com/pt/Content/images/boitmal/produit/zoom/0C1CA3DE6B16A13335042AAFE1F612D6.jpg,,,,2025-08-13T23:59:59.999999999+01:00,PROSPECTUS,15,3,,
34205,8000300300390,100.0,Nestlé,"Tablete de chocolate negro, 100 g",,2.39,23.9,0,kg,€/Kg,,,https://driveimg1.intermarche.com/pt/Content/images/boitmal/produit/zoom/D7CB2494D0CD96388FE7A006BD04D9D2.jpg,,,,2025-08-13T23:59:59.999999999+01:00,PROSPECTUS,15,3,,
35097,8711327315600,440.0,Magnum,"Gelado de chocolate branco e cookies, embalagem de 440 ml",,3.99,9.07,440,L,€/L,,Tipo de stockagem,https://driveimg1.intermarche.com/pt/Content/images/boitmal/produit/zoom/744EDC15FD38572D44883AF2941B2FB8.jpg,https://driveimg1.intermarche.com/pt/Content/images/boitmal/produit/zoom/053F7BCDF3B5574D77DAE8E6E99DA348.jpg,https://driveimg1.intermarche.com/pt/Content/images/boitmal/produit/zoom/053F7BCDF3B5574D77DAE8E6E99DA348.jpg,https://driveimg1.intermarche.com/pt/Content/images/boitmal/produit/zoom/053F7BCDF3B5574D77DAE8E6E99DA348.jpg,2025-08-13T23:59:59.999999999+01:00,PROSPECTUS,15,3,,
35704,3021768203639,360.0,Gogo,"Conjunto de saquetas de fruta maçã e banana, embalagem de 4 x 90g",,2.69,7.47,0,kg,€/Kg,,,https://driveimg1.intermarche.com/pt/Content/images/boitmal/produit/zoom/3B0800B00BAA9EFC0F6FD35BCC52240D.jpg,,,,2025-08-13T23:59:59.999999999+01:00,PROSPECTUS,15,3,,
35705,3021768203615,360.0,Gogo,"Conjunto de saquetas de fruta maçã e morango, embalagem de 4 x 90g",,2.69,7.47,0,kg,€/Kg,,,https://driveimg1.intermarche.com/pt/Content/images/boitmal/produit/zoom/50D9F740E1739930D14334FC3B6F4DCC.jpg,,,,2025-08-13T23:59:59.999999999+01:00,PROSPECTUS,15,3,,
36945,8719200009899,500.0,Vaqueiro,"Margarina líquida, embalagem de 500 ml",,2.49,4.98,500,L,€/L,,,https://driveimg1.intermarche.com/pt/Content/images/boitmal/produit/zoom/03FECF6E7878193CA48B473E5C2E3939.jpg,,,,2025-08-13T23:59:59.999999999+01:00,PROSPECTUS,15,3,,
3736,3250390033714,750.0,Delagne & Fils,Champanhe bruto,"Garrafa de 0,75 l",21.99,29.32,750,L,€/L,,,https://driveimg1.intermarche.com/pt/Content/images/boitmal/produit/zoom/86B2E1A4E06CF323C8A71D94CD854840.jpg,,,,2025-08-20T23:59:59.999999999+01:00,PROSPECTUS,15,3,,
37991,5601027946200,450.0,Bimbo,Pão integral sem côdea,Embalagem de 450 g,1.99,4.42,0,kg,€/Kg,,,https://driveimg1.intermarche.com/pt/Content/images/boitmal/produit/zoom/B913201F1135905B719955E1A5EC3777.jpg,,,,2025-08-13T23:59:59.999999999+01:00,PROSPECTUS,15,3,,
38148,5603722519123,1000.0,Milhafre,Leite de Pastagem Biológico Meio Gordo,1 litro,1.18,1.18,1000,L,€/L,,Produtos Bio,https://driveimg1.intermarche.com/pt/Content/images/boitmal/produit/zoom/DCB3EAE989BC2DDA8E3D76C140D59BA5.jpg,,,,2025-08-13T23:59:59.999999999+01:00,PROSPECTUS,15,3,,
40121,8410076481825,185.0,Old El Paso,"Queijo chips, 185g",,2.19,11.84,0,kg,€/Kg,,,https://driveimg1.intermarche.com/pt/Content/images/boitmal/produit/zoom/B48B295FE352E2196B154716F7AF2C3E.jpg,,,,2025-08-13T23:59:59.999999999+01:00,PROSPECTUS,15,3,,
40383,2696845000000,500.0,Padaria,Pão forma de Rio Maior,500 g,1.45,2.9,0,kg,€/Kg,,,https://driveimg1.intermarche.com/pt/Content/images/boitmal/produit/zoom/17337BA5BC6BED0E351797EFE70D6ACA.jpg,,,,2025-08-13T23:59:59.999999999+01:00,PROSPECTUS,15,3,,
40746,5604260303915,3900.0,PorSi,Amaciador Roupa Lavanda & Camomila 60D,,3.49,0.89,3900,L,€/L,,,https://driveimg1.intermarche.com/pt/Content/images/boitmal/produit/zoom/1E42F65EC520561AB208E02A4BED7B5F.jpg,,,,2025-08-13T23:59:59.999999999+01:00,PROSPECTUS,15,3,,
40911,5601082046976,50.0,Delta Q,Café mythiq,Embalagem de 50g,4.99,99.8,0,kg,€/Kg,,,https://driveimg1.intermarche.com/pt/Content/images/boitmal/produit/zoom/122F99AB6BA9E453566914C598618D44.jpg,,,,2025-08-13T23:59:59.999999999+01:00,PROSPECTUS,15,3,,
40974,8711327407121,2000.0,Lipton,Ice tea de limão zero açúcar garrafa 2 l,,3.19,1.6,2000,L,€/L,,,https://driveimg1.intermarche.com/pt/Content/images/boitmal/produit/zoom/01B1D0B046262E5013625D98284F67D4.jpg,,,,2025-08-13T23:59:59.999999999+01:00,PROSPECTUS,15,3,,
41137,5604260306282,180.0,PorSi,Salsichas Cocktail Lata,,1.89,10.5,0,kg,€/Kg,,,https://driveimg1.intermarche.com/pt/Content/images/boitmal/produit/zoom/C0EC57BA48758AB120335F7E345C6D65.jpg,,,,2025-08-13T23:59:59.999999999+01:00,PROSPECTUS,15,3,,
41138,5604260303199,170.0,PorSi,Batatas Fritas Onduladas Com Sabor A Ketchup 170G,,1.29,7.59,0,kg,€/Kg,,,https://driveimg1.intermarche.com/pt/Content/images/boitmal/produit/zoom/BF85983DE9C11CE6295F4F4113FD56C5.jpg,,,,2025-08-20T23:59:59.999999999+01:00,PROSPECTUS,15,3,,
41149,8710522571477,225.0,Linic,"Champô para homem oleosidade, embalagem de 225 ml",,3.32,14.76,225,L,€/L,,,https://driveimg1.intermarche.com/pt/Content/images/boitmal/produit/zoom/B14FEECAAF1AB05F6A47FD9FA1FDD524.jpg,,,,2025-08-13T23:59:59.999999999+01:00,PROSPECTUS,15,3,,
41223,2892299000000,300.0,Fruta,Pêssego amarelo categoria II,Vendido ao peso a partir de 300 g,0.51,1.69,0,,€/Kg,,,https://driveimg1.intermarche.com/pt/Content/images/boitmal/produit/zoom/C76228249D66B2DF9986A42B462D4351.jpg,,,,2025-08-13T23:59:59.999999999+01:00,PROSPECTUS,15,3,,
41297,5601050036534,440.0,Danone,"Iogurte oikos pêssego, embalagem de 4 x 110g",,2.09,4.75,0,kg,€/Kg,,,https://driveimg1.intermarche.com/pt/Content/images/boitmal/produit/zoom/C2BCC90FB2B192B3C8BC1E9CCF0DA4AF.jpg,,,,2025-08-13T23:59:59.999999999+01:00,PROSPECTUS,15,3,,
41300,5601050036596,440.0,Danone,"Iogurte oikos manga papaya, embalagem de 4 x 110g",,2.09,4.75,0,kg,€/Kg,,,https://driveimg1.intermarche.com/pt/Content/images/boitmal/produit/zoom/407B76EA9B8AB5CE288E3F687A8DBF84.jpg,,,,2025-08-13T23:59:59.999999999+01:00,PROSPECTUS,15,3,,
41581,5601050036619,440.0,Danone,"Iogurte grego maçã e canela, 4 x 110g",,2.09,4.75,0,kg,€/Kg,,,https://driveimg1.intermarche.com/pt/Content/images/boitmal/produit/zoom/069FA6355B7D02BF816E598F365E6B99.jpg,,,,2025-08-13T23:59:59.999999999+01:00,PROSPECTUS,15,3,,
41623,5604260303588,4000.0,PorSi,Areia P/Gato Aglomerada Compacta Perfumada 4 Kg,,3.99,1.0,0,kg,€/Kg,,,https://driveimg1.intermarche.com/pt/Content/images/boitmal/produit/zoom/643C2D97D6A503321FA315B5E172F9CE.jpg,,,,2025-08-13T23:59:59.999999999+01:00,PROSPECTUS,15,3,,
41895,5000116125784,220.0,Capitão Iglo,"12 nuggets frango polme americano, embalagem de 220g",,3.49,15.86,0,kg,€/Kg,,Tipo de stockagem,https://driveimg1.intermarche.com/pt/Content/images/boitmal/produit/zoom/E342C1C812C93A809F88301C9A1AFE84.jpg,,,,2025-08-13T23:59:59.999999999+01:00,PROSPECTUS,15,3,,
42185,5604260303663,320.0,PorSi,Croquetes Carne Forno 320G,,2.79,8.72,0,kg,€/Kg,,Tipo de stockagem,https://driveimg1.intermarche.com/pt/Content/images/boitmal/produit/zoom/998FEE01F90428EE9DDCED2C056C8CF8.jpg,,,,2025-08-20T23:59:59.999999999+01:00,PROSPECTUS,15,3,,
42847,5604260307999,1000.0,PorSi Bio,Bebida Aveia Bio 0% Açúcares Adicionados 1L,,1.19,1.19,1000,L,€/L,,,https://driveimg1.intermarche.com/pt/Content/images/boitmal/produit/zoom/C923FB353F4DBBE9E2E788A0B1D8F2AA.jpg,,,,2025-08-13T23:59:59.999999999+01:00,PROSPECTUS,15,3,,
4301,3600540123961,400.0,Garnier,"Champô Ultra Suave para crianças, alperce",Embalagem de 400 ml,3.79,9.48,400,L,€/L,,,https://driveimg1.intermarche.com/pt/Content/images/boitmal/produit/zoom/3F69E8A7F94BF62C0403CE1EB889963D.jpg,,,,2025-08-13T23:59:59.999999999+01:00,PROSPECTUS,15,3,,
43743,5604260310265,287.0,PorSi,Molho Para Batatas Fritas Top Down 287G,,1.69,5.89,0,kg,€/Kg,,,https://driveimg1.intermarche.com/pt/Content/images/boitmal/produit/zoom/0621D40FC2277122FC30E4D012BB2CB2.jpg,,,,2025-08-20T23:59:59.999999999+01:00,PROSPECTUS,15,3,,
43744,5604260310272,288.0,PorSi,Molho César Top Down 288G,,1.75,6.08,0,kg,€/Kg,,,https://driveimg1.intermarche.com/pt/Content/images/boitmal/produit/zoom/8DD3EC9719BD69E3EA2848851D07A720.jpg,,,,2025-08-20T23:59:59.999999999+01:00,PROSPECTUS,15,3,,
43863,5604260310289,287.0,PorSi,Molho De Alho Top Down 287G,,1.44,5.02,0,kg,€/Kg,,,https://driveimg1.intermarche.com/pt/Content/images/boitmal/produit/zoom/A86295DBBF9EE0E088EB1A72D09CB266.jpg,,,,2025-08-20T23:59:59.999999999+01:00,PROSPECTUS,15,3,,
44909,7613039892480,100.0,Nescafé,"Café solúvel espresso intenso, embalagem de 100g",,6.39,63.9,0,kg,€/Kg,,,https://driveimg1.intermarche.com/pt/Content/images/boitmal/produit/zoom/AF0806E8C0A38D2B3D2782911AF5AE08.jpg,,,,2025-08-13T23:59:59.999999999+01:00,PROSPECTUS,15,3,,
44916,8711327480438,440.0,Magnum,"Gelado double gold caramel billionaire, embalagem de 440 ml",,3.99,9.07,440,L,€/L,,Tipo de stockagem,https://driveimg1.intermarche.com/pt/Content/images/boitmal/produit/zoom/7C07DC9914F4DA381F8A8A6ECD5557A3.jpg,,,,2025-08-13T23:59:59.999999999+01:00,PROSPECTUS,15,3,,
45029,3600542369794,400.0,Garnier,"Champô Ultra Suave camomila, 400 ml",,3.79,9.48,400,L,€/L,,,https://driveimg1.intermarche.com/pt/Content/images/boitmal/produit/zoom/3D84CCE5242E797E89883507C54F8153.jpg,,,,2025-08-13T23:59:59.999999999+01:00,PROSPECTUS,15,3,,
45523,5604260312696,750.0,PorSi,Spray tira gorduras eco,Garrafa de 750 ml,1.49,1.99,750,L,€/L,,,https://driveimg1.intermarche.com/pt/Content/images/boitmal/produit/zoom/A7F9F86D5067E9FDA8F90BADCA51552C.jpg,https://driveimg1.intermarche.com/pt/Content/images/boitmal/produit/zoom/7BD484FBCAE687EEEE87C81AF09C6D46.jpg,https://driveimg1.intermarche.com/pt/Content/images/boitmal/produit/zoom/7BD484FBCAE687EEEE87C81AF09C6D46.jpg,https://driveimg1.intermarche.com/pt/Content/images/boitmal/produit/zoom/7BD484FBCAE687EEEE87C81AF09C6D46.jpg,2025-08-13T23:59:59.999999999+01:00,PROSPECTUS,15,3,https://driveimg1.intermarche.com/pt/Content/images/boitmal/produit/zoom/7BD484FBCAE687EEEE87C81AF09C6D46.jpg,
46255,5601151971154,1500.0,Sumol,"Refrigerante com gás laranjas do algarve, garrafa de 1.5 l",,1.39,0.93,1500,L,€/L,,,https://driveimg1.intermarche.com/pt/Content/images/boitmal/produit/zoom/FC682E13D4CAF638D1B335B8521E2196.jpg,,,,2025-08-13T23:59:59.999999999+01:00,PROSPECTUS,15,3,,
46340,8720181029370,150.0,Axe,"Desodorizante spray dark temptation, embalagem de 150 ml",,3.59,23.93,150,L,€/L,,,https://driveimg1.intermarche.com/pt/Content/images/boitmal/produit/zoom/6089641281D0C2E4D5F46619C43CCB3F.jpg,,,,2025-08-13T23:59:59.999999999+01:00,PROSPECTUS,15,3,,
46484,5604260314768,750.0,PorSi,Spray Casa Banho  750Ml,,1.59,2.12,750,L,€/L,,,https://driveimg1.intermarche.com/pt/Content/images/boitmal/produit/zoom/10784C2150AAC13CD1DE10B8535A90B6.jpg,,,,2025-08-13T23:59:59.999999999+01:00,PROSPECTUS,15,3,,
46499,7613287399045,,Nescafé,Café em cápsulas Dolce Gusto Intenso,64 cápsulas,17.99,17.99,0,,€/Unidade,,,https://driveimg1.intermarche.com/pt/Content/images/boitmal/produit/zoom/C18E938357B5F7158AF721A91D724A11.jpg,,,,2025-08-13T23:59:59.999999999+01:00,PROSPECTUS,15,3,,
46842,5604260315420,400.0,PorSi,Rissois Camarao Forno 400G,,2.99,7.48,0,kg,€/Kg,,Tipo de stockagem,https://driveimg1.intermarche.com/pt/Content/images/boitmal/produit/zoom/9D9F0E303C36E9AAACBD43837D3519A9.jpg,,,,2025-08-20T23:59:59.999999999+01:00,PROSPECTUS,15,3,,
47102,5603722520198,250.0,Mimosa,"Manteiga com sal e sem lactose, embalagem de 250g",,2.44,9.76,0,kg,€/Kg,,,https://driveimg1.intermarche.com/pt/Content/images/boitmal/produit/zoom/93C16F859411D0EBAFBF43E49FD1DA1B.jpg,https://driveimg1.intermarche.com/pt/Content/images/boitmal/produit/zoom/03F85375587D6FDFB4925819A11BDAE0.jpg,https://driveimg1.intermarche.com/pt/Content/images/boitmal/produit/zoom/851EE75BBBA7A9986AE9578DEC17E3F9.jpg,,2025-08-13T23:59:59.999999999+01:00,PROSPECTUS,15,3,,
47669,5604260315307,100.0,PorSi,Melao Cortado 100G,,0.99,9.9,0,kg,€/Kg,,,https://driveimg1.intermarche.com/pt/Content/images/boitmal/produit/zoom/5AB1A7D1A0D38997D523CA7EEAAA5B5E.jpg,,,,2025-08-13T23:59:59.999999999+01:00,PROSPECTUS,15,3,,
47988,5604321033928,200.0,Cemporcento,"Marinheiras chia bio, embalagem de 200g",,1.99,9.95,0,kg,€/Kg,,,https://driveimg1.intermarche.com/pt/Content/images/boitmal/produit/zoom/8919A10F8E22C18159CA4F27AE5CFC94.jpg,,,,2025-08-13T23:59:59.999999999+01:00,PROSPECTUS,15,3,,
48011,5603722520068,800.0,Agros,"Leite com chocolate meio gordo sem lactose, 4 x 200 ml",,1.99,2.49,800,L,€/L,,,https://driveimg1.intermarche.com/pt/Content/images/boitmal/produit/zoom/534AAD13A7F896FDBA98EB7001B680B9.jpg,,,,2025-08-13T23:59:59.999999999+01:00,PROSPECTUS,15,3,,
48075,5604260320868,,PorSi,Pensos Higiénicos Ultrafinos Noite Com Abas - 10 Unidades,,1.19,1.19,0,,€/Unidade,,,https://driveimg1.intermarche.com/pt/Content/images/boitmal/produit/zoom/12ADA0D268721D24041379800219E3C0.jpg,,,,2025-08-13T23:59:59.999999999+01:00,PROSPECTUS,15,3,,
49258,8718951476271,75.0,Colgate,Pasta de Dentes Gengivas Limpeza Interdentária,Embalagem de 75 ml,3.49,46.53,75,L,€/L,,,https://driveimg1.intermarche.com/pt/Content/images/boitmal/produit/zoom/71413787DADCB43D7EE037F2CCCABD18.jpg,,,,2025-08-13T23:59:59.999999999+01:00,PROSPECTUS,15,3,,
49463,8445290250322,600.0,Nestum,Flocos Cereais Mel,Embalagem de 600g,3.79,6.32,0,kg,€/Kg,,,https://driveimg1.intermarche.com/pt/Content/images/boitmal/produit/zoom/4A0A62606AC144021ED115E1FAB3D0CE.jpg,,,,2025-08-13T23:59:59.999999999+01:00,PROSPECTUS,15,3,,
49545,2706799000000,1100.0,PorSi,Frango aberto para churrasco,Embalagem com 1.1 kg (aprox.),3.83,3.48,0,,€/Kg,,,https://driveimg1.intermarche.com/pt/Content/images/boitmal/produit/zoom/60684C48E5570F56CA28A1727B0F160B.jpg,,,,2025-08-13T23:59:59.999999999+01:00,PROSPECTUS,15,3,,
4984,5601012011500,750.0,Mateus,"Vinho rosé, garrafa de 750 ml",,3.29,4.39,750,L,€/L,,,https://driveimg1.intermarche.com/pt/Content/images/boitmal/produit/zoom/3FA76398635D4910DF924BE55B489ECE.jpg,,,,2025-08-13T23:59:59.999999999+01:00,PROSPECTUS,15,3,,
49896,4005900911599,270.0,Nivea Sun,Protetor Solar Spray Protect & Moisture SPF30,Embalagem de 270ml,12.49,46.26,270,L,€/L,,,https://driveimg1.intermarche.com/pt/Content/images/boitmal/produit/zoom/5189CE01980E1521DBDBB694945E2B20.jpg,,,,2025-08-13T23:59:59.999999999+01:00,PROSPECTUS,15,3,,
49981,3021761207269,360.0,Gogo,"Conjunto de saquetas de fruta multifrutos, embalagem de 360g",,2.69,7.47,0,kg,€/Kg,,,https://driveimg1.intermarche.com/pt/Content/images/boitmal/produit/zoom/1FA9F30217D7DE96A61A6082D1C5EF70.jpg,,,,2025-08-13T23:59:59.999999999+01:00,PROSPECTUS,15,3,,
50033,5601050037593,300.0,Yopro,"Iogurte liquido pêssego maragujá, 300g",,1.99,6.63,0,kg,€/Kg,,,https://driveimg1.intermarche.com/pt/Content/images/boitmal/produit/zoom/FBD4E9C7CBF6F8731249673D25B3B2EC.jpg,,,,2025-08-13T23:59:59.999999999+01:00,PROSPECTUS,15,3,,
50296,5604260325030,400.0,Labell Men,Gel Banho Sport Homem,400 ml,1.49,3.73,400,L,€/L,,,https://driveimg1.intermarche.com/pt/Content/images/boitmal/produit/zoom/A8884A91A190E411B92C2F778BC1208D.jpg,,,,2025-08-13T23:59:59.999999999+01:00,PROSPECTUS,15,3,,
50404,5601096013049,750.0,Casal Garcia,"Fruitzy melão, garrafa de 750 ml",,3.99,5.32,750,L,€/L,,,https://driveimg1.intermarche.com/pt/Content/images/boitmal/produit/zoom/CF9FBEB6ACB0CF6BD5503D4AD548C745.jpg,,,,2025-08-13T23:59:59.999999999+01:00,PROSPECTUS,15,3,,
5044,5601036100051,300.0,Elnett,Laca fixação forte,Embalagem de 300 ml,4.99,16.63,300,L,€/L,,,https://driveimg1.intermarche.com/pt/Content/images/boitmal/produit/zoom/836BDFF5C8173F1877DA08FF8577EBF7.jpg,,,,2025-08-13T23:59:59.999999999+01:00,PROSPECTUS,15,3,,
5060,5601036301441,250.0,Garnier,Champô Ultra Suave camomila,Embalagem de 250 ml,2.94,11.76,250,L,€/L,,,https://driveimg1.intermarche.com/pt/Content/images/boitmal/produit/zoom/5DE593698EC056D02CA5F4C6A74ADE87.jpg,,,,2025-08-13T23:59:59.999999999+01:00,PROSPECTUS,15,3,,
50937,5604260326396,170.0,PorSi,Batatas Fritas Lisas Sabor A Orégãos 170G,,1.19,7.0,0,kg,€/Kg,,,https://driveimg1.intermarche.com/pt/Content/images/boitmal/produit/zoom/FD8F2555506B3123DC3096FBC75B5CF9.jpg,,,,2025-08-20T23:59:59.999999999+01:00,PROSPECTUS,15,3,,
50956,5604260324309,750.0,PorSi,"Spray limpa vidros gel, 750 ml",,1.05,1.4,750,L,€/L,,,https://driveimg1.intermarche.com/pt/Content/images/boitmal/produit/zoom/DCF65EC06FD5CE3B58D25702BB413524.jpg,,,,2025-08-13T23:59:59.999999999+01:00,PROSPECTUS,15,3,,
51369,5000116125791,1400.0,Capitão Iglo,"50 douradinhos de peixe ómega 3 iglo, embalagem de 1.4 kg",,13.99,9.99,0,kg,€/Kg,,Tipo de stockagem,https://driveimg1.intermarche.com/pt/Content/images/boitmal/produit/zoom/6C5BC15FEE115209F2EC3E0B9DBA1CCD.jpg,,,,2025-08-13T23:59:59.999999999+01:00,PROSPECTUS,15,3,,
51821,8720608019441,30.0,Lipton,"Chá preto yellow label, 20 saquetas",,1.2,40.0,0,kg,€/Kg,,,https://driveimg1.intermarche.com/pt/Content/images/boitmal/produit/zoom/EB99885822BE68D162DAF9842F4175C2.jpg,,,,2025-08-13T23:59:59.999999999+01:00,PROSPECTUS,15,3,,
51959,7622201735012,360.0,Royal,"Gelatina pronta morango sem açúcar, 360g",,1.59,4.42,0,kg,€/Kg,,,https://driveimg1.intermarche.com/pt/Content/images/boitmal/produit/zoom/3D03A571D29D5962C7FFE956BB753FCB.jpg,,,,2025-08-13T23:59:59.999999999+01:00,PROSPECTUS,15,3,,
52015,7622201747442,360.0,Royal,"Gelatina pronta ananás sem açúcar, 360g",,1.59,4.42,0,kg,€/Kg,,,https://driveimg1.intermarche.com/pt/Content/images/boitmal/produit/zoom/6AA035845DC1CC2A0779179B0CC4F846.jpg,,,,2025-08-13T23:59:59.999999999+01:00,PROSPECTUS,15,3,,
52084,4005900911650,270.0,Nivea Sun,"Protetor solar spray protect & bronze fp30, 270 ml",,14.59,54.04,270,L,€/L,,,https://driveimg1.intermarche.com/pt/Content/images/boitmal/produit/zoom/3C2A74C462399DAC1B991323A1716841.jpg,,,,2025-08-13T23:59:59.999999999+01:00,PROSPECTUS,15,3,,
52328,8720181385100,2520.0,Skip,"Detergente máquina roupa líquido baby, 56 doses",,9.99,3.96,2520,L,€/L,,,https://driveimg1.intermarche.com/pt/Content/images/boitmal/produit/zoom/37DC97A7700AEDD1F57E9521FBF4BEA2.jpg,,,,2025-08-13T23:59:59.999999999+01:00,PROSPECTUS,15,3,,
52335,8720181392979,1368.0,Comfort,"Amaciador roupa concentrado creations angélicas e flor de baunilha, 76 doses",,3.99,2.92,1368,L,€/L,,,https://driveimg1.intermarche.com/pt/Content/images/boitmal/produit/zoom/504638FE0C01115A314811D8BC910186.jpg,,,,2025-08-13T23:59:59.999999999+01:00,PROSPECTUS,15,3,,
52338,8720181392931,1368.0,Comfort,"Amaciador roupa concentrado creations jasmim e mirtilo, 76 doses",,3.99,2.92,1368,L,€/L,,,https://driveimg1.intermarche.com/pt/Content/images/boitmal/produit/zoom/6011DCF134621AA99ADEF13E90F43514.jpg,,,,2025-08-13T23:59:59.999999999+01:00,PROSPECTUS,15,3,,
52366,5605480002251,,Veet,"Bandas depilatórias corpo expert pele sensível, 16 unidades",,7.34,7.34,16,,€/Unidade,,,https://driveimg1.intermarche.com/pt/Content/images/boitmal/produit/zoom/DBDBF55F8F5F2B0C3C9EBD7A3151F86F.jpg,,,,2025-08-13T23:59:59.999999999+01:00,PROSPECTUS,15,3,,
52377,8720181385131,,Skip,Detergente Máquina Roupa Líquido Sabão Natural,100 Doses,11.99,11.99,0,,€/Unidade,,,https://driveimg1.intermarche.com/pt/Content/images/boitmal/produit/zoom/B7482844827C04E8BE654EF9B7B49DD3.jpg,,,,2025-08-13T23:59:59.999999999+01:00,PROSPECTUS,15,3,,
52636,8719200269026,400.0,Planta,"Creme vegetal para barrar, 400g",,2.54,6.35,0,kg,€/Kg,,,https://driveimg1.intermarche.com/pt/Content/images/boitmal/produit/zoom/F65911004A3F054AD79E8D4223582388.jpg,,,,2025-08-13T23:59:59.999999999+01:00,PROSPECTUS,15,3,,
52785,5900020043504,310.0,Nestlé,"Cereais Fibra Fitness 0% Mel, 310g",,3.34,10.77,0,kg,€/Kg,,,https://driveimg1.intermarche.com/pt/Content/images/boitmal/produit/zoom/8279A6B5BC166AA60A43E6EF7802287B.jpg,,,,2025-08-13T23:59:59.999999999+01:00,PROSPECTUS,15,3,,
52789,5601050038132,480.0,Yopro,"Iogurte proteina natural, 480g",,3.29,6.85,0,kg,€/Kg,,,https://driveimg1.intermarche.com/pt/Content/images/boitmal/produit/zoom/52E483643CC10D2C5C43C6FDFACD9C92.jpg,,,,2025-08-13T23:59:59.999999999+01:00,PROSPECTUS,15,3,,
52797,8711327616332,825.0,Carte DOr,"Gelado brownie chocolate, 825 ml",,5.99,7.26,825,L,€/L,,Tipo de stockagem,https://driveimg1.intermarche.com/pt/Content/images/boitmal/produit/zoom/86933FC9C9D9EA2E9FB58FB8E0DC69F7.jpg,https://driveimg1.intermarche.com/pt/Content/images/boitmal/produit/zoom/89D187521E159B499F9E24CFA10981D6.jpg,https://driveimg1.intermarche.com/pt/Content/images/boitmal/produit/zoom/89D187521E159B499F9E24CFA10981D6.jpg,,2025-08-13T23:59:59.999999999+01:00,PROSPECTUS,15,3,,
52818,7622210740427,225.0,Belvita,"Bolachas Breakfast Chocolate com Pepitas, 225g",,1.84,8.18,0,kg,€/Kg,,,https://driveimg1.intermarche.com/pt/Content/images/boitmal/produit/zoom/06D19F448E2CDC3FE6342322C92EFDE7.jpg,,,,2025-08-13T23:59:59.999999999+01:00,PROSPECTUS,15,3,,
52839,8720181380686,,Skip,"Detergente roupa máquina cápsulas skip baby embalagem cartão, 32 doses",,8.99,8.99,32,,€/Unidade,,,https://driveimg1.intermarche.com/pt/Content/images/boitmal/produit/zoom/83B6776B3BDE1EBDB9D95FE2C245BC15.jpg,https://driveimg1.intermarche.com/pt/Content/images/boitmal/produit/zoom/9D5657D4263153C15B398271532DDB88.jpg,https://driveimg1.intermarche.com/pt/Content/images/boitmal/produit/zoom/9D5657D4263153C15B398271532DDB88.jpg,https://driveimg1.intermarche.com/pt/Content/images/boitmal/produit/zoom/9D5657D4263153C15B398271532DDB88.jpg,2025-08-13T23:59:59.999999999+01:00,PROSPECTUS,15,3,,
52880,8719200267794,450.0,Becel,"Creme vegetal de barrar com sabor a manteiga, 450g",,3.56,7.91,0,kg,€/Kg,,,https://driveimg1.intermarche.com/pt/Content/images/boitmal/produit/zoom/E2EFE8BE5E96AF9FCA9D840059BF696C.jpg,https://driveimg1.intermarche.com/pt/Content/images/boitmal/produit/zoom/287D301C66C180312FAA8A3BAE7EA710.jpg,https://driveimg1.intermarche.com/pt/Content/images/boitmal/produit/zoom/287D301C66C180312FAA8A3BAE7EA710.jpg,https://driveimg1.intermarche.com/pt/Content/images/boitmal/produit/zoom/287D301C66C180312FAA8A3BAE7EA710.jpg,2025-08-13T23:59:59.999999999+01:00,PROSPECTUS,15,3,,
52881,8719200267190,450.0,Becel,"Creme vegetal para barrar original, 450g",,3.56,7.91,0,kg,€/Kg,,,https://driveimg1.intermarche.com/pt/Content/images/boitmal/produit/zoom/7D8CFDDFB89CBA606F61A06158439D60.jpg,https://driveimg1.intermarche.com/pt/Content/images/boitmal/produit/zoom/D67292663C5C1617E51BCDF904BF56A4.jpg,https://driveimg1.intermarche.com/pt/Content/images/boitmal/produit/zoom/D67292663C5C1617E51BCDF904BF56A4.jpg,,2025-08-13T23:59:59.999999999+01:00,PROSPECTUS,15,4,,
52883,8719200267824,1000.0,Planta,"Creme vegetal para barrar original, 1 kg",,4.99,4.99,0,kg,€/Kg,,,https://driveimg1.intermarche.com/pt/Content/images/boitmal/produit/zoom/936FEB2670E44E85562B9564D40B3E6A.jpg,https://driveimg1.intermarche.com/pt/Content/images/boitmal/produit/zoom/CBB4812E883E0A943660F7C5BD667E18.jpg,https://driveimg1.intermarche.com/pt/Content/images/boitmal/produit/zoom/CBB4812E883E0A943660F7C5BD667E18.jpg,,2025-08-13T23:59:59.999999999+01:00,PROSPECTUS,15,4,,
52889,8720181385094,945.0,Skip,"Detergente líquido máquina de roupa baby, 21 doses",,3.99,4.22,945,L,€/L,,,https://driveimg1.intermarche.com/pt/Content/images/boitmal/produit/zoom/88B9AA7AC23F4BC407E554F7DDCFF45B.jpg,https://driveimg1.intermarche.com/pt/Content/images/boitmal/produit/zoom/F71A2C4911172C11157AB331E2B3BEF3.jpg,https://driveimg1.intermarche.com/pt/Content/images/boitmal/produit/zoom/F71A2C4911172C11157AB331E2B3BEF3.jpg,,2025-08-13T23:59:59.999999999+01:00,PROSPECTUS,15,4,,
52895,8720181380648,,Skip,"Detergente Cápsulas Máquina de Roupa Active Clean, 32 doses",,8.99,8.99,32,,€/Unidade,,,https://driveimg1.intermarche.com/pt/Content/images/boitmal/produit/zoom/FCDED2EC28760482A86038FF21792268.jpg,https://driveimg1.intermarche.com/pt/Content/images/boitmal/produit/zoom/AFDAFD11D9A3E06FF9612A9C5A925C33.jpg,https://driveimg1.intermarche.com/pt/Content/images/boitmal/produit/zoom/AFDAFD11D9A3E06FF9612A9C5A925C33.jpg,,2025-08-13T23:59:59.999999999+01:00,PROSPECTUS,15,4,,
52944,8720181392900,1332.0,Comfort,"Amaciador concentrado essência azul, 74 doses",,3.49,2.62,1332,L,€/L,,,https://driveimg1.intermarche.com/pt/Content/images/boitmal/produit/zoom/A560BD62C0B678C99A0D6C167361502D.jpg,https://driveimg1.intermarche.com/pt/Content/images/boitmal/produit/zoom/E11C27145AD703889B20EE3212D34D08.jpg,https://driveimg1.intermarche.com/pt/Content/images/boitmal/produit/zoom/E11C27145AD703889B20EE3212D34D08.jpg,,2025-08-13T23:59:59.999999999+01:00,PROSPECTUS,15,4,,
53007,5603722520105,1000.0,Milhafre,"Leite De Pastagem Magro, 1l",,0.89,0.89,1000,L,€/L,,,https://driveimg1.intermarche.com/pt/Content/images/boitmal/produit/zoom/299C37D166CA38EDBA2E0A4C61421ACE.jpg,,,,2025-08-13T23:59:59.999999999+01:00,PROSPECTUS,15,4,,
53030,8414100363460,330.0,Schweppes,"Refrigerante laranja zero, lata de 330 ml",,0.66,2.0,330,L,€/L,,,https://driveimg1.intermarche.com/pt/Content/images/boitmal/produit/zoom/D8A50DAF7C343E44B10F6987990E4D7C.jpg,,,,2025-08-13T23:59:59.999999999+01:00,PROSPECTUS,15,4,,
53044,8720181368769,4320.0,Omo,"Detergente roupa máquina líquido, 96 doses",,8.99,2.08,4320,L,€/L,,,https://driveimg1.intermarche.com/pt/Content/images/boitmal/produit/zoom/30BA46CDC8291B3E0F7206BAD1197FAE.jpg,,,,2025-08-13T23:59:59.999999999+01:00,PROSPECTUS,15,4,,
53166,8711327612754,140.0,Magnum,"Gelado bomboniera, 140 ml",,4.19,29.93,140,L,€/L,,Tipo de stockagem,https://driveimg1.intermarche.com/pt/Content/images/boitmal/produit/zoom/D7EEE9024551E6345F84FF315A388587.jpg,https://driveimg1.intermarche.com/pt/Content/images/boitmal/produit/zoom/2C67DE42D7FCE19DB87FA0B25D923563.jpg,https://driveimg1.intermarche.com/pt/Content/images/boitmal/produit/zoom/2C67DE42D7FCE19DB87FA0B25D923563.jpg,,2025-08-13T23:59:59.999999999+01:00,PROSPECTUS,15,4,,
53170,7630477891592,,Starbucks,"Café Cápsulas House Blend Nespresso, 10 unidades",,3.95,3.95,10,,€/Unidade,,,https://driveimg1.intermarche.com/pt/Content/images/boitmal/produit/zoom/82E63D8AC0C11582972D3DC2303D69F1.jpg,,,,2025-08-13T23:59:59.999999999+01:00,PROSPECTUS,15,4,,
53203,8711327580992,500.0,Lipton,Refrigerante Sem Gás Pêssego,Garrafa de 500 ml,0.93,1.86,500,L,€/L,,,https://driveimg1.intermarche.com/pt/Content/images/boitmal/produit/zoom/D0B578E19D48073F55ED6C822D9D74DE.jpg,https://driveimg1.intermarche.com/pt/Content/images/boitmal/produit/zoom/390976EB6C159A339C425B1B6E05C12E.jpg,https://driveimg1.intermarche.com/pt/Content/images/boitmal/produit/zoom/390976EB6C159A339C425B1B6E05C12E.jpg,,2025-08-13T23:59:59.999999999+01:00,PROSPECTUS,15,4,,
53208,8719200268647,1000.0,Vaqueiro,"Creme vegetal culinária clássico, 1 kg",,2.99,2.99,0,kg,€/Kg,,,https://driveimg1.intermarche.com/pt/Content/images/boitmal/produit/zoom/0735A691FAA77E120C1E24086E19EA16.jpg,https://driveimg1.intermarche.com/pt/Content/images/boitmal/produit/zoom/DD9C237337ADB2608A1427FA94442244.jpg,https://driveimg1.intermarche.com/pt/Content/images/boitmal/produit/zoom/DD9C237337ADB2608A1427FA94442244.jpg,https://driveimg1.intermarche.com/pt/Content/images/boitmal/produit/zoom/DD9C237337ADB2608A1427FA94442244.jpg,2025-08-13T23:59:59.999999999+01:00,PROSPECTUS,15,4,,
53232,8445290759207,600.0,Nesquik,"Achocolatado em Pó, 600g",,4.89,8.15,0,kg,€/Kg,,,https://driveimg1.intermarche.com/pt/Content/images/boitmal/produit/zoom/8142D9ABDD247C983EB9286F596F2E87.jpg,https://driveimg1.intermarche.com/pt/Content/images/boitmal/produit/zoom/1E8F61743B1B3F44416834AAF4EBE584.jpg,https://driveimg1.intermarche.com/pt/Content/images/boitmal/produit/zoom/1E8F61743B1B3F44416834AAF4EBE584.jpg,https://driveimg1.intermarche.com/pt/Content/images/boitmal/produit/zoom/1E8F61743B1B3F44416834AAF4EBE584.jpg,2025-08-13T23:59:59.999999999+01:00,PROSPECTUS,15,4,,
53236,8711327581937,330.0,Magnum,"Mini gelados double framboesa, 6 x 55ml",,4.49,13.61,330,L,€/L,,Tipo de stockagem,https://driveimg1.intermarche.com/pt/Content/images/boitmal/produit/zoom/6932EECFEFF640B58D8FE0AAE944AFD2.jpg,https://driveimg1.intermarche.com/pt/Content/images/boitmal/produit/zoom/AE4B42C54F61649E5F63B556EA44C28A.jpg,https://driveimg1.intermarche.com/pt/Content/images/boitmal/produit/zoom/AE4B42C54F61649E5F63B556EA44C28A.jpg,https://driveimg1.intermarche.com/pt/Content/images/boitmal/produit/zoom/AE4B42C54F61649E5F63B556EA44C28A.jpg,2025-08-13T23:59:59.999999999+01:00,PROSPECTUS,15,4,,
53237,8445290299215,340.0,Purina One,"Comida Húmida para Cão Mini Controlo Peso, 4 x 85g",,2.24,6.59,0,kg,€/Kg,,,https://driveimg1.intermarche.com/pt/Content/images/boitmal/produit/zoom/40D134D7CE22BE39C26A49915801BF86.jpg,,,,2025-08-13T23:59:59.999999999+01:00,PROSPECTUS,15,4,,
53805,5604260330614,90.0,Labell,Sabonete Cremoso 90G,Embalagem de 90g,0.64,7.11,0,kg,€/Kg,,,https://driveimg1.intermarche.com/pt/Content/images/boitmal/produit/zoom/3E893F788E8405F7F634D88897F293E4.jpg,,,,2025-08-13T23:59:59.999999999+01:00,PROSPECTUS,15,4,,
53809,5604260330652,90.0,Labell,Sabonete Lavanda - 90 G,,0.64,7.11,0,kg,€/Kg,,,https://driveimg1.intermarche.com/pt/Content/images/boitmal/produit/zoom/2772B477B970B9DE387476BC9BCF8012.jpg,,,,2025-08-13T23:59:59.999999999+01:00,PROSPECTUS,15,4,,
53919,2696282000000,250.0,Pastelaria,"Baguete Constance, 250 g",,0.79,3.16,0,kg,€/Kg,,,https://driveimg1.intermarche.com/pt/Content/images/boitmal/produit/zoom/E31381B4AE9393D5575E71A4567985AE.jpg,,,,2025-08-20T23:59:59.999999999+01:00,PROSPECTUS,15,4,,
53925,5604260333134,50.0,Labell,Protetor Solar Creme Facial Antiage Fps50+ 50 Ml,,2.99,59.8,50,L,€/L,,,https://driveimg1.intermarche.com/pt/Content/images/boitmal/produit/zoom/29EC4475E5A485D243A705511C0A1197.jpg,,,,2025-08-13T23:59:59.999999999+01:00,PROSPECTUS,15,4,,
54287,3600542572637,150.0,Ambre Solaire,"Protetor Solar Spray Ideal Bronze FPS 30, 150ml",,10.79,71.93,150,L,€/L,,,https://driveimg1.intermarche.com/pt/Content/images/boitmal/produit/zoom/FCE5FBC255160EE253EDAFC8DDFC9410.jpg,https://driveimg1.intermarche.com/pt/Content/images/boitmal/produit/zoom/E1A7A6026FAD20847EC19A92C4F0982F.jpg,https://driveimg1.intermarche.com/pt/Content/images/boitmal/produit/zoom/E1A7A6026FAD20847EC19A92C4F0982F.jpg,https://driveimg1.intermarche.com/pt/Content/images/boitmal/produit/zoom/E1A7A6026FAD20847EC19A92C4F0982F.jpg,2025-08-13T23:59:59.999999999+01:00,PROSPECTUS,15,4,,
54291,3600542520447,150.0,Ambre Solaire,"Protetor Solar Spray Sensitive Advanced FPS 50+, 150ml",,11.39,75.93,150,L,€/L,,,https://driveimg1.intermarche.com/pt/Content/images/boitmal/produit/zoom/688E9491F0504157A81F4CAE6A4D28DC.jpg,https://driveimg1.intermarche.com/pt/Content/images/boitmal/produit/zoom/00AF2F3E6B8D9A76D4EE0717657122D6.jpg,https://driveimg1.intermarche.com/pt/Content/images/boitmal/produit/zoom/00AF2F3E6B8D9A76D4EE0717657122D6.jpg,https://driveimg1.intermarche.com/pt/Content/images/boitmal/produit/zoom/00AF2F3E6B8D9A76D4EE0717657122D6.jpg,2025-08-13T23:59:59.999999999+01:00,PROSPECTUS,15,4,,
54294,3600542523035,270.0,Ambre Solaire,"Protetor Solar Spray Sensitive Advanced FPS 50+, 270ml",,14.09,52.19,270,L,€/L,,,https://driveimg1.intermarche.com/pt/Content/images/boitmal/produit/zoom/36923D8A047010E409BFF281E0D1623C.jpg,https://driveimg1.intermarche.com/pt/Content/images/boitmal/produit/zoom/A38EDAC1200CE150CA6E33AFFF91BB30.jpg,https://driveimg1.intermarche.com/pt/Content/images/boitmal/produit/zoom/A38EDAC1200CE150CA6E33AFFF91BB30.jpg,https://driveimg1.intermarche.com/pt/Content/images/boitmal/produit/zoom/A38EDAC1200CE150CA6E33AFFF91BB30.jpg,2025-08-13T23:59:59.999999999+01:00,PROSPECTUS,15,4,,
543,3228881083241,30.0,Lipton,"20 saquetas chá digestão fácil, embalagem de 30g",,2.09,69.67,0,kg,€/Kg,,,https://driveimg1.intermarche.com/pt/Content/images/boitmal/produit/zoom/62C3C7BA99F1F998410EDAE6BAC40CDF.jpg,,,,2025-08-13T23:59:59.999999999+01:00,PROSPECTUS,15,4,,
544,3228881083326,30.0,Lipton,"20 saquetas chá noite tranquila, embalagem de 30g",,2.09,69.67,0,kg,€/Kg,,,https://driveimg1.intermarche.com/pt/Content/images/boitmal/produit/zoom/918429936BF1A7F518EA4E4A9580CA69.jpg,,,,2025-08-13T23:59:59.999999999+01:00,PROSPECTUS,15,4,,
54489,5000204334005,,Glade,"Ambientador Glade Eléctrico Recarga Dupla Clean Linen, 2un.",,5.19,5.19,0,,€/Unidade,,,https://driveimg1.intermarche.com/pt/Content/images/boitmal/produit/zoom/29623DA3966524AF66CDB5FC2B4429EE.jpg,,,,2025-08-13T23:59:59.999999999+01:00,PROSPECTUS,15,4,,
54538,8006540763582,,Fairy,"Detergente Máquina Loiça Pastilhas Original Tudo em 1 Limão, 71D",,12.99,12.99,0,,€/Unidade,,,https://driveimg1.intermarche.com/pt/Content/images/boitmal/produit/zoom/937EB01E1BF93392425BD6CC2ABF2650.jpg,,,,2025-08-13T23:59:59.999999999+01:00,PROSPECTUS,15,4,,
54605,8720181468377,720.0,Dove,"Gel de banho fruity nourish, 720ml",,7.99,11.1,720,L,€/L,,,https://driveimg1.intermarche.com/pt/Content/images/boitmal/produit/zoom/FFA7012232765CFD968E176F1C94593A.jpg,,,,2025-08-13T23:59:59.999999999+01:00,PROSPECTUS,15,4,,
54684,8711327611924,330.0,Magnum,"6 gelados mini chocolate e amêndoa, 330 ml",,3.99,12.09,330,L,€/L,,Tipo de stockagem,https://driveimg1.intermarche.com/pt/Content/images/boitmal/produit/zoom/779A2D41120BAD2364A0B6F639CCEACA.jpg,,,,2025-08-13T23:59:59.999999999+01:00,PROSPECTUS,15,4,,
54768,8711327618350,825.0,Carte DOr,"Gelado solero, 825 ml",,5.99,7.26,825,L,€/L,,Tipo de stockagem,https://driveimg1.intermarche.com/pt/Content/images/boitmal/produit/zoom/037FA5F0943D903D3343AB8B76CCCB74.jpg,,,,2025-08-13T23:59:59.999999999+01:00,PROSPECTUS,15,4,,
54790,8711327621176,770.0,Magnum,"8 gelados chocolate clássico, amêndoa e chocolate branco, 770 ml",,5.99,7.78,770,L,€/L,,Tipo de stockagem,https://driveimg1.intermarche.com/pt/Content/images/boitmal/produit/zoom/9E8AC0EAF965CDDF6107434D3A13539B.jpg,,,,2025-08-13T23:59:59.999999999+01:00,PROSPECTUS,15,4,,
54794,5603722521546,604.0,Mimosa,"Iogurte liquido banana, 4 x 151 ml",,1.39,2.3,604,L,€/L,,,https://driveimg1.intermarche.com/pt/Content/images/boitmal/produit/zoom/23212EB7A3AC6B5E99AFE5AEC8D0F7DF.jpg,,,,2025-08-13T23:59:59.999999999+01:00,PROSPECTUS,15,4,,
54795,5603722521225,604.0,Mimosa,"Iogurte magro liquido morango, 4x151 ml",,1.49,2.47,604,L,€/L,,,https://driveimg1.intermarche.com/pt/Content/images/boitmal/produit/zoom/075603ECF4916B645B9AA45146480552.jpg,,,,2025-08-13T23:59:59.999999999+01:00,PROSPECTUS,15,4,,
54799,5603722521263,604.0,Mimosa,Iogurte magro liquido frutos silvestres 4 x 151 ml,,1.49,2.47,604,L,€/L,,,https://driveimg1.intermarche.com/pt/Content/images/boitmal/produit/zoom/783E43940BBBFF2CB63BFFCCB1232BA5.jpg,,,,2025-08-13T23:59:59.999999999+01:00,PROSPECTUS,15,4,,
54803,5603722521577,604.0,Mimosa,"Iogurte liquido pêssego, 4 x 151 ml",,1.39,2.3,604,L,€/L,,,https://driveimg1.intermarche.com/pt/Content/images/boitmal/produit/zoom/FCB49B6E55B0295598FF4782F772063D.jpg,,,,2025-08-13T23:59:59.999999999+01:00,PROSPECTUS,15,4,,
54805,5603722521256,604.0,Mimosa,"Iogurte magro liquido morango e kiwi, 4 x 151ml",,1.49,2.47,604,L,€/L,,,https://driveimg1.intermarche.com/pt/Content/images/boitmal/produit/zoom/A3858514DE6D6159040FFCC958098D81.jpg,,,,2025-08-13T23:59:59.999999999+01:00,PROSPECTUS,15,4,,
