identifier,produitEan13,capacite,marque,libelle,conditionnement,prix,unitPrice,volume,typeProduit_uniteByCode,unit_value,pictogrammes_0,pictogrammes_libelleCategorie,images_0,images_1,images_2,images_3,images_4,images_5,images_6,avantages_dateFin,avantages_categorie,nro_paginas,page,images_7
14372,8712100599392,550.0,Calvé,"Ketchup top down, embalagem de 550g",,2.59,4.71,0,kg,€/Kg,,,https://driveimg1.intermarche.com/pt/Content/images/boitmal/produit/zoom/6D3218F33B22BC3205033BC41E176600.jpg,https://driveimg1.intermarche.com/pt/Content/images/boitmal/produit/zoom/FE7F103C359D2D1FD7BF3FDC8DD381BA.jpg,https://driveimg1.intermarche.com/pt/Content/images/boitmal/produit/zoom/FE7F103C359D2D1FD7BF3FDC8DD381BA.jpg,https://driveimg1.intermarche.com/pt/Content/images/boitmal/produit/zoom/FE7F103C359D2D1FD7BF3FDC8DD381BA.jpg,,,,2025-07-30T23:59:59.999999999+01:00,PROSPECTUS,17,1,
1480,5601314000073,9000.0,Vitalis,"Água mineral sem gás, pack 6 x 1.5 l",,2.69,0.3,9000,L,€/L,,,https://driveimg1.intermarche.com/pt/Content/images/boitmal/produit/zoom/DA3E69EB6FBF3CE3F3256CE592DB9A52.jpg,,,,,,,2025-07-30T23:59:59.999999999+01:00,PROSPECTUS,17,1,
8998,5601511000616,400.0,Limiano,"Queijo em fatias, 400g",,4.19,10.48,0,kg,€/Kg,,,https://driveimg1.intermarche.com/pt/Content/images/boitmal/produit/zoom/B876EB9E5C4AFD1BCE528AB6B8F31622.jpg,,,,,,,2025-07-30T23:59:59.999999999+01:00,PROSPECTUS,17,1,
8383,5601049132995,1000.0,Mimosa,"Leite uht meio gordo, embalagem de 1litro",,0.9,0.9,1000,L,€/L,,,https://driveimg1.intermarche.com/pt/Content/images/boitmal/produit/zoom/6FB52C843F677BD37D399D45BB10B38B.jpg,https://driveimg1.intermarche.com/pt/Content/images/boitmal/produit/zoom/AE810093A08CEBD60415DCC626CF5804.jpg,https://driveimg1.intermarche.com/pt/Content/images/boitmal/produit/zoom/A0562293538F541B1B99592AA046327B.jpg,,,,,2025-07-30T23:59:59.999999999+01:00,PROSPECTUS,17,1,
19850,3086123262270,,Bic,Máquina depilatória Miss Soleil,3 + 1 unidades,2.74,2.74,0,,€/Unidade,,,https://driveimg1.intermarche.com/pt/Content/images/boitmal/produit/zoom/84270AD4ED60098E63CCEB8C44723661.jpg,,,,,,,2025-07-30T23:59:59.999999999+01:00,PROSPECTUS,17,1,
52897,8720181392917,1332.0,Comfort,"Amaciador concentrado essência pure, 74 doses",,3.49,2.62,1332,L,€/L,,,https://driveimg1.intermarche.com/pt/Content/images/boitmal/produit/zoom/F5C0D70B94DAAFB0949EA4EE48242D35.jpg,https://driveimg1.intermarche.com/pt/Content/images/boitmal/produit/zoom/6C81AB307354BD851AD24288672BBAB9.jpg,https://driveimg1.intermarche.com/pt/Content/images/boitmal/produit/zoom/6C81AB307354BD851AD24288672BBAB9.jpg,,,,,2025-07-30T23:59:59.999999999+01:00,PROSPECTUS,17,1,
12972,2892040000000,200.0,Fruta,Banana,1 un = 200 gr (aprox.),0.2,0.99,0,,€/Kg,,,https://driveimg1.intermarche.com/pt/Content/images/boitmal/produit/zoom/1515327A77B72426B2932390DFBE18E5.jpg,,,,,,,2025-07-30T23:59:59.999999999+01:00,PROSPECTUS,17,1,
32551,5608527002764,750.0,Casa Ermelinda Freitas,Vinho Vinha da Fonte Setúbal tinto,Garrafa de 0.75 l,2.99,3.99,750,L,€/L,,,https://driveimg1.intermarche.com/pt/Content/images/boitmal/produit/zoom/06E0D835BF6FF987E9BF7993FA3DFA28.jpg,,,,,,,2025-07-30T23:59:59.999999999+01:00,PROSPECTUS,17,1,
15489,7613031884247,4000.0,Friskies,"Ração para gato adulto com vaca, frango, embalagem de 4kg",,10.79,2.7,0,kg,€/Kg,,,https://driveimg1.intermarche.com/pt/Content/images/boitmal/produit/zoom/AA74DE430E0D577781082E763F8D5C13.jpg,,,,,,,2025-07-30T23:59:59.999999999+01:00,PROSPECTUS,17,1,
12356,8410108122535,,Dodot,Toalhitas Sensitive |Recarga,Pack: 4 x54 unidades,5.99,5.99,0,,€/Unidade,,,https://driveimg1.intermarche.com/pt/Content/images/boitmal/produit/zoom/2D442A68E931C2DF1957ADA0EF3AD2F3.jpg,https://driveimg1.intermarche.com/pt/Content/images/boitmal/produit/zoom/47D40D02C955E98DB96B03E04432FF85.jpg,https://driveimg1.intermarche.com/pt/Content/images/boitmal/produit/zoom/47D40D02C955E98DB96B03E04432FF85.jpg,,,,,2025-07-30T23:59:59.999999999+01:00,PROSPECTUS,17,1,
54603,8720181292873,760.0,Comfort,"Intensificador perfume tropical, 760ml",,3.49,4.59,760,L,€/L,,,https://driveimg1.intermarche.com/pt/Content/images/boitmal/produit/zoom/72CE6505D84B04718FCBDF6333474C14.jpg,,,,,,,2025-07-30T23:59:59.999999999+01:00,PROSPECTUS,17,1,
26772,5449000106186,3500.0,Coca-Cola,"Refrigerante com gás, pack 2 x 1.75 l",,3.77,1.08,3500,L,€/L,,,https://driveimg1.intermarche.com/pt/Content/images/boitmal/produit/zoom/A789E276311FA9DA8F07BCEEEA6CB731.jpg,,,,,,,2025-07-30T23:59:59.999999999+01:00,PROSPECTUS,17,1,
32408,5601050034967,600.0,Danone,"Danacol aveia, embalagem de 6 x 100g",,2.99,4.98,0,kg,€/Kg,,,https://driveimg1.intermarche.com/pt/Content/images/boitmal/produit/zoom/5CE656F263120C59B9C0953B21D516B7.jpg,,,,,,,2025-07-30T23:59:59.999999999+01:00,PROSPECTUS,17,1,
52505,5604260327515,500.0,Labell,Elíxir Oral Sensitive,Embalagem de 500 ml,1.35,2.7,500,L,€/L,,,https://driveimg1.intermarche.com/pt/Content/images/boitmal/produit/zoom/A9803BE68F478E0D7DC5787A5AADCBF0.jpg,,,,,,,2025-07-30T23:59:59.999999999+01:00,PROSPECTUS,17,1,
53050,8445290554468,28.0,Nestlé,"Snack Para Bebé Puffs Milho, 28g",,1.06,37.86,0,kg,€/Kg,,,https://driveimg1.intermarche.com/pt/Content/images/boitmal/produit/zoom/B311B1AFD7EA9708AD65723EF9E33A76.jpg,,,,,,,2025-07-30T23:59:59.999999999+01:00,PROSPECTUS,17,1,
13567,2893562000000,250.0,Marisco,Ameijoa Castanha Vietnamita Congelada,vendido ao peso a partir de 250 g,0.75,2.99,0,,€/Kg,,Avantages !,https://driveimg1.intermarche.com/pt/Content/images/boitmal/produit/zoom/33CC3279E2741F227440A7AFDC3AEEF9.jpg,,,,,,,2025-07-30T23:59:59.999999999+01:00,PROSPECTUS,17,1,
48015,7613287491909,340.0,Felix,Comida Húmida Gato Seleção de Peixes,Embalagem de 4 x 85 g,2.24,6.59,0,kg,€/Kg,,,https://driveimg1.intermarche.com/pt/Content/images/boitmal/produit/zoom/8DB5810AA0EC4F7E28839F740BBA9BB3.jpg,,,,,,,2025-07-30T23:59:59.999999999+01:00,PROSPECTUS,17,1,
15922,2892269000000,150.0,Fruta,Nectarina,1 un = 150 gr (aprox.),0.3,1.99,0,,€/Kg,,,https://driveimg1.intermarche.com/pt/Content/images/boitmal/produit/zoom/39E5D4E904BC246491DD0D9A67E98725.jpg,,,,,,,2025-07-30T23:59:59.999999999+01:00,PROSPECTUS,17,1,
14165,5099873090473,700.0,Jack DanielS,"Whiskey bourbon, garrafa de 700 ml",,19.99,28.56,700,L,€/L,,,https://driveimg1.intermarche.com/pt/Content/images/boitmal/produit/zoom/1C68A9CA0085F370C66B536F41B373C8.jpg,,,,,,,2025-07-30T23:59:59.999999999+01:00,PROSPECTUS,17,1,
13914,2891225000000,350.0,Frango,Perna com Costa,1 un. = 300 g (aprox.),0.8,2.29,0,,€/Kg,,,https://driveimg1.intermarche.com/pt/Content/images/boitmal/produit/zoom/D1297D1CD095629263E582A65B4C3857.jpg,,,,,,,2025-07-30T23:59:59.999999999+01:00,PROSPECTUS,17,1,
42776,5604260304714,200.0,PorSi,Fiambre Da Pa Fatiado 200G,,1.59,7.95,0,kg,€/Kg,,,https://driveimg1.intermarche.com/pt/Content/images/boitmal/produit/zoom/8A131F94BE57C970A8C2BBD2F93B5A56.jpg,https://driveimg1.intermarche.com/pt/Content/images/boitmal/produit/zoom/4BF6C4B7F27D2FA729AB427C5AFC4D32.jpg,https://driveimg1.intermarche.com/pt/Content/images/boitmal/produit/zoom/4BF6C4B7F27D2FA729AB427C5AFC4D32.jpg,https://driveimg1.intermarche.com/pt/Content/images/boitmal/produit/zoom/4BF6C4B7F27D2FA729AB427C5AFC4D32.jpg,https://driveimg1.intermarche.com/pt/Content/images/boitmal/produit/zoom/4BF6C4B7F27D2FA729AB427C5AFC4D32.jpg,https://driveimg1.intermarche.com/pt/Content/images/boitmal/produit/zoom/4BF6C4B7F27D2FA729AB427C5AFC4D32.jpg,https://driveimg1.intermarche.com/pt/Content/images/boitmal/produit/zoom/4BF6C4B7F27D2FA729AB427C5AFC4D32.jpg,2025-07-30T23:59:59.999999999+01:00,PROSPECTUS,17,1,
11961,5603722505607,1000.0,Mimosa,"Leite sem lactose meio gordo, de 1l",,1.15,1.15,1000,L,€/L,,,https://driveimg1.intermarche.com/pt/Content/images/boitmal/produit/zoom/A98ED8A0E5E675A3AC1A551BCE75B0AB.jpg,https://driveimg1.intermarche.com/pt/Content/images/boitmal/produit/zoom/4E57BFE09E8D859BDBE1705476BB9F1B.jpg,https://driveimg1.intermarche.com/pt/Content/images/boitmal/produit/zoom/E1F70144AAFCC0EAEBFF05614177D009.jpg,,,,,2025-07-30T23:59:59.999999999+01:00,PROSPECTUS,17,1,
9727,5604260273058,200.0,PorSi,Queijo Mozzarela Ralado 200G,,1.64,8.2,0,kg,€/Kg,,,https://driveimg1.intermarche.com/pt/Content/images/boitmal/produit/zoom/D767CFC30304ACED37F1FA78A6E123BE.jpg,,,,,,,2025-07-30T23:59:59.999999999+01:00,PROSPECTUS,17,1,
13865,2891042000000,1000.0,Porco,Costeletas do Cachaço,Vendido ao peso a partir de 1 kg,4.99,4.99,0,,€/Kg,,,https://driveimg1.intermarche.com/pt/Content/images/boitmal/produit/zoom/D0D96FA697CD7DF7D0B353E0ED0B1193.jpg,,,,,,,2025-07-30T23:59:59.999999999+01:00,PROSPECTUS,17,1,
13954,2891192000000,500.0,Porco,Tiras da Costela/Piano,1 un = 500 gr (aprox.),3.3,6.59,0,,€/Kg,,,https://driveimg1.intermarche.com/pt/Content/images/boitmal/produit/zoom/7D0B09E93398DFB0B31D06D5AFBD6B99.jpg,,,,,,,2025-07-30T23:59:59.999999999+01:00,PROSPECTUS,17,1,
405,8712566410910,275.0,Calvé,"Ketchup, embalagem de 275g",,1.48,5.38,0,kg,€/Kg,,,https://driveimg1.intermarche.com/pt/Content/images/boitmal/produit/zoom/9E63EED4B27A252289B8979C188F5B40.jpg,https://driveimg1.intermarche.com/pt/Content/images/boitmal/produit/zoom/0D7B165FF00CA45BD8F6AC077E3CA1EC.jpg,https://driveimg1.intermarche.com/pt/Content/images/boitmal/produit/zoom/0D7B165FF00CA45BD8F6AC077E3CA1EC.jpg,https://driveimg1.intermarche.com/pt/Content/images/boitmal/produit/zoom/0D7B165FF00CA45BD8F6AC077E3CA1EC.jpg,,,,2025-07-30T23:59:59.999999999+01:00,PROSPECTUS,17,1,
54828,5601164906273,7000.0,Super Bock,"Cerveja, 35 x 20 cl",,13.85,1.98,7000,L,€/L,,,https://driveimg1.intermarche.com/pt/Content/images/boitmal/produit/zoom/3EEAE55F901F69F71712A095227D1F3E.jpg,,,,,,,2025-07-30T23:59:59.999999999+01:00,PROSPECTUS,17,1,
23275,5604260281206,170.0,PorSi,Agrião Programa Origens,embalagem de 170 g,1.55,9.12,0,kg,€/Kg,,,https://driveimg1.intermarche.com/pt/Content/images/boitmal/produit/zoom/9E9A66116CC129F3E0687F1B725E9B99.jpg,,,,,,,2025-07-30T23:59:59.999999999+01:00,PROSPECTUS,17,1,
28856,5604260281312,150.0,PorSi,Salada Lusitana Programa Origens,embalagem de 150 g,1.55,10.33,0,kg,€/Kg,,,https://driveimg1.intermarche.com/pt/Content/images/boitmal/produit/zoom/2A9EEAEFCF468810BC9FC976E2BE5E31.jpg,,,,,,,2025-07-30T23:59:59.999999999+01:00,PROSPECTUS,17,1,
30958,5449000957955,3500.0,Coca-Cola,"Refrigerante zero, pack 2 x 1.75 l",,3.32,0.95,3500,L,€/L,,,https://driveimg1.intermarche.com/pt/Content/images/boitmal/produit/zoom/F2EAD17F7ACB8ABDBC63DEE76B961767.jpg,,,,,,,2025-07-30T23:59:59.999999999+01:00,PROSPECTUS,17,1,
12519,8712100417054,416.0,HellmannS,"Maionese, frasco, embalagem de 420g",,2.99,7.19,0,kg,€/Kg,,,https://driveimg1.intermarche.com/pt/Content/images/boitmal/produit/zoom/6AB870EF622544FC82599432CC32DE9B.jpg,https://driveimg1.intermarche.com/pt/Content/images/boitmal/produit/zoom/6731B805B2B4B445CCCFD0D614219E37.jpg,https://driveimg1.intermarche.com/pt/Content/images/boitmal/produit/zoom/6731B805B2B4B445CCCFD0D614219E37.jpg,https://driveimg1.intermarche.com/pt/Content/images/boitmal/produit/zoom/6731B805B2B4B445CCCFD0D614219E37.jpg,,,,2025-07-30T23:59:59.999999999+01:00,PROSPECTUS,17,1,
12943,2892087000000,1500.0,Fruta,Mamão,"1 un = 1,5 kg (aprox.)",5.84,3.89,0,,€/Kg,,,https://driveimg1.intermarche.com/pt/Content/images/boitmal/produit/zoom/E92859558CF3617793775ADAD1A11B14.jpg,,,,,,,2025-07-30T23:59:59.999999999+01:00,PROSPECTUS,17,1,
13262,2893247000000,200.0,Peixaria,Sardinha Fresca,1 un = 200 gr (aprox.),1.0,4.99,0,,€/Kg,,,https://driveimg1.intermarche.com/pt/Content/images/boitmal/produit/zoom/66B3AFDFB78EAEB8A16C084E7A27E749.jpg,,,,,,,2025-07-30T23:59:59.999999999+01:00,PROSPECTUS,17,1,
13892,2891041000000,1000.0,Porco,Costeletas do Lombo,Vendido ao peso a partir de 1 kg,4.89,4.89,0,,€/Kg,,,https://driveimg1.intermarche.com/pt/Content/images/boitmal/produit/zoom/589E4AFE71E19AF7FEB32FB0C0E176FF.jpg,,,,,,,2025-07-30T23:59:59.999999999+01:00,PROSPECTUS,17,1,
13897,2891053000000,1000.0,Porco,Lombo sem Osso,Vendido ao peso a partir de 1 kg,4.99,4.99,0,,€/Kg,,,https://driveimg1.intermarche.com/pt/Content/images/boitmal/produit/zoom/415564DA70574ED3C1D7475F1F28BDB6.jpg,,,,,,,2025-07-30T23:59:59.999999999+01:00,PROSPECTUS,17,1,
15039,2892256000000,4000.0,Fruta,Melão Verde,Vendido ao peso | 1 un = 4kg (aprox.),3.96,0.99,0,,€/Kg,,,https://driveimg1.intermarche.com/pt/Content/images/boitmal/produit/zoom/25FE547830213D1C98E9F3B3D9687685.jpg,,,,,,,2025-07-30T23:59:59.999999999+01:00,PROSPECTUS,17,1,
15052,2892600000000,200.0,Legumes,Tomate Alongado,1 un = 200 gr (aprox.),0.26,1.29,0,,€/Kg,,,https://driveimg1.intermarche.com/pt/Content/images/boitmal/produit/zoom/38D21D4EBC59DA4208AABB9D11AF0901.jpg,,,,,,,2025-07-30T23:59:59.999999999+01:00,PROSPECTUS,17,1,
36713,5604260294886,200.0,PorSi,Queijo Mozzarella Fatiado 200G,,1.94,9.7,0,kg,€/Kg,,,https://driveimg1.intermarche.com/pt/Content/images/boitmal/produit/zoom/8D6A479839B379AF63A7B0E385C7247C.jpg,,,,,,,2025-07-30T23:59:59.999999999+01:00,PROSPECTUS,17,1,
49359,5601146700066,6000.0,Sagres,"Cerveja com álcool, pack 24 x 0.25 l",,11.69,1.95,6000,L,€/L,,,https://driveimg1.intermarche.com/pt/Content/images/boitmal/produit/zoom/67C6D1253BB0D82F02E1633DF741EA25.jpg,https://driveimg1.intermarche.com/pt/Content/images/boitmal/produit/zoom/B2E3D57423A20C8E7B4C1173F1457C2E.jpg,,,,,,2025-07-30T23:59:59.999999999+01:00,PROSPECTUS,17,1,
9293,5603722493942,250.0,Primor,Manteiga pasteurizada com sal cuvet,Embalagem de 250g,2.19,8.76,0,kg,€/Kg,,,https://driveimg1.intermarche.com/pt/Content/images/boitmal/produit/zoom/F3F4D9FDF2A69DC31DE35D801759C2EE.jpg,,,,,,,2025-07-30T23:59:59.999999999+01:00,PROSPECTUS,17,1,
10153,8410199002402,150.0,LayS,"Batata frita forno originais, embalagem de 150g",,1.49,9.93,0,kg,€/Kg,,,https://driveimg1.intermarche.com/pt/Content/images/boitmal/produit/zoom/86C3E77514816B61352453CDEA14189F.jpg,,,,,,,2025-07-30T23:59:59.999999999+01:00,PROSPECTUS,17,1,
13095,2893071000000,100.0,Peixaria,Carapau Pequeno,1 un = 100 g (aprox.),0.35,3.49,0,,€/Kg,,,https://driveimg1.intermarche.com/pt/Content/images/boitmal/produit/zoom/07606BE143D22CF4796A63CA9C752E5B.jpg,,,,,,,2025-07-30T23:59:59.999999999+01:00,PROSPECTUS,17,1,
1721,5604260000227,500.0,PorSi,Massa Macarrão Grande Riscado 500G,,0.79,1.58,0,kg,€/Kg,,,https://driveimg1.intermarche.com/pt/Content/images/boitmal/produit/zoom/A45F9471B9DF73E6FE477D0397B62386.jpg,,,,,,,2025-07-30T23:59:59.999999999+01:00,PROSPECTUS,17,1,
251,2696001000000,400.0,Padaria,Baguete,400 g,0.79,1.98,0,kg,€/Kg,,,https://driveimg1.intermarche.com/pt/Content/images/boitmal/produit/zoom/42C2E126B9E5B84C243F0668DEC3869F.jpg,,,,,,,2025-07-30T23:59:59.999999999+01:00,PROSPECTUS,17,1,
35913,5603722498022,800.0,Mimosa,"Leite bem essencial morango , embalagem de 4 x 200 ml",,1.69,2.11,800,L,€/L,,,https://driveimg1.intermarche.com/pt/Content/images/boitmal/produit/zoom/4B6AB6C5E199D6DAC849805FE4702BB4.jpg,,,,,,,2025-07-30T23:59:59.999999999+01:00,PROSPECTUS,17,1,
38118,5604260301997,2000.0,PorSi,Iogurte Pedaços Multisabores 16X125G,,4.64,2.32,0,kg,€/Kg,,,https://driveimg1.intermarche.com/pt/Content/images/boitmal/produit/zoom/1928521ADA1E03C1AA27AC6E397A3F41.jpg,,,,,,,2025-07-30T23:59:59.999999999+01:00,PROSPECTUS,17,1,
44634,8711327485082,330.0,Magnum,"Gelados mini double gold caramel billionaire, embalagem de 6x55 ml",,4.49,13.61,330,L,€/L,,Tipo de stockagem,https://driveimg1.intermarche.com/pt/Content/images/boitmal/produit/zoom/42AC7934AA428100845DBDC81A00E314.jpg,,,,,,,2025-07-30T23:59:59.999999999+01:00,PROSPECTUS,17,1,
48766,8722700231998,525.0,Olá,"Gelado calippo cola, 5 x 105 ml",,2.99,5.7,525,L,€/L,,Tipo de stockagem,https://driveimg1.intermarche.com/pt/Content/images/boitmal/produit/zoom/FB3E50854D288187B03A79CB54A90499.jpg,,,,,,,2025-07-30T23:59:59.999999999+01:00,PROSPECTUS,17,1,
54683,8711327609082,330.0,Magnum,"5 gelados mini chocolate clássico, amêndoa e chocolate branco, 330 ml",,3.99,12.09,330,L,€/L,,Tipo de stockagem,https://driveimg1.intermarche.com/pt/Content/images/boitmal/produit/zoom/29273D02F85CCA3787C7EFAE4B965F92.jpg,,,,,,,2025-07-30T23:59:59.999999999+01:00,PROSPECTUS,17,1,
8384,5601049133992,1000.0,Mimosa,"Leite uht magro, embalagem de 1litro",,0.9,0.9,1000,L,€/L,,,https://driveimg1.intermarche.com/pt/Content/images/boitmal/produit/zoom/128AB814EBA9C0783B386EB2E0A38CC9.jpg,https://driveimg1.intermarche.com/pt/Content/images/boitmal/produit/zoom/8C350978140C257D0AAD7365CD133F0C.jpg,https://driveimg1.intermarche.com/pt/Content/images/boitmal/produit/zoom/B9BED9F397071733FB4D36CBE39ECDBA.jpg,,,,,2025-07-30T23:59:59.999999999+01:00,PROSPECTUS,17,1,
9389,5604260033454,240.0,PorSi,Chourico De Carne Extra 240G,,1.79,7.46,0,kg,€/Kg,,,https://driveimg1.intermarche.com/pt/Content/images/boitmal/produit/zoom/EF9FDE84DCC3E26F64D2E4765C67F3EE.jpg,,,,,,,2025-07-30T23:59:59.999999999+01:00,PROSPECTUS,17,1,
11466,5601018004605,200.0,Gresso,Nata uht para bater 200 ml,,0.85,4.25,200,L,€/L,,,https://driveimg1.intermarche.com/pt/Content/images/boitmal/produit/zoom/6D55411BE639B830632A68D20D002036.jpg,,,,,,,2025-07-30T23:59:59.999999999+01:00,PROSPECTUS,17,1,
1292,5601151354452,1000.0,Compal,"Néctar vital equilibrio manga e laranja, 1 l",,1.26,1.26,1000,L,€/L,,,https://driveimg1.intermarche.com/pt/Content/images/boitmal/produit/zoom/1F825A70CAB773F623AA6F5B800DE1F4.jpg,,,,,,,2025-07-30T23:59:59.999999999+01:00,PROSPECTUS,17,1,
12946,2892155000000,250.0,Fruta,Ameixa Vermelha,1 un = 250 gr  (aprox.),0.55,2.19,0,,€/Kg,,,https://driveimg1.intermarche.com/pt/Content/images/boitmal/produit/zoom/DA65FE52200EF35EEAAD64E8BD7CE484.jpg,,,,,,,2025-07-30T23:59:59.999999999+01:00,PROSPECTUS,17,1,
1300,5601151653456,1000.0,Compal,"Néctar vital equilibrio laranja/maracujá, embalagem de 1l",,1.26,1.26,1000,L,€/L,,,https://driveimg1.intermarche.com/pt/Content/images/boitmal/produit/zoom/66D7AD0BA2BE04FFDAEDA995E24E80A5.jpg,,,,,,,2025-07-30T23:59:59.999999999+01:00,PROSPECTUS,17,1,
1304,5601151860755,410.0,Compal,"Feijão frade, lata de 410 ml",,1.09,2.66,410,L,€/L,,,https://driveimg1.intermarche.com/pt/Content/images/boitmal/produit/zoom/1437F4C9CFF88AA158F19E7D53775E22.jpg,,,,,,,2025-07-30T23:59:59.999999999+01:00,PROSPECTUS,17,1,
16072,2696083000000,62.0,Panpor,Carcaça de Cereais,,0.29,4.68,0,kg,€/Kg,,,https://driveimg1.intermarche.com/pt/Content/images/boitmal/produit/zoom/64BBBB65E56708FCB9DD0C80C78538ED.jpg,,,,,,,2025-07-30T23:59:59.999999999+01:00,PROSPECTUS,17,1,
17149,8436048440393,120.0,Artiach,"Bolacha infantil dinossaurus mini cereais, 120g",,1.49,12.42,0,kg,€/Kg,,,https://driveimg1.intermarche.com/pt/Content/images/boitmal/produit/zoom/1FED2E26C7BE3137E3235C534B824911.jpg,,,,,,,2025-07-30T23:59:59.999999999+01:00,PROSPECTUS,17,1,
19368,5606586000417,250.0,Legumes,Tomate Cherry,Embalagem de 250 g,0.89,3.56,0,kg,€/Kg,,,https://driveimg1.intermarche.com/pt/Content/images/boitmal/produit/zoom/069A452D96BB832E7E3CCB43CD96D923.jpg,,,,,,,2025-07-30T23:59:59.999999999+01:00,PROSPECTUS,17,1,
35888,5601151973752,3500.0,Sumol,"Refrigerante com gás de ananás, 2 x 1.75 l",,3.78,1.08,3500,L,€/L,,,https://driveimg1.intermarche.com/pt/Content/images/boitmal/produit/zoom/088D8DA34921F50F39B725B4135D000A.jpg,,,,,,,2025-07-30T23:59:59.999999999+01:00,PROSPECTUS,17,1,
36785,5604260282531,150.0,PorSi,Salada exótica programa origens,Embalagem de 150 g,1.55,10.33,0,kg,€/Kg,,,https://driveimg1.intermarche.com/pt/Content/images/boitmal/produit/zoom/F211CC91B701EE982EC066C2B3D21E0C.jpg,,,,,,,2025-07-30T23:59:59.999999999+01:00,PROSPECTUS,17,1,
42154,5604260304707,340.0,PorSi,Fiambre Per Extr Fatias 2X170G,,3.29,9.68,0,kg,€/Kg,,,https://driveimg1.intermarche.com/pt/Content/images/boitmal/produit/zoom/522CF7C8AF248AB65F1CD031BC66A250.jpg,,,,,,,2025-07-30T23:59:59.999999999+01:00,PROSPECTUS,17,1,
48860,5604260319794,150.0,Porsi Vivabem,Queijo Mozzarella Light Ralado 150G,,1.59,10.6,0,kg,€/Kg,,,https://driveimg1.intermarche.com/pt/Content/images/boitmal/produit/zoom/35271112CCD07C945317D670793A0A37.jpg,,,,,,,2025-07-30T23:59:59.999999999+01:00,PROSPECTUS,17,1,
51896,8719200253377,400.0,Planta,"Creme vegetal para barrar original, 400g",,2.54,6.35,0,kg,€/Kg,,,https://driveimg1.intermarche.com/pt/Content/images/boitmal/produit/zoom/0265DFAAA6CC23B5D28B5523E860ECEF.jpg,,,,,,,2025-07-30T23:59:59.999999999+01:00,PROSPECTUS,17,1,
10157,8410199007056,130.0,LayS,"Batata frita forno camponesas, embalagem de 130g",,1.49,11.46,0,kg,€/Kg,,,https://driveimg1.intermarche.com/pt/Content/images/boitmal/produit/zoom/5C8380EFFD1C6F13E27398E498BE2AE2.jpg,,,,,,,2025-07-30T23:59:59.999999999+01:00,PROSPECTUS,17,1,
11464,5601018003400,1000.0,Matinal,"Leite seleccionado meio gordo, de 1l",,1.0,1.0,1000,L,€/L,,,https://driveimg1.intermarche.com/pt/Content/images/boitmal/produit/zoom/5F34056BF2D07C9D39E218B31081D1FC.jpg,,,,,,,2025-07-30T23:59:59.999999999+01:00,PROSPECTUS,17,1,
1287,5601151260753,410.0,Compal,"Grão de bico, lata de 410 ml",,1.09,2.66,410,L,€/L,,,https://driveimg1.intermarche.com/pt/Content/images/boitmal/produit/zoom/731C3C517063722402F07A7D8ECB2B92.jpg,,,,,,,2025-07-30T23:59:59.999999999+01:00,PROSPECTUS,17,1,
12892,2892508000000,400.0,Legumes,Beringela,1 un=400 gr (aprox.),0.8,1.99,0,,€/Kg,,,https://driveimg1.intermarche.com/pt/Content/images/boitmal/produit/zoom/5B7B3A896213DE67893050A67A6D9D9B.jpg,,,,,,,2025-07-30T23:59:59.999999999+01:00,PROSPECTUS,17,1,
12998,2892529000000,200.0,Legumes,Cogumelos Granel,1 un = 200 gr (aprox.),0.8,3.99,0,,€/Kg,,,https://driveimg1.intermarche.com/pt/Content/images/boitmal/produit/zoom/21980CA05745F31B22EE237361B7FEB6.jpg,,,,,,,2025-07-30T23:59:59.999999999+01:00,PROSPECTUS,17,1,
13577,2893572000000,200.0,Peixaria,Pota Inteira Congelada,1 un= 200 gr (aprox.),1.0,4.99,0,,€/Kg,,Avantages !,https://driveimg1.intermarche.com/pt/Content/images/boitmal/produit/zoom/B2D6321EA80C5271A6C9DE3162C36D95.jpg,,,,,,,2025-07-30T23:59:59.999999999+01:00,PROSPECTUS,17,1,
14196,5604260272105,250.0,PorSi,Salsichas Hot Dog Frasco 540G,,3.49,13.96,0,kg,€/Kg,,,https://driveimg1.intermarche.com/pt/Content/images/boitmal/produit/zoom/7586CC34D5F9746AF703E2FDCAFEE2C7.jpg,,,,,,,2025-07-30T23:59:59.999999999+01:00,PROSPECTUS,17,1,
14977,5604260276035,150.0,PorSi,Presunto Fatiado 6 Meses 200G,,3.19,21.27,0,kg,€/Kg,,,https://driveimg1.intermarche.com/pt/Content/images/boitmal/produit/zoom/2381AC1845C71E2DC403157AC1817E6F.jpg,,,,,,,2025-07-30T23:59:59.999999999+01:00,PROSPECTUS,17,1,
2458,7613031423583,625.0,Nestlé,Cereais nesquik,Embalagem de 625g,3.24,5.18,0,kg,€/Kg,,,https://driveimg1.intermarche.com/pt/Content/images/boitmal/produit/zoom/154B8C74F4EECBF4F38F20B4618C4981.jpg,,,,,,,2025-07-30T23:59:59.999999999+01:00,PROSPECTUS,17,1,
25861,5603722509759,800.0,Mimosa,"Leite com chocolate, embalagem de 4 x 200 ml",,1.56,1.95,800,L,€/L,,,https://driveimg1.intermarche.com/pt/Content/images/boitmal/produit/zoom/4FE9754297F54084EBC31D72FBB55E4F.jpg,,,,,,,2025-07-30T23:59:59.999999999+01:00,PROSPECTUS,17,1,
31436,5607233508829,750.0,Panrico,Pão de forma especial torradas,Embalagem de 750g,1.95,2.6,0,kg,€/Kg,,,https://driveimg1.intermarche.com/pt/Content/images/boitmal/produit/zoom/E55F9FC30ED3A9561F136B69689D41FE.jpg,,,,,,,2025-07-30T23:59:59.999999999+01:00,PROSPECTUS,17,1,
36728,5604260294343,1000.0,PorSi,Arroz Carolino 1000G,,1.25,1.25,0,kg,€/Kg,,,https://driveimg1.intermarche.com/pt/Content/images/boitmal/produit/zoom/E73547DEDC8C241F694472535154DB1E.jpg,,,,,,,2025-07-30T23:59:59.999999999+01:00,PROSPECTUS,17,1,
41094,5604260303632,200.0,PorSi,Toucinho Fumado Pedacos 200G,,2.39,11.95,0,kg,€/Kg,,,https://driveimg1.intermarche.com/pt/Content/images/boitmal/produit/zoom/E3EEEDFA1A2EA17A797B22C4E1527B14.jpg,,,,,,,2025-07-30T23:59:59.999999999+01:00,PROSPECTUS,17,1,
4687,5000116105212,375.0,Iglo,"Ervilhas, embalagem de 375g",,1.89,5.04,0,kg,€/Kg,,Tipo de stockagem,https://driveimg1.intermarche.com/pt/Content/images/boitmal/produit/zoom/6C528FEBBEDC5462386A3AB117EEBFD4.jpg,,,,,,,2025-07-30T23:59:59.999999999+01:00,PROSPECTUS,17,1,
47635,8412600018316,300.0,Bimbo,Bimbo® bagels clássico 4 un.,Embalagem de 300g,2.34,7.8,0,kg,€/Kg,,,https://driveimg1.intermarche.com/pt/Content/images/boitmal/produit/zoom/E29B7F13889FE8AF18A9C1C0F8DAA10D.jpg,,,,,,,2025-07-30T23:59:59.999999999+01:00,PROSPECTUS,17,1,
49460,7613287300362,99.0,Nescafé,Café Buondi Intensidade 8,16 cápsulas,5.99,60.51,0,kg,€/Kg,,,https://driveimg1.intermarche.com/pt/Content/images/boitmal/produit/zoom/E4BCDB4A1998B45DA9767B093A961A1E.jpg,,,,,,,2025-07-30T23:59:59.999999999+01:00,PROSPECTUS,17,1,
51314,5601066200745,800.0,Nacional,"Farinha de aveia integral, 800g",,1.39,1.74,0,kg,€/Kg,,,https://driveimg1.intermarche.com/pt/Content/images/boitmal/produit/zoom/235C10960E97294CC4CDC7A584513052.jpg,,,,,,,2025-07-30T23:59:59.999999999+01:00,PROSPECTUS,17,1,
52831,5411188139386,750.0,Alpro,"Bebida soja alto teor proteína, 750 ml",,1.59,2.12,750,L,€/L,,,https://driveimg1.intermarche.com/pt/Content/images/boitmal/produit/zoom/49ADB141EE7D3ED699ADC3A17F20F163.jpg,,,,,,,2025-07-30T23:59:59.999999999+01:00,PROSPECTUS,17,1,
53324,3600551133218,50.0,Narta,"Desodorizante Roll-On Max Resist Sensível, 50ml",,2.99,59.8,50,L,€/L,,,https://driveimg1.intermarche.com/pt/Content/images/boitmal/produit/zoom/BA874C8667B0449406AF1B48E6F2042C.jpg,,,,,,,2025-07-30T23:59:59.999999999+01:00,PROSPECTUS,17,1,
53942,5603722523298,1000.0,Matinal,"Bebida de leite sem lactose livre, 1l",,1.25,1.25,1000,L,€/L,,,https://driveimg1.intermarche.com/pt/Content/images/boitmal/produit/zoom/3F3F185EBF624903AC3031EAC11A6631.jpg,,,,,,,2025-07-30T23:59:59.999999999+01:00,PROSPECTUS,17,1,
55040,5411188140184,400.0,Alpro,"Yofu Soja Pêssego, 400g",,1.99,4.98,0,kg,€/Kg,,,https://driveimg1.intermarche.com/pt/Content/images/boitmal/produit/zoom/195F8AC7C58210AC0282C72258CD37FB.jpg,,,,,,,2025-07-30T23:59:59.999999999+01:00,PROSPECTUS,17,1,
55754,8436048965414,140.0,Artiach,"Bolachas Ovos com Pepitas de Chocolate, 140g",,1.69,12.07,0,kg,€/Kg,,,https://driveimg1.intermarche.com/pt/Content/images/boitmal/produit/zoom/6C48D4E7D646B3E01526C243D1F85B21.jpg,,,,,,,2025-07-30T23:59:59.999999999+01:00,PROSPECTUS,17,1,
5977,5604260274086,,PorSi,Acendalhas Brancas - 32 Unidades,,0.99,0.99,0,,€/Unidade,,,https://driveimg1.intermarche.com/pt/Content/images/boitmal/produit/zoom/5D848885F4F58352BFD5FA139BD7FC0A.jpg,https://driveimg1.intermarche.com/pt/Content/images/boitmal/produit/zoom/1FFF9F1373872F7DE961EE146FD1DAB4.jpg,https://driveimg1.intermarche.com/pt/Content/images/boitmal/produit/zoom/1FFF9F1373872F7DE961EE146FD1DAB4.jpg,,,,,2025-08-06T23:59:59.999999999+01:00,PROSPECTUS,17,1,
8397,5601050016017,600.0,Danone,"Danacol morango, embalagem de 6 x 100 g",,2.99,4.98,0,kg,€/Kg,,,https://driveimg1.intermarche.com/pt/Content/images/boitmal/produit/zoom/F76543BD64340CC9668C447CAE3F75A1.jpg,,,,,,,2025-07-30T23:59:59.999999999+01:00,PROSPECTUS,17,1,
9292,5603722493812,250.0,Matinal,"Manteiga magra, embalagem de 250g",,2.49,9.96,0,kg,€/Kg,,,https://driveimg1.intermarche.com/pt/Content/images/boitmal/produit/zoom/AA91DFCE88DA98DA1BB05E606B3C1FF9.jpg,,,,,,,2025-07-30T23:59:59.999999999+01:00,PROSPECTUS,17,1,
9315,5603722509544,1000.0,Mimosa,"Leite 0% lactose magro, de 1l",,1.15,1.15,1000,L,€/L,,,https://driveimg1.intermarche.com/pt/Content/images/boitmal/produit/zoom/0350D0DE44A653A9AB01722B06443E94.jpg,https://driveimg1.intermarche.com/pt/Content/images/boitmal/produit/zoom/DC5219EC1E15E09529E323B7D196FADA.jpg,https://driveimg1.intermarche.com/pt/Content/images/boitmal/produit/zoom/DC48BFFA4281D8016E9FB40168ED4485.jpg,,,,,2025-07-30T23:59:59.999999999+01:00,PROSPECTUS,17,1,
958,5601019012401,500.0,Guloso,Polpa de Tomate,Embalagem de 500g,1.09,2.18,0,kg,€/Kg,,,https://driveimg1.intermarche.com/pt/Content/images/boitmal/produit/zoom/0CE0E0ED1941D8AA40077B3BCCD426E3.jpg,,,,,,,2025-07-30T23:59:59.999999999+01:00,PROSPECTUS,17,1,
959,5601019012418,1000.0,Guloso,Polpa de Tomate,Embalagem de 1 kg,1.79,1.79,0,kg,€/Kg,,,https://driveimg1.intermarche.com/pt/Content/images/boitmal/produit/zoom/3946132CDF77B4B5ABC4B3B587DC5572.jpg,,,,,,,2025-07-30T23:59:59.999999999+01:00,PROSPECTUS,17,1,
972,5601024030056,750.0,Oliveira da Serra,"Azeite extra virgem, azeitonas verdes, garrafa de 750 ml",,5.89,7.85,750,L,€/L,,,https://driveimg1.intermarche.com/pt/Content/images/boitmal/produit/zoom/2775848F23153ACAF6624BDC341B21AA.jpg,,,,,,,2025-07-30T23:59:59.999999999+01:00,PROSPECTUS,17,1,
989,5601029004014,120.0,Bom Petisco,"Atum posta em óleo, embalagem de 120g",,1.29,10.75,0,kg,€/Kg,,,https://driveimg1.intermarche.com/pt/Content/images/boitmal/produit/zoom/0EDE399096BE62933DCF2A734D746C1A.jpg,,,,,,,2025-07-30T23:59:59.999999999+01:00,PROSPECTUS,17,1,
10002,8001480020573,1000.0,Neoblanc,"Lixívia para roupa, azul, tradicional",Embalagem de 1 l,1.68,1.68,1000,L,€/L,,,https://driveimg1.intermarche.com/pt/Content/images/boitmal/produit/zoom/F65198E56E8F6796FECE5F4D1AD86180.jpg,,,,,,,2025-07-30T23:59:59.999999999+01:00,PROSPECTUS,17,1,
11465,5601018003608,1000.0,Matinal,"Leite seleccionado magro, de 1l",,1.0,1.0,1000,L,€/L,,,https://driveimg1.intermarche.com/pt/Content/images/boitmal/produit/zoom/F46A1F399BBA63407EB01F30929F5649.jpg,,,,,,,2025-07-30T23:59:59.999999999+01:00,PROSPECTUS,17,1,
11524,5601051420028,250.0,Primor,Manteiga sem sal,Embalagem de 250g,2.14,8.56,0,kg,€/Kg,,,https://driveimg1.intermarche.com/pt/Content/images/boitmal/produit/zoom/0C41B270FBA7B622E759FBA7E3B6B1CD.jpg,,,,,,,2025-07-30T23:59:59.999999999+01:00,PROSPECTUS,17,1,
11685,5601244202042,150.0,Terra Nostra,"Queijo flamengo, ralado, embalagem de 150g",,1.69,11.27,0,kg,€/Kg,,,https://driveimg1.intermarche.com/pt/Content/images/boitmal/produit/zoom/661D5D131888AD52FC27900BF4583C9D.jpg,,,,,,,2025-07-30T23:59:59.999999999+01:00,PROSPECTUS,17,1,
11923,5603089001354,200.0,Parmalat,"Natas uht com cogumelos, embalagem de 200 ml",,1.12,5.6,200,L,€/L,,,https://driveimg1.intermarche.com/pt/Content/images/boitmal/produit/zoom/7656C24D7DAFA0C6E3337C6F803E6E46.jpg,,,,,,,2025-07-30T23:59:59.999999999+01:00,PROSPECTUS,17,1,
12066,5604260194063,1000.0,Porsi Vivabem,Bebida De Soja 1L,,0.79,0.79,1000,L,€/L,,,https://driveimg1.intermarche.com/pt/Content/images/boitmal/produit/zoom/16537218BB43EA3E7F5AFCEAEC229452.jpg,,,,,,,2025-07-30T23:59:59.999999999+01:00,PROSPECTUS,17,1,
1281,5601151136140,1000.0,Compal,"Nectar vital equilibrio ananásemcoco, embalagem de 1l",,1.26,1.26,1000,L,€/L,,,https://driveimg1.intermarche.com/pt/Content/images/boitmal/produit/zoom/8767C13FE6BC314E1156E753BCDBEE55.jpg,,,,,,,2025-07-30T23:59:59.999999999+01:00,PROSPECTUS,17,2,
14337,3387390320008,141.0,Nestlé,"Barras fitness com chocolate, embalagem de 140g",,2.39,16.95,0,kg,€/Kg,,,https://driveimg1.intermarche.com/pt/Content/images/boitmal/produit/zoom/60AE623A4FF700F6FDA38FA5729DE5A4.jpg,,,,,,,2025-07-30T23:59:59.999999999+01:00,PROSPECTUS,17,2,
14490,5604260273584,1000.0,PorSi,Corn Flakes 1 Kg,,2.99,2.99,0,kg,€/Kg,,,https://driveimg1.intermarche.com/pt/Content/images/boitmal/produit/zoom/3EF873C3D07412E04ADAF72EA17EF40E.jpg,,,,,,,2025-07-30T23:59:59.999999999+01:00,PROSPECTUS,17,2,
14717,5900020022370,140.0,Nestlé,Barras de cereais fitness crunchy & caramelo,Embalagem de 140g,2.39,17.07,0,kg,€/Kg,,,https://driveimg1.intermarche.com/pt/Content/images/boitmal/produit/zoom/0AC8FEA794F31BD4BBE7C5A74D910827.jpg,,,,,,,2025-07-30T23:59:59.999999999+01:00,PROSPECTUS,17,2,
14908,2893723000000,600.0,Peixaria,Dourada Pequena,"Vendido ao peso, de 200 a 600 g",4.49,7.49,0,,€/Kg,,,https://driveimg1.intermarche.com/pt/Content/images/boitmal/produit/zoom/AFF5C8795A7F86F3C0C55DCFF44363C3.jpg,,,,,,,2025-07-30T23:59:59.999999999+01:00,PROSPECTUS,17,2,
15038,2892255000000,2500.0,Programa Origens,Melão Branco,Vendido ao peso | 1 un = 2.5 kg (aprox.),2.23,0.89,0,,€/Kg,,,https://driveimg1.intermarche.com/pt/Content/images/boitmal/produit/zoom/005D1DBE085639370AB2D6A0E6687717.jpg,,,,,,,2025-07-30T23:59:59.999999999+01:00,PROSPECTUS,17,2,
15687,5000116109234,700.0,Iglo,"Ervilhas, embalagem de 700g",,3.39,4.84,0,kg,€/Kg,,Tipo de stockagem,https://driveimg1.intermarche.com/pt/Content/images/boitmal/produit/zoom/AC9F197DD289CE6E6A9903FC824FDD75.jpg,,,,,,,2025-07-30T23:59:59.999999999+01:00,PROSPECTUS,17,2,
16608,8712561521437,700.0,Cif,"Creme abrasivo limão, de 700 ml",,2.69,3.84,700,L,€/L,,,https://driveimg1.intermarche.com/pt/Content/images/boitmal/produit/zoom/734448B6276EB5C2CFFCEBF5E628AF6D.jpg,,,,,,,2025-07-30T23:59:59.999999999+01:00,PROSPECTUS,17,2,
17899,8001480021464,700.0,Neoblanc,Lixívia WC Gel Higienizante,Embalagem de 700ml,1.49,2.13,700,L,€/L,,,https://driveimg1.intermarche.com/pt/Content/images/boitmal/produit/zoom/D4F754D17699E0C60DE2BF6BDECBD171.jpg,,,,,,,2025-07-30T23:59:59.999999999+01:00,PROSPECTUS,17,2,
18628,5601028002707,,Renova,Rolo de Cozinha Multi,4 Rolos,1.49,1.49,0,,€/Unidade,,,https://driveimg1.intermarche.com/pt/Content/images/boitmal/produit/zoom/A6A18C9DEB55952EA54214B88A2CC38D.jpg,,,,,,,2025-07-30T23:59:59.999999999+01:00,PROSPECTUS,17,2,
22307,5601019012647,390.0,Guloso,"Tomate em pedaços, embalagem de 390g",,1.45,3.72,0,kg,€/Kg,,,https://driveimg1.intermarche.com/pt/Content/images/boitmal/produit/zoom/5ED4DE98BAC903A7106FCD013B7A79FA.jpg,,,,,,,2025-07-30T23:59:59.999999999+01:00,PROSPECTUS,17,2,
24810,8714100289983,440.0,Magnum,"Gelado pint amêndoas, embalagem de 440 ml",,3.99,9.07,440,L,€/L,,Tipo de stockagem,https://driveimg1.intermarche.com/pt/Content/images/boitmal/produit/zoom/3A13A62312A4E6B689883F50A6265AFD.jpg,https://driveimg1.intermarche.com/pt/Content/images/boitmal/produit/zoom/CAF47DA081A9FA3D88EC863A18BD3DDE.jpg,https://driveimg1.intermarche.com/pt/Content/images/boitmal/produit/zoom/CAF47DA081A9FA3D88EC863A18BD3DDE.jpg,,,,,2025-07-30T23:59:59.999999999+01:00,PROSPECTUS,17,2,
25331,3600542075015,400.0,Garnier,Champô Ultra Suave Leite de Coco e Macadâmia,Embalagem com 400 ml,3.79,9.48,400,L,€/L,,,https://driveimg1.intermarche.com/pt/Content/images/boitmal/produit/zoom/35117F22FB44C0A7EBFA24D2AFCF6944.jpg,,,,,,,2025-07-30T23:59:59.999999999+01:00,PROSPECTUS,17,2,
26047,8412600070994,650.0,Bimbo,Pão de forma s/ côdea,Embalagem de 650 g,2.14,3.29,0,kg,€/Kg,,,https://driveimg1.intermarche.com/pt/Content/images/boitmal/produit/zoom/29A6957961BACB180F45AAA47CD1FB78.jpg,,,,,,,2025-07-30T23:59:59.999999999+01:00,PROSPECTUS,17,2,
2606,7622300744663,220.0,Oreo,Bolachas,Embalagem de 220g,1.94,8.82,0,kg,€/Kg,,,https://driveimg1.intermarche.com/pt/Content/images/boitmal/produit/zoom/79CFD9DF7EB2F196A9856E929D39A2F7.jpg,,,,,,,2025-07-30T23:59:59.999999999+01:00,PROSPECTUS,17,2,
26177,5603722514470,1000.0,Matinal,"Leite seleccionado leve, de 1l",,1.1,1.1,1000,L,€/L,,,https://driveimg1.intermarche.com/pt/Content/images/boitmal/produit/zoom/3414EC19C8611CE7E0D99781254117D1.jpg,,,,,,,2025-07-30T23:59:59.999999999+01:00,PROSPECTUS,17,2,
26485,3600542034074,400.0,Fructis,Champô Hidraliso,Embalagem de 400 ml,3.89,9.73,400,L,€/L,,,https://driveimg1.intermarche.com/pt/Content/images/boitmal/produit/zoom/0A5BF6BD4C0B7CE0E1D33260CCEBEAEB.jpg,,,,,,,2025-07-30T23:59:59.999999999+01:00,PROSPECTUS,17,2,
31906,4005900388537,150.0,Nivea,"Desodorizante pure & natural spray, 150 ml",,2.99,19.93,150,L,€/L,,,https://driveimg1.intermarche.com/pt/Content/images/boitmal/produit/zoom/A77E0FF1059640DB697D85A289690707.jpg,,,,,,,2025-07-30T23:59:59.999999999+01:00,PROSPECTUS,17,2,
32306,8718951202979,500.0,Palmolive,"Gel de banho naturals amêndoa e leite, 500 ml",,2.69,5.38,500,L,€/L,,,https://driveimg1.intermarche.com/pt/Content/images/boitmal/produit/zoom/F33F92F4F53A6A0ED534C67B846C0ABA.jpg,,,,,,,2025-07-30T23:59:59.999999999+01:00,PROSPECTUS,17,2,
33090,5411188112709,1000.0,Alpro,"Bebida amêndoa torrada sem açúcar, embalagem de 1litro",,1.99,1.99,1000,L,€/L,,,https://driveimg1.intermarche.com/pt/Content/images/boitmal/produit/zoom/66C6488BDB769AFC2D2A2697199C34D6.jpg,,,,,,,2025-07-30T23:59:59.999999999+01:00,PROSPECTUS,17,2,
35749,5603722509667,800.0,Mimosa,"Leite bem essencial chocolate , embalagem de 4 x 200 ml",,1.69,2.11,800,L,€/L,,,https://driveimg1.intermarche.com/pt/Content/images/boitmal/produit/zoom/66BA85F80F98E7331B63BC3D4684C6AC.jpg,,,,,,,2025-07-30T23:59:59.999999999+01:00,PROSPECTUS,17,2,
37046,5601217132666,500.0,Cillitbang,"Spray calcário e sujidade, garrafa de 500 ml",,2.49,4.98,500,L,€/L,,,https://driveimg1.intermarche.com/pt/Content/images/boitmal/produit/zoom/0B3643C0021BC8837B6653E8203F1AB4.jpg,,,,,,,2025-07-30T23:59:59.999999999+01:00,PROSPECTUS,17,2,
40266,7622300603281,147.0,Milka,"Bolachas recheio de laranja e cobertura chocolate, embalagem de 147g",,1.94,13.2,0,kg,€/Kg,,,https://driveimg1.intermarche.com/pt/Content/images/boitmal/produit/zoom/12C618CAED8BBC1EE371933E7D830976.jpg,,,,,,,2025-07-30T23:59:59.999999999+01:00,PROSPECTUS,17,2,
40983,8711327398351,750.0,Olá,Carte dor romantica 750ml,,6.49,8.65,750,L,€/L,,Tipo de stockagem,https://driveimg1.intermarche.com/pt/Content/images/boitmal/produit/zoom/D57A8BD6552872F6AB48A23112A32845.jpg,,,,,,,2025-07-30T23:59:59.999999999+01:00,PROSPECTUS,17,2,
41041,8001480703001,700.0,Neoblanc,Tira nódoas em spray cores,Embalagem de 700 ml,2.99,4.27,700,L,€/L,,,https://driveimg1.intermarche.com/pt/Content/images/boitmal/produit/zoom/1B7BCC034AAC45310DFFCE9E289F80C7.jpg,,,,,,,2025-07-30T23:59:59.999999999+01:00,PROSPECTUS,17,2,
42187,5604260308835,15000.0,PorSi,Alim. Seco Cão Atividade Normal 15Kg,,14.99,1.0,0,kg,€/Kg,,,https://driveimg1.intermarche.com/pt/Content/images/boitmal/produit/zoom/7FCB43174A87707B11E1112F35D860A8.jpg,,,,,,,2025-07-30T23:59:59.999999999+01:00,PROSPECTUS,17,2,
43119,5411188121374,250.0,Alpro,"Creme soja cozinha, 250 ml",,1.39,5.56,250,L,€/L,,,https://driveimg1.intermarche.com/pt/Content/images/boitmal/produit/zoom/596BD7E2601FA9A818BD571593FBC40F.jpg,,,,,,,2025-07-30T23:59:59.999999999+01:00,PROSPECTUS,17,2,
46841,5604260318940,750.0,Porsi Vivabem,Iogurte Magro Aroma Morango 6X125G,,1.2,1.6,0,kg,€/Kg,,,https://driveimg1.intermarche.com/pt/Content/images/boitmal/produit/zoom/FAE81D187B49A173052F912072180DE4.jpg,,,,,,,2025-07-30T23:59:59.999999999+01:00,PROSPECTUS,17,2,
49329,5603722501937,800.0,Mimosa,"Leite magro com chocolate, 4 x 200 ml",,1.89,2.36,800,L,€/L,,,https://driveimg1.intermarche.com/pt/Content/images/boitmal/produit/zoom/A3C8DD22A1174D7DB1F7255C4D4FE4CC.jpg,,,,,,,2025-07-30T23:59:59.999999999+01:00,PROSPECTUS,17,2,
49864,5604260315321,100.0,PorSi,Meloa Galia Cortada 100G,,0.99,9.9,0,kg,€/Kg,,,https://driveimg1.intermarche.com/pt/Content/images/boitmal/produit/zoom/F5A4591CE357F0601D4222B19A5976C2.jpg,,,,,,,2025-07-30T23:59:59.999999999+01:00,PROSPECTUS,17,2,
5119,5601066200073,1000.0,Nacional,Farinha p/ bolos extra fina,Embalagem de 1 kg,0.99,0.99,0,kg,€/Kg,,,https://driveimg1.intermarche.com/pt/Content/images/boitmal/produit/zoom/CAC064713C07BACF659239959FBD0E0D.jpg,,,,,,,2025-07-30T23:59:59.999999999+01:00,PROSPECTUS,17,2,
52152,5604260327874,400.0,PorSi Viva Bem,"Gelatina de Morango 8kcal,  4x100g",,1.09,2.73,0,kg,€/Kg,,,https://driveimg1.intermarche.com/pt/Content/images/boitmal/produit/zoom/D9941CA1ACDDD64BBF251F86AFFE838E.jpg,,,,,,,2025-07-30T23:59:59.999999999+01:00,PROSPECTUS,17,2,
52158,5604260327904,400.0,Porsi Vivabem,Gelatina Manga E Maracujá Sem Adição Açúcares 8Kcal 4X100G,,1.09,2.73,0,kg,€/Kg,,,https://driveimg1.intermarche.com/pt/Content/images/boitmal/produit/zoom/92F20412CBF55A09DFC51A947EE96A10.jpg,,,,,,,2025-07-30T23:59:59.999999999+01:00,PROSPECTUS,17,2,
52298,3023290072011,160.0,Lindahls,"Iogurte sólido proteico limão cookies, embalagem de 160 g",,0.99,6.19,0,kg,€/Kg,,,https://driveimg1.intermarche.com/pt/Content/images/boitmal/produit/zoom/8056AA56818872116BB891895188AEE8.jpg,,,,,,,2025-07-30T23:59:59.999999999+01:00,PROSPECTUS,17,2,
52335,8720181392979,1368.0,Comfort,"Amaciador roupa concentrado creations angélicas e flor de baunilha, 76 doses",,3.99,2.92,1368,L,€/L,,,https://driveimg1.intermarche.com/pt/Content/images/boitmal/produit/zoom/504638FE0C01115A314811D8BC910186.jpg,,,,,,,2025-07-30T23:59:59.999999999+01:00,PROSPECTUS,17,2,
52338,8720181392931,1368.0,Comfort,"Amaciador roupa concentrado creations jasmim e mirtilo, 76 doses",,3.99,2.92,1368,L,€/L,,,https://driveimg1.intermarche.com/pt/Content/images/boitmal/produit/zoom/6011DCF134621AA99ADEF13E90F43514.jpg,,,,,,,2025-07-30T23:59:59.999999999+01:00,PROSPECTUS,17,2,
52806,8711327608153,400.0,Magnum,"Gelado chocolate branco com morango, 400 ml",,3.99,9.98,400,L,€/L,,Tipo de stockagem,https://driveimg1.intermarche.com/pt/Content/images/boitmal/produit/zoom/D8E3D5651D942B9134970E7747D188FF.jpg,,,,,,,2025-07-30T23:59:59.999999999+01:00,PROSPECTUS,17,2,
52839,8720181380686,,Skip,"Detergente roupa máquina cápsulas skip baby embalagem cartão, 32 doses",,8.99,8.99,32,,€/Unidade,,,https://driveimg1.intermarche.com/pt/Content/images/boitmal/produit/zoom/83B6776B3BDE1EBDB9D95FE2C245BC15.jpg,https://driveimg1.intermarche.com/pt/Content/images/boitmal/produit/zoom/9D5657D4263153C15B398271532DDB88.jpg,https://driveimg1.intermarche.com/pt/Content/images/boitmal/produit/zoom/9D5657D4263153C15B398271532DDB88.jpg,https://driveimg1.intermarche.com/pt/Content/images/boitmal/produit/zoom/9D5657D4263153C15B398271532DDB88.jpg,,,,2025-07-30T23:59:59.999999999+01:00,PROSPECTUS,17,2,
52856,5411188137993,400.0,Alpro,"Yofu mirtilo, 400g",,1.99,4.98,0,kg,€/Kg,,,https://driveimg1.intermarche.com/pt/Content/images/boitmal/produit/zoom/485F657BAFD51912DFB54A5C99A1A224.jpg,https://driveimg1.intermarche.com/pt/Content/images/boitmal/produit/zoom/11533D920C6F50B230FF02F2A50E7E1F.jpg,https://driveimg1.intermarche.com/pt/Content/images/boitmal/produit/zoom/11533D920C6F50B230FF02F2A50E7E1F.jpg,,,,,2025-07-30T23:59:59.999999999+01:00,PROSPECTUS,17,2,
52880,8719200267794,450.0,Becel,"Creme vegetal de barrar com sabor a manteiga, 450g",,3.56,7.91,0,kg,€/Kg,,,https://driveimg1.intermarche.com/pt/Content/images/boitmal/produit/zoom/E2EFE8BE5E96AF9FCA9D840059BF696C.jpg,https://driveimg1.intermarche.com/pt/Content/images/boitmal/produit/zoom/287D301C66C180312FAA8A3BAE7EA710.jpg,https://driveimg1.intermarche.com/pt/Content/images/boitmal/produit/zoom/287D301C66C180312FAA8A3BAE7EA710.jpg,https://driveimg1.intermarche.com/pt/Content/images/boitmal/produit/zoom/287D301C66C180312FAA8A3BAE7EA710.jpg,,,,2025-07-30T23:59:59.999999999+01:00,PROSPECTUS,17,2,
53166,8711327612754,140.0,Magnum,"Gelado bomboniera, 140 ml",,4.19,29.93,140,L,€/L,,Tipo de stockagem,https://driveimg1.intermarche.com/pt/Content/images/boitmal/produit/zoom/D7EEE9024551E6345F84FF315A388587.jpg,https://driveimg1.intermarche.com/pt/Content/images/boitmal/produit/zoom/2C67DE42D7FCE19DB87FA0B25D923563.jpg,https://driveimg1.intermarche.com/pt/Content/images/boitmal/produit/zoom/2C67DE42D7FCE19DB87FA0B25D923563.jpg,,,,,2025-07-30T23:59:59.999999999+01:00,PROSPECTUS,17,2,
54448,8710522323007,400.0,Tresemmé,"Champô liso keratina smooth, 400ml",,3.79,9.48,400,L,€/L,,,https://driveimg1.intermarche.com/pt/Content/images/boitmal/produit/zoom/A0CFCB6F402225ED49AAA65602D62346.jpg,,,,,,,2025-07-30T23:59:59.999999999+01:00,PROSPECTUS,17,2,
54648,5000204356717,,Glade,"Ambientador Vela Mel e Chocolate, 1un.",,2.49,2.49,0,,€/Unidade,,,https://driveimg1.intermarche.com/pt/Content/images/boitmal/produit/zoom/6E4CF6C6B89DBD47B6210E79947E9D76.jpg,,,,,,,2025-07-30T23:59:59.999999999+01:00,PROSPECTUS,17,2,
54789,8711327608665,400.0,Magnum,"4 gelados chocolate e amêndoa, 400 ml",,3.99,9.98,400,L,€/L,,Tipo de stockagem,https://driveimg1.intermarche.com/pt/Content/images/boitmal/produit/zoom/8722D1A85B18DF132EACF542CF5DDE68.jpg,,,,,,,2025-07-30T23:59:59.999999999+01:00,PROSPECTUS,17,2,
54806,5603722521232,604.0,Mimosa,"Iogurte magro liquido ananás, 4x151ml",,1.49,2.47,604,L,€/L,,,https://driveimg1.intermarche.com/pt/Content/images/boitmal/produit/zoom/D981284783DF4A8CA45CC5B90BEC5E71.jpg,,,,,,,2025-07-30T23:59:59.999999999+01:00,PROSPECTUS,17,2,
54986,8711327609716,330.0,Magnum,"6 gelados mini chocolate branco e amêndoa, 330 ml",,3.99,12.09,330,L,€/L,,Tipo de stockagem,https://driveimg1.intermarche.com/pt/Content/images/boitmal/produit/zoom/AE00CAEAE1C3665E1D86858ECC0FD0D3.jpg,,,,,,,2025-07-30T23:59:59.999999999+01:00,PROSPECTUS,17,2,
55518,8720181623936,,Surf,"Detergente Roupa Máquina Cápsulas Tropical, 52D",,9.99,9.99,52,,€/Unidade,,,https://driveimg1.intermarche.com/pt/Content/images/boitmal/produit/zoom/7FDC88704AAA25A401EF9DC8FDD13E4D.jpg,,,,,,,2025-07-30T23:59:59.999999999+01:00,PROSPECTUS,17,2,
6267,8016825926687,75.0,Aquafresh,Pasta dentífrica menta fresca,Embalagem de 75 ml,1.84,24.53,75,L,€/L,,,https://driveimg1.intermarche.com/pt/Content/images/boitmal/produit/zoom/5AF61545461116CEF40994D7E37A4C54.jpg,,,,,,,2025-07-30T23:59:59.999999999+01:00,PROSPECTUS,17,2,
7401,3250390461777,150.0,Páturages,Queijo roquefort,Embalagem de 150 g,2.79,18.6,0,kg,€/Kg,,,https://driveimg1.intermarche.com/pt/Content/images/boitmal/produit/zoom/E03055290F31A27B798D471C25305D9D.jpg,,,,,,,2025-07-30T23:59:59.999999999+01:00,PROSPECTUS,17,2,
8222,5411188553304,1000.0,Alpro,"Bebida de soja com cálcio, embalagem de 1 l",,1.69,1.69,1000,L,€/L,,,https://driveimg1.intermarche.com/pt/Content/images/boitmal/produit/zoom/E93FBC9C48DDB0A312E01AACFB10CDEE.jpg,,,,,,,2025-07-30T23:59:59.999999999+01:00,PROSPECTUS,17,2,
8400,5601050033779,620.0,Danone,"Iogurte activia líquido cereais, embalagem de 4 x 155 g",,1.79,2.89,0,kg,€/Kg,,,https://driveimg1.intermarche.com/pt/Content/images/boitmal/produit/zoom/3AC3707CF655B8CC61D2C80E4828D7C8.jpg,,,,,,,2025-07-30T23:59:59.999999999+01:00,PROSPECTUS,17,2,
8434,5601050033731,620.0,Danone,"Iogurte activia líquido 0% lima/limão, embalagem de 4 x 155g",,1.99,3.21,0,kg,€/Kg,,,https://driveimg1.intermarche.com/pt/Content/images/boitmal/produit/zoom/B41EA750EA9360556362913E488E9E4D.jpg,,,,,,,2025-07-30T23:59:59.999999999+01:00,PROSPECTUS,17,2,
8640,5601151981283,1000.0,Compal,"Néctar vital equilibrio manga/maracujá, embalagem de 1l",,1.26,1.26,1000,L,€/L,,,https://driveimg1.intermarche.com/pt/Content/images/boitmal/produit/zoom/9545EAED819CD1B313F66793BF924B43.jpg,,,,,,,2025-07-30T23:59:59.999999999+01:00,PROSPECTUS,17,2,
9252,5603089006199,200.0,Parmalat,"Nata com ervas aromáticas, embalagem de 200 ml",,1.12,5.6,200,L,€/L,,,https://driveimg1.intermarche.com/pt/Content/images/boitmal/produit/zoom/8226F68723EC82026E9EFB8E4D48ACA0.jpg,,,,,,,2025-07-30T23:59:59.999999999+01:00,PROSPECTUS,17,2,
940,5601001322402,20.0,Nescafé,"Café solúvel nescafé, embalagem de 20g",,1.49,74.5,0,kg,€/Kg,,,https://driveimg1.intermarche.com/pt/Content/images/boitmal/produit/zoom/BCEBB6129FC84253AC3E2D01F300F9A9.jpg,,,,,,,2025-07-30T23:59:59.999999999+01:00,PROSPECTUS,17,2,
978,5601024134136,750.0,Oliveira da Serra,Azeite,Embalagem de 750 ml,3.99,5.32,750,L,€/L,,,https://driveimg1.intermarche.com/pt/Content/images/boitmal/produit/zoom/9CC9A85673AA0BF0B09481F106398AA6.jpg,,,,,,,2025-07-30T23:59:59.999999999+01:00,PROSPECTUS,17,2,
990,5601029004038,385.0,Bom Petisco,"Atum posta em óleo, embalagem de 385g",,3.89,10.1,0,kg,€/Kg,,,https://driveimg1.intermarche.com/pt/Content/images/boitmal/produit/zoom/EAC5CB8F90EBBB65EABF072C2DE4540F.jpg,https://driveimg1.intermarche.com/pt/Content/images/boitmal/produit/zoom/F6B3199A9D749CA8EE4A4423B14856F3.jpg,,,,,,2025-07-30T23:59:59.999999999+01:00,PROSPECTUS,17,2,
10552,8693495032940,90.0,Palmolive,"Sabonete glicerina natural, 90 g",,0.74,8.22,0,kg,€/Kg,,,https://driveimg1.intermarche.com/pt/Content/images/boitmal/produit/zoom/26DBAEE35FA20A8B04FEA0DBE2DBA55C.jpg,,,,,,,2025-07-30T23:59:59.999999999+01:00,PROSPECTUS,17,2,
1102,5601066200080,1000.0,Nacional,"Farinha rainha com fermento, embalagem de 1000g",,1.15,1.15,0,kg,€/Kg,,,https://driveimg1.intermarche.com/pt/Content/images/boitmal/produit/zoom/1F46A8407AE2757268DF4DF863DF2CF4.jpg,,,,,,,2025-07-30T23:59:59.999999999+01:00,PROSPECTUS,17,2,
11503,5601050019100,600.0,Danone,"Danacol frutos exóticos, embalagem de 6 x 100 g",,2.99,4.98,0,kg,€/Kg,,,https://driveimg1.intermarche.com/pt/Content/images/boitmal/produit/zoom/2A16EAD58E7A10ECD338C77C33D25273.jpg,,,,,,,2025-07-30T23:59:59.999999999+01:00,PROSPECTUS,17,2,
11523,5601051410029,250.0,Primor,"Manteiga com sal, 250g",,2.14,8.56,0,kg,€/Kg,,,https://driveimg1.intermarche.com/pt/Content/images/boitmal/produit/zoom/6515E45A6FB2F6024F4DECB68FB265B3.jpg,,,,,,,2025-07-30T23:59:59.999999999+01:00,PROSPECTUS,17,2,
11642,5601180002003,1000.0,Vigor,Leite pasteurizado magro,Garrafa de 1 l,1.0,1.0,1000,L,€/L,,,https://driveimg1.intermarche.com/pt/Content/images/boitmal/produit/zoom/F8C109F76B61C34DDC541F6014AEA1D3.jpg,,,,,,,2025-07-30T23:59:59.999999999+01:00,PROSPECTUS,17,2,
11744,5601385503367,,Aquafresh,Escova de Dentes Júnior,1 unidade,2.46,2.46,0,,€/Unidade,,,https://driveimg1.intermarche.com/pt/Content/images/boitmal/produit/zoom/E21B5A9C6DF80B154353F4559B6F4F4D.jpg,,,,,,,2025-07-30T23:59:59.999999999+01:00,PROSPECTUS,17,2,
11929,5603089003518,200.0,Parmalat,"Natas uht 3 queijos, embalagem de 200 ml",,1.12,5.6,200,L,€/L,,,https://driveimg1.intermarche.com/pt/Content/images/boitmal/produit/zoom/F4B575065194FD0CFA0ABE79662B1174.jpg,,,,,,,2025-07-30T23:59:59.999999999+01:00,PROSPECTUS,17,2,
1218,5601126039148,1000.0,Sical,"Café 5 estrelas grão, embalagem de 1 kg",,15.39,15.39,0,kg,€/Kg,,,https://driveimg1.intermarche.com/pt/Content/images/boitmal/produit/zoom/F30913D07FB49FD462FB35C8623DC586.jpg,https://driveimg1.intermarche.com/pt/Content/images/boitmal/produit/zoom/352FFCFAE868D5178905BD9725C43B6E.jpg,,,,,,2025-07-30T23:59:59.999999999+01:00,PROSPECTUS,17,2,
12325,8410000827446,440.0,Oreo,Bolachas oreo,Embalagem de 440g,2.99,6.8,0,kg,€/Kg,,,https://driveimg1.intermarche.com/pt/Content/images/boitmal/produit/zoom/3F53CBD16C3F8F93B7B232495F61BF89.jpg,,,,,,,2025-07-30T23:59:59.999999999+01:00,PROSPECTUS,17,2,
12436,8411800376653,1500.0,Trina,"Refrigerante sem gás de maçã, garrafa de 1,5 l",,1.75,1.17,1500,L,€/L,,,https://driveimg1.intermarche.com/pt/Content/images/boitmal/produit/zoom/4F367E0C004A63CFE21848CE8D7FAFA4.jpg,,,,,,,2025-07-30T23:59:59.999999999+01:00,PROSPECTUS,17,2,
1274,5601151070758,410.0,Compal,"Feijão manteiga, lata de 410 ml",,1.09,2.66,410,L,€/L,,,https://driveimg1.intermarche.com/pt/Content/images/boitmal/produit/zoom/F168BC675838A1B24B473123F714EAB2.jpg,,,,,,,2025-07-30T23:59:59.999999999+01:00,PROSPECTUS,17,2,
12797,3600521329900,75.0,Studio Line,"Cera cabelo, indestructible",Embalagem de 75 ml,4.49,59.87,75,L,€/L,,,https://driveimg1.intermarche.com/pt/Content/images/boitmal/produit/zoom/D83E22EED52EC12D4F39D7DF074B774B.jpg,,,,,,,2025-07-30T23:59:59.999999999+01:00,PROSPECTUS,17,2,
1301,5601151660751,410.0,Compal,"Feijão encarnado, lata de 410ml",,1.09,2.66,410,L,€/L,,,https://driveimg1.intermarche.com/pt/Content/images/boitmal/produit/zoom/8777874F846E4C62B1CDEE04A734A2E1.jpg,,,,,,,2025-07-30T23:59:59.999999999+01:00,PROSPECTUS,17,2,
13133,2893114000000,500.0,Peixaria,Faneca,"Vendido ao peso, 1 un = 500 g (aprox.)",2.0,3.99,0,,€/Kg,,,https://driveimg1.intermarche.com/pt/Content/images/boitmal/produit/zoom/FEE400AEBDA70958E3FAD3F40024548E.jpg,,,,,,,2025-07-30T23:59:59.999999999+01:00,PROSPECTUS,17,2,
13373,2893800000000,750.0,Bacalhau,Bacalhau Corrente da Noruega,1 un= 750 g (aprox.),7.49,9.99,0,,€/Kg,,,https://driveimg1.intermarche.com/pt/Content/images/boitmal/produit/zoom/D74E09EC00B79A52E13EB6B9341BD6BA.jpg,,,,,,,2025-07-30T23:59:59.999999999+01:00,PROSPECTUS,17,2,
13541,2893533000000,250.0,Congelado de Aquicultura,Camarão Congelado 60/80,1 un = 250 gr  (aprox.),2.0,7.99,0,,€/Kg,,Avantages !,https://driveimg1.intermarche.com/pt/Content/images/boitmal/produit/zoom/29A2DFA509FFDAFCD18E7F308BD753B4.jpg,,,,,,,2025-07-30T23:59:59.999999999+01:00,PROSPECTUS,17,2,
13839,2891006000000,800.0,Novilho,Bife da Pá,Vendido ao peso a partir de 800 g,9.51,11.89,0,,€/Kg,,,https://driveimg1.intermarche.com/pt/Content/images/boitmal/produit/zoom/5626B1315F40E59D057B37FBCA18064B.jpg,,,,,,,2025-07-30T23:59:59.999999999+01:00,PROSPECTUS,17,2,
13848,2891015000000,150.0,Novilho,Entremeada Novilho,1 un=150 gr (aprox),1.48,9.89,0,,€/Kg,,,https://driveimg1.intermarche.com/pt/Content/images/boitmal/produit/zoom/E3E6C57F8100820E9FD4FEA74DC60325.jpg,,,,,,,2025-07-30T23:59:59.999999999+01:00,PROSPECTUS,17,2,
13895,2891047000000,150.0,Porco,Espetadas,1 un = 150 gr (aprox.),1.05,6.99,0,,€/Kg,,,https://driveimg1.intermarche.com/pt/Content/images/boitmal/produit/zoom/1E16755CED294E905F3A5B2727B27D5F.jpg,,,,,,,2025-07-30T23:59:59.999999999+01:00,PROSPECTUS,17,2,
14217,7613033174667,,Nescafé,"Café em cápsulas dolce gusto galão, embalagem de 16 cápsulas",,5.79,5.79,16,,€/Unidade,,,https://driveimg1.intermarche.com/pt/Content/images/boitmal/produit/zoom/FEB34449ED6EA4F21A684A5D79C90ED5.jpg,,,,,,,2025-07-30T23:59:59.999999999+01:00,PROSPECTUS,17,2,
1427,5601255322128,1000.0,Caçarola,"Arroz agulha, embalagem de 1 kg",,1.35,1.35,0,kg,€/Kg,,,https://driveimg1.intermarche.com/pt/Content/images/boitmal/produit/zoom/890B51848ABBB7681A83F53B93FE7282.jpg,,,,,,,2025-07-30T23:59:59.999999999+01:00,PROSPECTUS,17,2,
14301,5000116105199,1125.0,Iglo,"Ervilhas, embalagem de 1,125 kg",,4.99,4.44,0,kg,€/Kg,,Tipo de stockagem,https://driveimg1.intermarche.com/pt/Content/images/boitmal/produit/zoom/2A12D381A70EA524D1800DAB02CBAB7B.jpg,,,,,,,2025-07-30T23:59:59.999999999+01:00,PROSPECTUS,17,2,
14340,3387390326291,141.0,Nestlé,"Barras fitness com morango, embalagem de 140g",,2.39,16.95,0,kg,€/Kg,,,https://driveimg1.intermarche.com/pt/Content/images/boitmal/produit/zoom/3A9BF700A100B0328316208A3B97640F.jpg,,,,,,,2025-07-30T23:59:59.999999999+01:00,PROSPECTUS,17,2,
14508,5411188115496,1000.0,Alpro,"Bebida de soja sem acucar 1l, embalagem de 1l",,1.99,1.99,1000,L,€/L,,,https://driveimg1.intermarche.com/pt/Content/images/boitmal/produit/zoom/08FB7DF3E9A91E663DF63A6991F64B9B.jpg,,,,,,,2025-07-30T23:59:59.999999999+01:00,PROSPECTUS,17,2,
15566,8410063056180,250.0,Pescanova,"Miolo camarão, 250g",,6.99,27.96,0,kg,€/Kg,,Tipo de stockagem,https://driveimg1.intermarche.com/pt/Content/images/boitmal/produit/zoom/BEE1FF3586E000AD085B4D38C7ACD034.jpg,,,,,,,2025-07-30T23:59:59.999999999+01:00,PROSPECTUS,17,2,
15810,3094900059593,75.0,Aquafresh,Pasta Dentífrica Menta Suave,Embalagem de 75 ml,1.84,24.53,75,L,€/L,,,https://driveimg1.intermarche.com/pt/Content/images/boitmal/produit/zoom/23BC1431AAB789532FD2967AA69D21DC.jpg,,,,,,,2025-07-30T23:59:59.999999999+01:00,PROSPECTUS,17,2,
16003,5000116109630,300.0,Capitão Iglo,"12 douradinhos forníssimo, embalagem de 300g",,3.98,13.27,0,kg,€/Kg,,Tipo de stockagem,https://driveimg1.intermarche.com/pt/Content/images/boitmal/produit/zoom/544992A31EAE2C5ED6C344C7B21BC2DA.jpg,,,,,,,2025-07-30T23:59:59.999999999+01:00,PROSPECTUS,17,2,
16230,8712561587594,4000.0,Comfort,"Amaciador de roupa, azul, de 4 l",,4.99,1.25,4000,L,€/L,,,https://driveimg1.intermarche.com/pt/Content/images/boitmal/produit/zoom/418708C6A4BBF36C3318720584BF4366.jpg,,,,,,,2025-07-30T23:59:59.999999999+01:00,PROSPECTUS,17,2,
16607,8712561521529,700.0,Cif,"Creme abrasivo original, de 700 ml",,2.69,3.84,700,L,€/L,,,https://driveimg1.intermarche.com/pt/Content/images/boitmal/produit/zoom/30CCCA0B503F489882A8FCB31275E9C6.jpg,,,,,,,2025-07-30T23:59:59.999999999+01:00,PROSPECTUS,17,2,
17150,8436048440416,120.0,Artiach,"Bolacha infantil dinossaurus mini chocolate, 120g",,1.49,12.42,0,kg,€/Kg,,,https://driveimg1.intermarche.com/pt/Content/images/boitmal/produit/zoom/46F94A7518C844EE70B5292A81BC29E5.jpg,,,,,,,2025-07-30T23:59:59.999999999+01:00,PROSPECTUS,17,2,
17595,5411188115366,1000.0,Alpro,"Bebida aveia, embalagem de 1 litro",,1.99,1.99,1000,L,€/L,,,https://driveimg1.intermarche.com/pt/Content/images/boitmal/produit/zoom/F5E08DFF719942D46F9D4BF500500435.jpg,,,,,,,2025-07-30T23:59:59.999999999+01:00,PROSPECTUS,17,2,
19586,8435257028057,720.0,Longa vida,"Iogurte aroma 0% tutti fruti/coco, embalagem de 6 x 120g",,2.29,3.18,0,kg,€/Kg,,,https://driveimg1.intermarche.com/pt/Content/images/boitmal/produit/zoom/6FEC33DAE59256CBE3074F3F03199908.jpg,,,,,,,2025-07-30T23:59:59.999999999+01:00,PROSPECTUS,17,2,
2045,5604260162826,750.0,PorSi,Legumes Grelhados 750G,,3.29,4.39,0,kg,€/Kg,,Tipo de stockagem,https://driveimg1.intermarche.com/pt/Content/images/boitmal/produit/zoom/C083634A8B3715492BE07762911D1DE7.jpg,,,,,,,2025-07-30T23:59:59.999999999+01:00,PROSPECTUS,17,2,
22335,5000116110940,420.0,Capitão Iglo,"15 douradinhos, embalagem de 420g",,4.99,11.88,0,kg,€/Kg,,Tipo de stockagem,https://driveimg1.intermarche.com/pt/Content/images/boitmal/produit/zoom/3973A8C90F686ECB72E76C3B0A0492D4.jpg,,,,,,,2025-07-30T23:59:59.999999999+01:00,PROSPECTUS,17,2,
23326,0000042269991,200.0,Nivea,"Creme Corpo Hidratação Profunda, 200ml",,5.39,26.95,200,L,€/L,,,https://driveimg1.intermarche.com/pt/Content/images/boitmal/produit/zoom/1552756399038FD4A0E7FA8393FB834E.jpg,,,,,,,2025-07-30T23:59:59.999999999+01:00,PROSPECTUS,17,2,
24586,3600541946293,400.0,Garnier,Condicionador Ultra Suave abacate,Embalagem de 400 ml,3.79,9.48,400,L,€/L,,,https://driveimg1.intermarche.com/pt/Content/images/boitmal/produit/zoom/BD38900C3DFE3A9574382D078DA54518.jpg,,,,,,,2025-07-30T23:59:59.999999999+01:00,PROSPECTUS,17,2,
25088,5609238301139,200.0,Dystron,"Emulsão higiene intima sensitive, 200 ml",,3.59,17.95,200,L,€/L,,,https://driveimg1.intermarche.com/pt/Content/images/boitmal/produit/zoom/294B77E66469767E97739B2B672C00AA.jpg,,,,,,,2025-07-30T23:59:59.999999999+01:00,PROSPECTUS,17,2,
25275,5775345121578,700.0,Sunquick,Concentrado de laranja,Garrafa de 700 ml,5.19,7.41,700,L,€/L,,,https://driveimg1.intermarche.com/pt/Content/images/boitmal/produit/zoom/60CE4BBE254D671FC1E542A0A73849E2.jpg,,,,,,,2025-07-30T23:59:59.999999999+01:00,PROSPECTUS,17,2,
25341,3600542075220,200.0,Garnier,Condicionador Ultra Suave Leite de Coco e Macadâmia,Embalagem de 200 ml,2.94,14.7,200,L,€/L,,,https://driveimg1.intermarche.com/pt/Content/images/boitmal/produit/zoom/29A0C1AF56B90553F38B879CECCA842C.jpg,,,,,,,2025-07-30T23:59:59.999999999+01:00,PROSPECTUS,17,2,
2549,7613034717931,200.0,Nestlé,"Chocolate culinário, embalagem de 200g",,2.75,13.75,0,kg,€/Kg,,,https://driveimg1.intermarche.com/pt/Content/images/boitmal/produit/zoom/3B153FC5DBA6E54FFCBD8019E97BAF3D.jpg,,,,,,,2025-07-30T23:59:59.999999999+01:00,PROSPECTUS,17,2,
27843,5600376210079,230.0,Pasta do Dia,"Massa para pizza, embalagem de 230g",,1.89,8.22,0,kg,€/Kg,,,https://driveimg1.intermarche.com/pt/Content/images/boitmal/produit/zoom/F27E7F0555BACAC4BF6760BDEEF8770D.jpg,,,,,,,2025-07-30T23:59:59.999999999+01:00,PROSPECTUS,17,2,
27897,5604260326952,385.0,Labell,Condicionador Abacate e Karité Cabelos Secos,Embalagem de 385 ml,1.83,4.75,385,L,€/L,,,https://driveimg1.intermarche.com/pt/Content/images/boitmal/produit/zoom/2440E034AE7EDE430723A913429FCE83.jpg,,,,,,,2025-07-30T23:59:59.999999999+01:00,PROSPECTUS,17,2,
29248,5000204802689,400.0,Raid,Insecticida Casa e Plantas,400 ml,4.79,11.98,400,L,€/L,,,https://driveimg1.intermarche.com/pt/Content/images/boitmal/produit/zoom/D9BDB5EC6E253EBB459466D1BE77CC12.jpg,,,,,,,2025-08-06T23:59:59.999999999+01:00,PROSPECTUS,17,2,
29272,2895130000000,250.0,Queijaria de Celorico,Queijo Curado Barrado,Vendido ao peso,2.5,9.99,0,,€/Kg,,,https://driveimg1.intermarche.com/pt/Content/images/boitmal/produit/zoom/AEEA1CFFDB00E22952FED6D7740E9B6D.jpg,,,,,,,2025-07-30T23:59:59.999999999+01:00,PROSPECTUS,17,3,
29355,8718951202795,500.0,Palmolive,"Gel de banho natural leite oliva, 500 ml",,2.69,5.38,500,L,€/L,,,https://driveimg1.intermarche.com/pt/Content/images/boitmal/produit/zoom/2257B865CA98C1B1D0FBBF003E4636F9.jpg,,,,,,,2025-07-30T23:59:59.999999999+01:00,PROSPECTUS,17,3,
29899,2696008000000,,Padaria,Bola Rústica,85 g,0.27,0.27,0,,€/Unidade,,,https://driveimg1.intermarche.com/pt/Content/images/boitmal/produit/zoom/06C705452DA793A390CC49C0690F6BDD.jpg,,,,,,,2025-07-30T23:59:59.999999999+01:00,PROSPECTUS,17,3,
30348,3600524029920,400.0,Elvive,Champô Hidra Hialurónico,400 ml,3.94,9.85,400,L,€/L,,,https://driveimg1.intermarche.com/pt/Content/images/boitmal/produit/zoom/00D7F464F5357E3A8D0AC719ED012FCF.jpg,,,,,,,2025-07-30T23:59:59.999999999+01:00,PROSPECTUS,17,3,
30713,8714100637562,330.0,Magnum,"Magnum mini intense dark 70%, embalagem de 6 x 55 ml",,4.49,13.61,330,L,€/L,,Tipo de stockagem,https://driveimg1.intermarche.com/pt/Content/images/boitmal/produit/zoom/B6FEDC1DE92C93F96A9F10C84FBE1B5A.jpg,https://driveimg1.intermarche.com/pt/Content/images/boitmal/produit/zoom/D57F829433EB7CA6987F1C9E83A03E1B.jpg,https://driveimg1.intermarche.com/pt/Content/images/boitmal/produit/zoom/D57F829433EB7CA6987F1C9E83A03E1B.jpg,https://driveimg1.intermarche.com/pt/Content/images/boitmal/produit/zoom/D57F829433EB7CA6987F1C9E83A03E1B.jpg,,,,2025-07-30T23:59:59.999999999+01:00,PROSPECTUS,17,3,
30854,8436048961515,185.0,Artiach,Bolachas artiach dinosaurus de cereais sem açúcar 185 g,,1.84,9.95,0,kg,€/Kg,,,https://driveimg1.intermarche.com/pt/Content/images/boitmal/produit/zoom/2B7033D2787772F5DA8D8C875192B256.jpg,,,,,,,2025-07-30T23:59:59.999999999+01:00,PROSPECTUS,17,3,
32063,8712423038844,33.0,Knorr,"Strogonoff 1, 2, 3...sabor!, embalagem de 33 g",,1.19,36.06,0,kg,€/Kg,,,https://driveimg1.intermarche.com/pt/Content/images/boitmal/produit/zoom/4A8045759567B372AE215D4B257F03A8.jpg,,,,,,,2025-07-30T23:59:59.999999999+01:00,PROSPECTUS,17,3,
32376,3600542035095,200.0,Garnier,Creme de Pentear Ultra Suave Mel Reconstituinte s/ Passar por Água,200 ml,3.49,17.45,200,L,€/L,,,https://driveimg1.intermarche.com/pt/Content/images/boitmal/produit/zoom/0735BCCA78B63475E9F72579A6D8DC81.jpg,,,,,,,2025-07-30T23:59:59.999999999+01:00,PROSPECTUS,17,3,
33118,5601066200592,500.0,Nacional,"Farinha de espelta integral, 500g",,1.49,2.98,0,kg,€/Kg,,,https://driveimg1.intermarche.com/pt/Content/images/boitmal/produit/zoom/BD820060C71D6DCBA3D46A1963F0F79E.jpg,,,,,,,2025-07-30T23:59:59.999999999+01:00,PROSPECTUS,17,3,
33222,3228024070282,125.0,Président,"Queijo creme de brie, 125 g",,2.29,18.32,0,kg,€/Kg,,,https://driveimg1.intermarche.com/pt/Content/images/boitmal/produit/zoom/B2AAFD2A727A31BD627AF622B3C191D3.jpg,,,,,,,2025-07-30T23:59:59.999999999+01:00,PROSPECTUS,17,3,
34598,5600376210192,250.0,Pasta do Dia,"Folhas de massa fresca para lasanha, embalagem de 250g",,1.89,7.56,0,kg,€/Kg,,,https://driveimg1.intermarche.com/pt/Content/images/boitmal/produit/zoom/0CEEA1978173FA9894E7203CF87E29BB.jpg,,,,,,,2025-07-30T23:59:59.999999999+01:00,PROSPECTUS,17,3,
35418,8410436321167,100.0,Sonasol,Bloco sanitário desinfetante eucalipto,Embalagem de 2 x 50 g,3.99,39.9,0,kg,€/Kg,,,https://driveimg1.intermarche.com/pt/Content/images/boitmal/produit/zoom/2218A2279726B6E8FC50ECCA7B714890.jpg,,,,,,,2025-07-30T23:59:59.999999999+01:00,PROSPECTUS,17,3,
35499,5601151973769,3500.0,Sumol,"Refrigerante com gás de laranja, 2 x 1.75 l",,3.78,1.08,3500,L,€/L,,,https://driveimg1.intermarche.com/pt/Content/images/boitmal/produit/zoom/15C97042A71F49C362C4C213EA28900F.jpg,,,,,,,2025-07-30T23:59:59.999999999+01:00,PROSPECTUS,17,3,
35631,8410436329545,100.0,Sonasol,Bloco sanitário desinfectante duplo floral,Embalagem de 2 x 50 g,3.99,39.9,0,kg,€/Kg,,,https://driveimg1.intermarche.com/pt/Content/images/boitmal/produit/zoom/4EBD52C2D6799DC552F1A6B94AE3AADD.jpg,,,,,,,2025-07-30T23:59:59.999999999+01:00,PROSPECTUS,17,3,
35652,5603722517440,750.0,Mimosa,"Bebida cálcio sem lactose + proteína, embalagem de 3 x 250 ml",,2.69,3.59,750,L,€/L,,,https://driveimg1.intermarche.com/pt/Content/images/boitmal/produit/zoom/3BF01E4C848A88E512E9DE591C8608E4.jpg,https://driveimg1.intermarche.com/pt/Content/images/boitmal/produit/zoom/125C9D1092125B3BF7F626465A710366.jpg,https://driveimg1.intermarche.com/pt/Content/images/boitmal/produit/zoom/D55403D07574DB9841CBC2E986BD092B.jpg,https://driveimg1.intermarche.com/pt/Content/images/boitmal/produit/zoom/9CE43F9767873E3B88A8F371593A237D.jpg,,,,2025-07-30T23:59:59.999999999+01:00,PROSPECTUS,17,3,
35675,3600542226295,400.0,Ambre Solaire,Leite hidratante aloe vera after sun,Embalagem de 400 ml,10.19,25.48,400,L,€/L,,,https://driveimg1.intermarche.com/pt/Content/images/boitmal/produit/zoom/C3175C4A6B94CF0DD288851A7336D73C.jpg,,,,,,,2025-07-30T23:59:59.999999999+01:00,PROSPECTUS,17,3,
36170,5604260295654,1000.0,PorSi,Batata pré-frita palito,Embalagem de 1 kg,1.99,1.99,0,kg,€/Kg,,Tipo de stockagem,https://driveimg1.intermarche.com/pt/Content/images/boitmal/produit/zoom/CF4C3E7B4CE8656CEB5876B96DD4C997.jpg,,,,,,,2025-07-30T23:59:59.999999999+01:00,PROSPECTUS,17,3,
36657,5601217132673,500.0,Cillitbang,"Spray lixívia e higiene, de 500 ml",,2.49,4.98,500,L,€/L,,,https://driveimg1.intermarche.com/pt/Content/images/boitmal/produit/zoom/D9B27A41A222F2F218026715A414F2D0.jpg,,,,,,,2025-07-30T23:59:59.999999999+01:00,PROSPECTUS,17,3,
36806,8001090639011,300.0,Pantene,Champô 3 em 1 anti-caspa,Embalagem de 300 ml,4.74,15.8,300,L,€/L,,,https://driveimg1.intermarche.com/pt/Content/images/boitmal/produit/zoom/63F1C2B8DA28084708D48EB2853A6BE4.jpg,,,,,,,2025-07-30T23:59:59.999999999+01:00,PROSPECTUS,17,3,
37948,5601217132697,500.0,Cillitbang,"Spray limpeza casa de banho, embalagem de 500 ml",,2.49,4.98,500,L,€/L,,,https://driveimg1.intermarche.com/pt/Content/images/boitmal/produit/zoom/62E5A8E0A6D5CF81B7A29AA6D1070117.jpg,,,,,,,2025-07-30T23:59:59.999999999+01:00,PROSPECTUS,17,3,
38418,5411188125808,400.0,Alpro,"Yofu soja e manga sem açúcar adicionado, de 400g",,2.54,6.35,0,kg,€/Kg,,,https://driveimg1.intermarche.com/pt/Content/images/boitmal/produit/zoom/3BB622CE7FCFFFFBE1BDE445F2F172B5.jpg,,,,,,,2025-07-30T23:59:59.999999999+01:00,PROSPECTUS,17,3,
41444,5604260307401,250.0,PorSi,Cappelletti Carne&Presun. 250G,,1.79,7.16,0,kg,€/Kg,,,https://driveimg1.intermarche.com/pt/Content/images/boitmal/produit/zoom/DDCA3DA1281921AB29110766E5E9B6B2.jpg,,,,,,,2025-07-30T23:59:59.999999999+01:00,PROSPECTUS,17,3,
42151,7613039994016,270.0,Nestlé,"Tablete de chocolate preto extra fina, 270 g",,4.99,18.48,0,kg,€/Kg,,,https://driveimg1.intermarche.com/pt/Content/images/boitmal/produit/zoom/D2D08796DE14273DB99178B1C27492F8.jpg,,,,,,,2025-07-30T23:59:59.999999999+01:00,PROSPECTUS,17,3,
42179,5604260307777,441.0,PorSi,Nata Pasteurizada 30% Mg 45Cl/ 441G,,2.95,6.69,0,kg,€/Kg,,,https://driveimg1.intermarche.com/pt/Content/images/boitmal/produit/zoom/6E34B08A0109E785FC983F0CB93196A9.jpg,,,,,,,2025-07-30T23:59:59.999999999+01:00,PROSPECTUS,17,3,
4224,3600520921310,150.0,Studio Line,"Gel para o cabelo, indestructible",Embalagem de 150 ml,4.49,29.93,150,L,€/L,,,https://driveimg1.intermarche.com/pt/Content/images/boitmal/produit/zoom/C21BC7E43C984D3DBA130AF9AA051D00.jpg,,,,,,,2025-07-30T23:59:59.999999999+01:00,PROSPECTUS,17,3,
4322,3600540623911,50.0,Narta,"Desodorizante Roll'On Invisivel, 50 ml",,2.69,53.8,50,L,€/L,,,https://driveimg1.intermarche.com/pt/Content/images/boitmal/produit/zoom/7B358F90E8AB938D60B2A3E4BFA91BD4.jpg,,,,,,,2025-07-30T23:59:59.999999999+01:00,PROSPECTUS,17,3,
4335,3600540829160,50.0,Narta men,"Desodorizante roll-on, invisimax",Embalagem de 50 ml,2.69,53.8,50,L,€/L,,,https://driveimg1.intermarche.com/pt/Content/images/boitmal/produit/zoom/A48BB816DCCE142F5DC4F8D9E2CEC850.jpg,,,,,,,2025-07-30T23:59:59.999999999+01:00,PROSPECTUS,17,3,
4336,3600540829177,50.0,Narta men,"Desodorizante roll-on ice max, 50 ml",,2.69,53.8,50,L,€/L,,,https://driveimg1.intermarche.com/pt/Content/images/boitmal/produit/zoom/8A7B058665413D7866DE90820606363F.jpg,,,,,,,2025-07-30T23:59:59.999999999+01:00,PROSPECTUS,17,3,
43629,5604260312405,600.0,PorSi Bio,Bio Ervilhas 600G,,1.96,3.27,0,kg,€/Kg,,Tipo de stockagem,https://driveimg1.intermarche.com/pt/Content/images/boitmal/produit/zoom/E56A23FEE99BA090ED2622AE9AE735F8.jpg,,,,,,,2025-07-30T23:59:59.999999999+01:00,PROSPECTUS,17,3,
43646,8710847961182,360.0,Linic,"Champô para homem anti caspa controlo de oleosidade, embalagem de 360 ml",,4.94,13.72,360,L,€/L,,,https://driveimg1.intermarche.com/pt/Content/images/boitmal/produit/zoom/4EC0FE1518ACC7EF03C938B6AC4530E4.jpg,,,,,,,2025-07-30T23:59:59.999999999+01:00,PROSPECTUS,17,3,
43658,5604260312672,275.0,PorSi,Perolas perfumadas fresh,Embalagem de 275 g,2.99,10.87,0,kg,€/Kg,,,https://driveimg1.intermarche.com/pt/Content/images/boitmal/produit/zoom/015B6845B621F52572D8F608714B7CB2.jpg,,,,,,,2025-07-30T23:59:59.999999999+01:00,PROSPECTUS,17,3,
43719,5604260312313,450.0,PorSi,Mist. Frutos Exoticos 450G,,2.99,6.64,0,kg,€/Kg,,Tipo de stockagem,https://driveimg1.intermarche.com/pt/Content/images/boitmal/produit/zoom/29016CD4E3CFB1CF21ED9B36ADF36932.jpg,,,,,,,2025-07-30T23:59:59.999999999+01:00,PROSPECTUS,17,3,
4382,3600541314139,250.0,Garnier,Champô Ultra Suave gama maravilhosa,Embalagem de 250 ml,2.84,11.36,250,L,€/L,,,https://driveimg1.intermarche.com/pt/Content/images/boitmal/produit/zoom/A134B08CEB89A5E9538BAC452F51E2A2.jpg,,,,,,,2025-07-30T23:59:59.999999999+01:00,PROSPECTUS,17,3,
43903,3600522107385,150.0,L'oreal Men Expert,Desodorizante Spray Carbon Ice,Embalagem de 150 ml,2.99,19.93,150,L,€/L,,,https://driveimg1.intermarche.com/pt/Content/images/boitmal/produit/zoom/D440A2BDB65E62CF7FEFD9145C107680.jpg,,,,,,,2025-07-30T23:59:59.999999999+01:00,PROSPECTUS,17,3,
4409,3600550266917,200.0,Narta,"Desodorizante spray, protect.5",Embalagem de 200 ml,2.69,13.45,200,L,€/L,,,https://driveimg1.intermarche.com/pt/Content/images/boitmal/produit/zoom/7C71A1978C10610C24EF8E897CF38176.jpg,,,,,,,2025-07-30T23:59:59.999999999+01:00,PROSPECTUS,17,3,
44287,7622201459031,267.0,Tuc,Crackers Integrais,Embalagem de 267g,2.29,8.58,0,kg,€/Kg,,,https://driveimg1.intermarche.com/pt/Content/images/boitmal/produit/zoom/9B50D941710CA0A5BDA8A70B21B0EA1E.jpg,,,,,,,2025-07-30T23:59:59.999999999+01:00,PROSPECTUS,17,3,
44572,8428076000274,,Veet,"Bandas de cera depilatória facial, 20 unidades",,5.59,5.59,20,,€/Unidade,,,https://driveimg1.intermarche.com/pt/Content/images/boitmal/produit/zoom/E951B24A3D70BB41B7981A63AEB1A171.jpg,,,,,,,2025-07-30T23:59:59.999999999+01:00,PROSPECTUS,17,3,
44668,5601232010246,30.0,El mandarin,"Pudim flan zero açúcares adicionados, 30g",,1.34,44.67,0,kg,€/Kg,,,https://driveimg1.intermarche.com/pt/Content/images/boitmal/produit/zoom/17546C7645226C5DA3DF2F1B899531D7.jpg,,,,,,,2025-07-30T23:59:59.999999999+01:00,PROSPECTUS,17,3,
45029,3600542369794,400.0,Garnier,"Champô Ultra Suave camomila, 400 ml",,3.74,9.35,400,L,€/L,,,https://driveimg1.intermarche.com/pt/Content/images/boitmal/produit/zoom/3D84CCE5242E797E89883507C54F8153.jpg,,,,,,,2025-07-30T23:59:59.999999999+01:00,PROSPECTUS,17,3,
45724,5607233572813,520.0,Panrico,"Pão de forma integral especial torradas, 520g",,1.95,3.75,0,kg,€/Kg,,,https://driveimg1.intermarche.com/pt/Content/images/boitmal/produit/zoom/0AEA1FD55AFC1DB1DD176B31083DB3AD.jpg,,,,,,,2025-07-30T23:59:59.999999999+01:00,PROSPECTUS,17,3,
46131,8720182122131,275.0,Calvé,"Hot ketchup, embalagem de 275g",,1.98,7.2,0,kg,€/Kg,,,https://driveimg1.intermarche.com/pt/Content/images/boitmal/produit/zoom/0B9BF45F8A504C88466074E74565FA6B.jpg,,,,,,,2025-07-30T23:59:59.999999999+01:00,PROSPECTUS,17,3,
46340,8720181029370,150.0,Axe,"Desodorizante spray dark temptation, embalagem de 150 ml",,3.59,23.93,150,L,€/L,,,https://driveimg1.intermarche.com/pt/Content/images/boitmal/produit/zoom/6089641281D0C2E4D5F46619C43CCB3F.jpg,,,,,,,2025-07-30T23:59:59.999999999+01:00,PROSPECTUS,17,3,
46476,5604260317073,1500.0,PorSi,"Sangria De Vinho Branco 1,5L",,1.69,1.13,1500,L,€/L,,,https://driveimg1.intermarche.com/pt/Content/images/boitmal/produit/zoom/2634D2DDA64E7999DEE79C1AC4B235E6.jpg,,,,,,,2025-07-30T23:59:59.999999999+01:00,PROSPECTUS,17,3,
46670,5601050037227,620.0,Danone,"Iogurte Líquido Activia Aveia & Linhaça, 4x155g",,1.79,2.89,0,kg,€/Kg,,,https://driveimg1.intermarche.com/pt/Content/images/boitmal/produit/zoom/4D8BE19F5E55132CE3BDC6C6840F7986.jpg,,,,,,,2025-07-30T23:59:59.999999999+01:00,PROSPECTUS,17,3,
46736,4005900735690,100.0,Nivea Men,"After shave balsamo sensitive, embalagem de 100 ml",,5.69,56.9,100,L,€/L,,,https://driveimg1.intermarche.com/pt/Content/images/boitmal/produit/zoom/B3B90469D1F0D524015F2431F422FBF1.jpg,https://driveimg1.intermarche.com/pt/Content/images/boitmal/produit/zoom/E067EE020CF31ED85C837198C5D24FEC.jpg,,,,,,2025-07-30T23:59:59.999999999+01:00,PROSPECTUS,17,3,
46840,5604260318957,750.0,Porsi Vivabem,Iogurte Magro Aroma Manga 6X125G,,1.09,1.45,0,kg,€/Kg,,,https://driveimg1.intermarche.com/pt/Content/images/boitmal/produit/zoom/94673AB82AD98D45564340DC8660A87A.jpg,,,,,,,2025-07-30T23:59:59.999999999+01:00,PROSPECTUS,17,3,
47636,8412600018323,300.0,Bimbo,Bimbo® bagels sementes 4 un.,Embalagem de 300g,2.34,7.8,0,kg,€/Kg,,,https://driveimg1.intermarche.com/pt/Content/images/boitmal/produit/zoom/BF6C29E8954E6CC8FE9F7A9ADC699919.jpg,,,,,,,2025-07-30T23:59:59.999999999+01:00,PROSPECTUS,17,3,
47934,5604260319565,96.0,PorSi,Cápsulas Café Splendido Cdgx16,,3.95,41.15,0,kg,€/Kg,,,https://driveimg1.intermarche.com/pt/Content/images/boitmal/produit/zoom/55CCF612142A42C8831C49805F97F920.jpg,,,,,,,2025-07-30T23:59:59.999999999+01:00,PROSPECTUS,17,3,
47945,3600551049113,50.0,Narta men,Desodorizante roll-on invisível 0%,Embalagem de 50 ml,2.69,53.8,50,L,€/L,,,https://driveimg1.intermarche.com/pt/Content/images/boitmal/produit/zoom/07163EF0A2B2A1957A50A10CA355352B.jpg,,,,,,,2025-07-30T23:59:59.999999999+01:00,PROSPECTUS,17,3,
48030,7613287495259,1020.0,Felix,"Fantastic seleção de peixes em gelatina, embalagem de 12x100g",,5.99,5.87,0,kg,€/Kg,,,https://driveimg1.intermarche.com/pt/Content/images/boitmal/produit/zoom/6C8C86286E27A01458DD382E5FE02A80.jpg,,,,,,,2025-07-30T23:59:59.999999999+01:00,PROSPECTUS,17,3,
48092,5604260322435,85.0,PorSi Select,Alimento Humido Gato Adulto Com Frango 85G,,0.59,6.94,0,kg,€/Kg,,,https://driveimg1.intermarche.com/pt/Content/images/boitmal/produit/zoom/D84CC7B70A355206695BB81A8F5D3D9E.jpg,,,,,,,2025-07-30T23:59:59.999999999+01:00,PROSPECTUS,17,3,
48093,5604260322459,85.0,PorSi Select,Alimento Humido Gato Adulto Com Peixe 85G,,0.59,6.94,0,kg,€/Kg,,,https://driveimg1.intermarche.com/pt/Content/images/boitmal/produit/zoom/82A558BEAF47320C40149C066B08F2E8.jpg,,,,,,,2025-07-30T23:59:59.999999999+01:00,PROSPECTUS,17,3,
48094,5604260322442,85.0,PorSi Select,Alimento Humido Gato Junior Com Frango 85G,,0.59,6.94,0,kg,€/Kg,,,https://driveimg1.intermarche.com/pt/Content/images/boitmal/produit/zoom/3352261172FA59311C61D26CA02A331E.jpg,,,,,,,2025-07-30T23:59:59.999999999+01:00,PROSPECTUS,17,3,
48157,5604260321261,1000.0,Porsi Vivabem,Bebida De Soja 0% Açúcares Adicionados 1L,,0.79,0.79,1000,L,€/L,,,https://driveimg1.intermarche.com/pt/Content/images/boitmal/produit/zoom/7C840C9AA80A8A587DE7E0362CD9F3E4.jpg,,,,,,,2025-07-30T23:59:59.999999999+01:00,PROSPECTUS,17,3,
48426,4005900845702,50.0,Nivea Men,"Desodorizante roll on cool kick, 50 ml",,2.69,53.8,50,L,€/L,,,https://driveimg1.intermarche.com/pt/Content/images/boitmal/produit/zoom/9A906FA410C547B80F0C3BC1C3C86CB6.jpg,,,,,,,2025-07-30T23:59:59.999999999+01:00,PROSPECTUS,17,3,
48459,7613287495792,1020.0,Felix,"Comida húmida para gato duo seleção do campo, embalagem de 12x100 g",,5.99,5.87,0,kg,€/Kg,,,https://driveimg1.intermarche.com/pt/Content/images/boitmal/produit/zoom/9C79A22F67594AD9DD1EF334A5976D4B.jpg,,,,,,,2025-07-30T23:59:59.999999999+01:00,PROSPECTUS,17,3,
49280,7613287494191,340.0,Felix,Comida Húmida Gato Fantastic Seleção,Embalagem de 4 x 85 g,2.24,6.59,0,kg,€/Kg,,,https://driveimg1.intermarche.com/pt/Content/images/boitmal/produit/zoom/6382B6235A65FFF1E77A26CC2E0C1912.jpg,,,,,,,2025-07-30T23:59:59.999999999+01:00,PROSPECTUS,17,3,
49331,5060896621548,500.0,Monster,"Bebida energética ultra watermelon, lata de 500 ml",,1.39,2.78,500,L,€/L,,,https://driveimg1.intermarche.com/pt/Content/images/boitmal/produit/zoom/28F29ACC22AC2A0A6511AAB9718255B6.jpg,,,,,,,2025-07-30T23:59:59.999999999+01:00,PROSPECTUS,17,3,
49401,5411188133759,400.0,Alpro,"Soja ananás maracujá sem açúcar, de 400g",,2.54,6.35,0,kg,€/Kg,,,https://driveimg1.intermarche.com/pt/Content/images/boitmal/produit/zoom/6CB78C52A4573023DA315831A2A03ACB.jpg,,,,,,,2025-07-30T23:59:59.999999999+01:00,PROSPECTUS,17,3,
49458,5603722505829,800.0,Mimosa,"Leite com chocolate bem especial 0% lactose, pack 4 x 200 ml",,1.99,2.49,800,L,€/L,,,https://driveimg1.intermarche.com/pt/Content/images/boitmal/produit/zoom/E21E53C8EBF058C15C2446BB9FC00A4B.jpg,,,,,,,2025-07-30T23:59:59.999999999+01:00,PROSPECTUS,17,3,
49588,4005900911568,270.0,Nivea Sun,Spray Solar para Crianças FP50+,Embalagem de 270 ml,14.59,54.04,270,L,€/L,,,https://driveimg1.intermarche.com/pt/Content/images/boitmal/produit/zoom/DB6852274B99EA013FD080D7A3847BA0.jpg,,,,,,,2025-07-30T23:59:59.999999999+01:00,PROSPECTUS,17,3,
4975,5601007001332,750.0,Esteva,"Vinho doc douro tinto, garrafa de 0.75 l",,5.49,7.32,750,L,€/L,,,https://driveimg1.intermarche.com/pt/Content/images/boitmal/produit/zoom/7DE3E82C8EEE9F921A3163C241BC3A09.jpg,,,,,,,2025-07-30T23:59:59.999999999+01:00,PROSPECTUS,17,3,
49897,4005900911629,270.0,Nivea Sun,"Protetor solar spray protect & moisture hidratante spf50+, 270ml",,13.99,51.81,270,L,€/L,,,https://driveimg1.intermarche.com/pt/Content/images/boitmal/produit/zoom/682A3477E06D79E1FE5ADE92095B440C.jpg,,,,,,,2025-07-30T23:59:59.999999999+01:00,PROSPECTUS,17,3,
50294,5604260325023,400.0,Labell Men,Gel Banho Sensitive Homem,400 ml,1.29,3.23,400,L,€/L,,,https://driveimg1.intermarche.com/pt/Content/images/boitmal/produit/zoom/5B9F96105CFA5DF095AE5220B7BEA7F8.jpg,,,,,,,2025-07-30T23:59:59.999999999+01:00,PROSPECTUS,17,3,
50296,5604260325030,400.0,Labell Men,Gel Banho Sport Homem,400 ml,1.29,3.23,400,L,€/L,,,https://driveimg1.intermarche.com/pt/Content/images/boitmal/produit/zoom/A8884A91A190E411B92C2F778BC1208D.jpg,,,,,,,2025-07-30T23:59:59.999999999+01:00,PROSPECTUS,17,3,
50388,8445290352101,,Nescafé,"Dolce gusto nescafe espresso cafés 99.2 g, embalagem de 16 unidades",,5.79,5.79,16,,€/Unidade,,,https://driveimg1.intermarche.com/pt/Content/images/boitmal/produit/zoom/0F9C31202C0F1A9342165F5D51642405.jpg,,,,,,,2025-07-30T23:59:59.999999999+01:00,PROSPECTUS,17,3,
50454,5603722521829,1208.0,Mimosa,"Iogurte líquido aroma banana e morango, 8 x 151 ml",,2.64,2.19,1208,L,€/L,,,https://driveimg1.intermarche.com/pt/Content/images/boitmal/produit/zoom/AA12AF3CF07E84D8BB18D68CC6DFA3EB.jpg,,,,,,,2025-07-30T23:59:59.999999999+01:00,PROSPECTUS,17,3,
5060,5601036301441,250.0,Garnier,Champô Ultra Suave camomila,Embalagem de 250 ml,2.94,11.76,250,L,€/L,,,https://driveimg1.intermarche.com/pt/Content/images/boitmal/produit/zoom/5DE593698EC056D02CA5F4C6A74ADE87.jpg,,,,,,,2025-07-30T23:59:59.999999999+01:00,PROSPECTUS,17,3,
50650,7613037931136,,Nescafé,"Dolce gusto café espresso, 16 cápsulas",,5.79,5.79,0,,€/Unidade,,,https://driveimg1.intermarche.com/pt/Content/images/boitmal/produit/zoom/19F9709402D4C6E77478C8E2C8BD6986.jpg,,,,,,,2025-07-30T23:59:59.999999999+01:00,PROSPECTUS,17,3,
5093,5601050033755,620.0,Danone,"Iogurte activia líquido 0% morango/kiwi, embalagem de 4 x 155 g",,1.99,3.21,0,kg,€/Kg,,,https://driveimg1.intermarche.com/pt/Content/images/boitmal/produit/zoom/29B41AE598716D0550D815AA0FE86025.jpg,,,,,,,2025-07-30T23:59:59.999999999+01:00,PROSPECTUS,17,3,
51419,0000042417637,100.0,Nivea,"Creme Mãos Intensivo, 100ml",,3.49,34.9,100,L,€/L,,,https://driveimg1.intermarche.com/pt/Content/images/boitmal/produit/zoom/2139FB574ABB488E822D409E5751CB0E.jpg,,,,,,,2025-07-30T23:59:59.999999999+01:00,PROSPECTUS,17,3,
51505,8006540347058,200.0,Pantene,Espuma Volume Perfeito,Embalagem de 200 ml,3.99,19.95,200,L,€/L,,,https://driveimg1.intermarche.com/pt/Content/images/boitmal/produit/zoom/813E82BB5BF971731625EC7946D052E4.jpg,,,,,,,2025-07-30T23:59:59.999999999+01:00,PROSPECTUS,17,3,
51657,8445290457172,80.0,Felix,Comida Húmida Gato Deliciously Sliced Peixe,Embalagem de 4 x 80 g,2.24,28.0,0,kg,€/Kg,,,https://driveimg1.intermarche.com/pt/Content/images/boitmal/produit/zoom/67EDBA3B79F7D3503998FD4263E842A1.jpg,,,,,,,2025-07-30T23:59:59.999999999+01:00,PROSPECTUS,17,3,
51685,5604260326921,500.0,Labell,"Champô Arroz e Aveia Cabelos Delicados, 500ml",,2.39,4.78,500,L,€/L,,,https://driveimg1.intermarche.com/pt/Content/images/boitmal/produit/zoom/87106163E0CA4EB1CCD61B5E7078AE5B.jpg,,,,,,,2025-07-30T23:59:59.999999999+01:00,PROSPECTUS,17,3,
51762,8410436421928,100.0,Sonasol,Bloco Sanitário Bref Higiene,Embalagem de 2x50 g,3.99,39.9,0,kg,€/Kg,,,https://driveimg1.intermarche.com/pt/Content/images/boitmal/produit/zoom/9E23C9236E7B7436FAE69C8870CE8E33.jpg,,,,,,,2025-07-30T23:59:59.999999999+01:00,PROSPECTUS,17,3,
51890,4005900966292,50.0,Nivea,"Creme de noite cellular filler extra firmeza , 50 ml",,14.94,298.8,50,L,€/L,,,https://driveimg1.intermarche.com/pt/Content/images/boitmal/produit/zoom/550D697245B4B830118B6178D50A3A03.jpg,,,,,,,2025-07-30T23:59:59.999999999+01:00,PROSPECTUS,17,3,
52083,4005900808585,200.0,Nivea Sun,Nivea sun protect & bronze protetor solar bronzeado natural spray fp50,Garrafa de 200 ml,12.99,64.95,200,L,€/L,,,https://driveimg1.intermarche.com/pt/Content/images/boitmal/produit/zoom/2C7E909B322D095BCDE27FD7ECC4B17D.jpg,,,,,,,2025-07-30T23:59:59.999999999+01:00,PROSPECTUS,17,3,
52157,5604260327898,400.0,Porsi Vivabem,Gelatina Tangerina Sem Adição Açúcares 8Kcal 4X100G,,1.09,2.73,0,kg,€/Kg,,,https://driveimg1.intermarche.com/pt/Content/images/boitmal/produit/zoom/E90A11C3F3A381A03376DEE04BF10F31.jpg,,,,,,,2025-07-30T23:59:59.999999999+01:00,PROSPECTUS,17,3,
52299,3023290072035,160.0,Lindahls,"Iogurte sólido proteico morango lima, embalagem de 160 g",,0.99,6.19,0,kg,€/Kg,,,https://driveimg1.intermarche.com/pt/Content/images/boitmal/produit/zoom/3FA8DBA052D28654C7C833F137C987A5.jpg,,,,,,,2025-07-30T23:59:59.999999999+01:00,PROSPECTUS,17,3,
52304,8006540346891,250.0,Pantene,Laca Cabelo Volume Perfeito,Embalagem de 250ml,3.99,15.96,250,L,€/L,,,https://driveimg1.intermarche.com/pt/Content/images/boitmal/produit/zoom/B4BC585D383475BEE87A7AE2CA305595.jpg,,,,,,,2025-07-30T23:59:59.999999999+01:00,PROSPECTUS,17,3,
52317,8720181213854,200.0,Rexona men,"Desodorizante spray men invisible 72h, embalagem de 200ml",,3.29,16.45,200,L,€/L,,,https://driveimg1.intermarche.com/pt/Content/images/boitmal/produit/zoom/5E8C6ACC0717D3191FDDFB855F93AA9E.jpg,,,,,,,2025-07-30T23:59:59.999999999+01:00,PROSPECTUS,17,3,
52325,8720181384868,2520.0,Skip,"Detergente máquina roupa líquido sensitive, 56 doses",,9.99,3.96,2520,L,€/L,,,https://driveimg1.intermarche.com/pt/Content/images/boitmal/produit/zoom/5156E7DCF7ACB257EA61F802A2FE636C.jpg,,,,,,,2025-07-30T23:59:59.999999999+01:00,PROSPECTUS,17,3,
52340,8720181392962,1368.0,Comfort,"Amaciador roupa concentrado creations madressilva e sândalo, 76 doses",,3.99,2.92,1368,L,€/L,,,https://driveimg1.intermarche.com/pt/Content/images/boitmal/produit/zoom/C0B30E2D0BC6350378445269707C8D01.jpg,,,,,,,2025-07-30T23:59:59.999999999+01:00,PROSPECTUS,17,3,
52365,5605480002244,,Veet,Bandas Depilatórias Cera Fria Facial Expert Pele Sensível,Embalagem de 16 unidades,5.94,5.94,0,,€/Unidade,,,https://driveimg1.intermarche.com/pt/Content/images/boitmal/produit/zoom/C3C30686BBCB2CBBE3210805E2603B95.jpg,,,,,,,2025-07-30T23:59:59.999999999+01:00,PROSPECTUS,17,3,
52375,8720181387425,,Skip,Detergente Máquina Roupa Pó Sabão Natural,100 Doses,13.99,13.99,0,,€/Unidade,,,https://driveimg1.intermarche.com/pt/Content/images/boitmal/produit/zoom/8B93F96041E98D0FC28E6DD42F9EAB4B.jpg,,,,,,,2025-07-30T23:59:59.999999999+01:00,PROSPECTUS,17,3,
52379,8720181407147,1300.0,Cif,"Lava tudo perfumado limão verde, embalagem de 1,3l",,1.99,1.53,1300,L,€/L,,,https://driveimg1.intermarche.com/pt/Content/images/boitmal/produit/zoom/1EA3C8FB10989E07DC274DC372288083.jpg,https://driveimg1.intermarche.com/pt/Content/images/boitmal/produit/zoom/309C981A45755DD79B0981E67BD7AF66.jpg,,,,,,2025-07-30T23:59:59.999999999+01:00,PROSPECTUS,17,3,
52380,8720181407222,1300.0,Cif,"Lava tudo perfumado marinho, embalagem de 1,3l",,1.99,1.53,1300,L,€/L,,,https://driveimg1.intermarche.com/pt/Content/images/boitmal/produit/zoom/CA4DF9503AA63B59B450E466A493C7C8.jpg,https://driveimg1.intermarche.com/pt/Content/images/boitmal/produit/zoom/8B7FC9C3D49721A4DD3C875D35C40207.jpg,,,,,,2025-07-30T23:59:59.999999999+01:00,PROSPECTUS,17,3,
5243,5601151170755,410.0,Compal,"Feijão preto, lata de 410 ml",,1.09,2.66,410,L,€/L,,,https://driveimg1.intermarche.com/pt/Content/images/boitmal/produit/zoom/DF73EAA1B2C44B1F4CECF535DE17EB7C.jpg,,,,,,,2025-07-30T23:59:59.999999999+01:00,PROSPECTUS,17,3,
52636,8719200269026,400.0,Planta,"Creme vegetal para barrar, 400g",,2.54,6.35,0,kg,€/Kg,,,https://driveimg1.intermarche.com/pt/Content/images/boitmal/produit/zoom/F65911004A3F054AD79E8D4223582388.jpg,,,,,,,2025-07-30T23:59:59.999999999+01:00,PROSPECTUS,17,3,
52780,8711327621015,825.0,Carte DOr,"Gelado stracciatella, 825 ml",,5.99,7.26,825,L,€/L,,Tipo de stockagem,https://driveimg1.intermarche.com/pt/Content/images/boitmal/produit/zoom/9077E20C19CAF03342D46F370AD9A5BA.jpg,https://driveimg1.intermarche.com/pt/Content/images/boitmal/produit/zoom/96ACD079643DD28D2A3D30A5732CD591.jpg,https://driveimg1.intermarche.com/pt/Content/images/boitmal/produit/zoom/96ACD079643DD28D2A3D30A5732CD591.jpg,,,,,2025-07-30T23:59:59.999999999+01:00,PROSPECTUS,17,3,
52855,5411188137368,400.0,Alpro,"Yofu skyr exótico, 400g",,0.99,2.48,0,kg,€/Kg,,,https://driveimg1.intermarche.com/pt/Content/images/boitmal/produit/zoom/DAC9AE018EB508E38645481AA2644683.jpg,https://driveimg1.intermarche.com/pt/Content/images/boitmal/produit/zoom/5EF9019C19B1CFD1218BF97A6C8EF78D.jpg,https://driveimg1.intermarche.com/pt/Content/images/boitmal/produit/zoom/5EF9019C19B1CFD1218BF97A6C8EF78D.jpg,https://driveimg1.intermarche.com/pt/Content/images/boitmal/produit/zoom/5EF9019C19B1CFD1218BF97A6C8EF78D.jpg,,,,2025-07-30T23:59:59.999999999+01:00,PROSPECTUS,17,3,
52881,8719200267190,450.0,Becel,"Creme vegetal para barrar original, 450g",,3.56,7.91,0,kg,€/Kg,,,https://driveimg1.intermarche.com/pt/Content/images/boitmal/produit/zoom/7D8CFDDFB89CBA606F61A06158439D60.jpg,https://driveimg1.intermarche.com/pt/Content/images/boitmal/produit/zoom/D67292663C5C1617E51BCDF904BF56A4.jpg,https://driveimg1.intermarche.com/pt/Content/images/boitmal/produit/zoom/D67292663C5C1617E51BCDF904BF56A4.jpg,,,,,2025-07-30T23:59:59.999999999+01:00,PROSPECTUS,17,3,
52895,8720181380648,,Skip,"Detergente Cápsulas Máquina de Roupa Active Clean, 32 doses",,8.99,8.99,32,,€/Unidade,,,https://driveimg1.intermarche.com/pt/Content/images/boitmal/produit/zoom/FCDED2EC28760482A86038FF21792268.jpg,https://driveimg1.intermarche.com/pt/Content/images/boitmal/produit/zoom/AFDAFD11D9A3E06FF9612A9C5A925C33.jpg,https://driveimg1.intermarche.com/pt/Content/images/boitmal/produit/zoom/AFDAFD11D9A3E06FF9612A9C5A925C33.jpg,,,,,2025-07-30T23:59:59.999999999+01:00,PROSPECTUS,17,3,
52915,8720181202469,150.0,Dove,"Desodorizante spray maracujá 48h, 150 ml",,2.99,19.93,150,L,€/L,,,https://driveimg1.intermarche.com/pt/Content/images/boitmal/produit/zoom/25021F700ABB06C4D25D220630EF9384.jpg,,,,,,,2025-07-30T23:59:59.999999999+01:00,PROSPECTUS,17,3,
52917,8720181291869,150.0,Dove,"Desodorizante spray invisible care 72h, 150 ml",,3.59,23.93,150,L,€/L,,,https://driveimg1.intermarche.com/pt/Content/images/boitmal/produit/zoom/E4C7316630BB7D9EE2823582CE682A3C.jpg,,,,,,,2025-07-30T23:59:59.999999999+01:00,PROSPECTUS,17,3,
52918,8720181291586,150.0,Dove,"Desodorizante spray invisible care 72h, 150 ml",,3.59,23.93,150,L,€/L,,,https://driveimg1.intermarche.com/pt/Content/images/boitmal/produit/zoom/857B98CCCDBB38131F9C3BD8A643242E.jpg,,,,,,,2025-07-30T23:59:59.999999999+01:00,PROSPECTUS,17,3,
52944,8720181392900,1332.0,Comfort,"Amaciador concentrado essência azul, 74 doses",,3.49,2.62,1332,L,€/L,,,https://driveimg1.intermarche.com/pt/Content/images/boitmal/produit/zoom/A560BD62C0B678C99A0D6C167361502D.jpg,https://driveimg1.intermarche.com/pt/Content/images/boitmal/produit/zoom/E11C27145AD703889B20EE3212D34D08.jpg,https://driveimg1.intermarche.com/pt/Content/images/boitmal/produit/zoom/E11C27145AD703889B20EE3212D34D08.jpg,,,,,2025-07-30T23:59:59.999999999+01:00,PROSPECTUS,17,3,
53044,8720181368769,4320.0,Omo,"Detergente roupa máquina líquido, 96 doses",,8.99,2.08,4320,L,€/L,,,https://driveimg1.intermarche.com/pt/Content/images/boitmal/produit/zoom/30BA46CDC8291B3E0F7206BAD1197FAE.jpg,,,,,,,2025-07-30T23:59:59.999999999+01:00,PROSPECTUS,17,3,
53066,5601050037845,620.0,Danone,"Bifidus líquido activia aveia e noz 000%, 4 x 155g",,1.99,3.21,0,kg,€/Kg,,,https://driveimg1.intermarche.com/pt/Content/images/boitmal/produit/zoom/CA31731A632F34AB50927A2984D0BF84.jpg,https://driveimg1.intermarche.com/pt/Content/images/boitmal/produit/zoom/C3E5261F5C2ADA6A9243957038878389.jpg,https://driveimg1.intermarche.com/pt/Content/images/boitmal/produit/zoom/C3E5261F5C2ADA6A9243957038878389.jpg,https://driveimg1.intermarche.com/pt/Content/images/boitmal/produit/zoom/C3E5261F5C2ADA6A9243957038878389.jpg,,,,2025-07-30T23:59:59.999999999+01:00,PROSPECTUS,17,3,
53067,5601050037821,620.0,Danone,"Bifidus líquido activia ananás 000%, 4 x 155g",,1.99,3.21,0,kg,€/Kg,,,https://driveimg1.intermarche.com/pt/Content/images/boitmal/produit/zoom/3D4965FAC6DA56015B0EA60D0CC350AD.jpg,https://driveimg1.intermarche.com/pt/Content/images/boitmal/produit/zoom/227608E522C57EFFD851E1F0A8F434F8.jpg,https://driveimg1.intermarche.com/pt/Content/images/boitmal/produit/zoom/227608E522C57EFFD851E1F0A8F434F8.jpg,,,,,2025-07-30T23:59:59.999999999+01:00,PROSPECTUS,17,3,
53208,8719200268647,1000.0,Vaqueiro,"Creme vegetal culinária clássico, 1 kg",,2.99,2.99,0,kg,€/Kg,,,https://driveimg1.intermarche.com/pt/Content/images/boitmal/produit/zoom/0735A691FAA77E120C1E24086E19EA16.jpg,https://driveimg1.intermarche.com/pt/Content/images/boitmal/produit/zoom/DD9C237337ADB2608A1427FA94442244.jpg,https://driveimg1.intermarche.com/pt/Content/images/boitmal/produit/zoom/DD9C237337ADB2608A1427FA94442244.jpg,https://driveimg1.intermarche.com/pt/Content/images/boitmal/produit/zoom/DD9C237337ADB2608A1427FA94442244.jpg,,,,2025-07-30T23:59:59.999999999+01:00,PROSPECTUS,17,4,
53236,8711327581937,330.0,Magnum,"Mini gelados double framboesa, 6 x 55ml",,4.49,13.61,330,L,€/L,,Tipo de stockagem,https://driveimg1.intermarche.com/pt/Content/images/boitmal/produit/zoom/6932EECFEFF640B58D8FE0AAE944AFD2.jpg,https://driveimg1.intermarche.com/pt/Content/images/boitmal/produit/zoom/AE4B42C54F61649E5F63B556EA44C28A.jpg,https://driveimg1.intermarche.com/pt/Content/images/boitmal/produit/zoom/AE4B42C54F61649E5F63B556EA44C28A.jpg,https://driveimg1.intermarche.com/pt/Content/images/boitmal/produit/zoom/AE4B42C54F61649E5F63B556EA44C28A.jpg,,,,2025-07-30T23:59:59.999999999+01:00,PROSPECTUS,17,4,
53316,4006000034027,625.0,Nivea,"Creme corpo aloe e hidratação, 625ml",,6.99,11.18,625,L,€/L,,,https://driveimg1.intermarche.com/pt/Content/images/boitmal/produit/zoom/4DE6DC311849BADCA0FD3C7DEDECEE5D.jpg,https://driveimg1.intermarche.com/pt/Content/images/boitmal/produit/zoom/E91359983DB8847E67F210BFA75C479B.jpg,,,,,,2025-07-30T23:59:59.999999999+01:00,PROSPECTUS,17,4,
53336,8700216197991,,Dodot,"Fraldas sensitive t1 2 a 5kg, 84 unidades",,15.74,15.74,84,,€/Unidade,,,https://driveimg1.intermarche.com/pt/Content/images/boitmal/produit/zoom/CB496AAE991E44351C4AD066DC666BB0.jpg,https://driveimg1.intermarche.com/pt/Content/images/boitmal/produit/zoom/8CC2F2164AA9CD1E1BD5CF1DF7F4ED21.jpg,https://driveimg1.intermarche.com/pt/Content/images/boitmal/produit/zoom/8CC2F2164AA9CD1E1BD5CF1DF7F4ED21.jpg,https://driveimg1.intermarche.com/pt/Content/images/boitmal/produit/zoom/8CC2F2164AA9CD1E1BD5CF1DF7F4ED21.jpg,https://driveimg1.intermarche.com/pt/Content/images/boitmal/produit/zoom/8CC2F2164AA9CD1E1BD5CF1DF7F4ED21.jpg,,,2025-07-30T23:59:59.999999999+01:00,PROSPECTUS,17,4,
53430,4001683011525,,Ob,"Tampões Mini ProComfort, 32 unidades",,4.19,4.19,32,,€/Unidade,,,https://driveimg1.intermarche.com/pt/Content/images/boitmal/produit/zoom/08B9FEADD83E2A72576ABFCAED252EB6.jpg,,,,,,,2025-07-30T23:59:59.999999999+01:00,PROSPECTUS,17,4,
53611,3600524075606,150.0,Elvive,Sérum Cabelo Bond Repair,Embalagem de 150ml,8.99,59.93,150,L,€/L,,,https://driveimg1.intermarche.com/pt/Content/images/boitmal/produit/zoom/D0DA1D73EACCCF1B3B6BBA5E842E47B1.jpg,,,,,,,2025-07-30T23:59:59.999999999+01:00,PROSPECTUS,17,4,
53620,3600542431071,400.0,Fructis,Champô Vitamin Force,Embalagem de 400ml,3.89,9.73,400,L,€/L,,,https://driveimg1.intermarche.com/pt/Content/images/boitmal/produit/zoom/047B8567B448E2A54C3DA163B2420F02.jpg,,,,,,,2025-07-30T23:59:59.999999999+01:00,PROSPECTUS,17,4,
53723,8001480020542,1000.0,Neoblanc,Lixivia Perfume Do Campo,Embalagem de 1000ml,1.59,1.59,1000,L,€/L,,,https://driveimg1.intermarche.com/pt/Content/images/boitmal/produit/zoom/BC4CD59FA3E25633C5221C9F6EAC34B0.jpg,,,,,,,2025-07-30T23:59:59.999999999+01:00,PROSPECTUS,17,4,
53777,8718951561236,300.0,Palmolive,Sabonete Líquido Hidratante Leite Amêndoa,Embalagem de 300ml,2.24,7.47,300,L,€/L,,,https://driveimg1.intermarche.com/pt/Content/images/boitmal/produit/zoom/F701610A6764AA6F6A653E3081C8F4C3.jpg,https://driveimg1.intermarche.com/pt/Content/images/boitmal/produit/zoom/299C17942318457B3367C9A413F9120E.jpg,https://driveimg1.intermarche.com/pt/Content/images/boitmal/produit/zoom/299C17942318457B3367C9A413F9120E.jpg,,,,,2025-07-30T23:59:59.999999999+01:00,PROSPECTUS,17,4,
53870,8720573436342,,Koopman,"3 Tubos Bolas Sabão, 60ml",,1.49,1.49,0,,€/Unidade,,,https://driveimg1.intermarche.com/pt/Content/images/boitmal/produit/zoom/245EEC8A0B4467D1E051FDB33D385593.jpg,,,,,,,2025-08-06T23:59:59.999999999+01:00,PROSPECTUS,17,4,
53921,5604260333110,250.0,Labell,Spray Protetor Solar Spf50+ 250 Ml,,5.99,23.96,250,L,€/L,,,https://driveimg1.intermarche.com/pt/Content/images/boitmal/produit/zoom/B6C180709255899C9918664B3622D7D6.jpg,,,,,,,2025-07-30T23:59:59.999999999+01:00,PROSPECTUS,17,4,
54237,8720182870940,750.0,Cif,"Spray cozinha power & shine, 750ml",,2.69,3.59,750,L,€/L,,,https://driveimg1.intermarche.com/pt/Content/images/boitmal/produit/zoom/7C5092B5C783F181B704CE4066ABA0E8.jpg,,,,,,,2025-07-30T23:59:59.999999999+01:00,PROSPECTUS,17,4,
54269,4005900422705,750.0,Nivea,"Gel de Banho Care & Relax, 750ml",,5.09,6.79,750,L,€/L,,,https://driveimg1.intermarche.com/pt/Content/images/boitmal/produit/zoom/C3BE8AF07697936FE0EC46EA396D20AE.jpg,,,,,,,2025-07-30T23:59:59.999999999+01:00,PROSPECTUS,17,4,
54286,3600542572606,150.0,Ambre Solaire,"Bruma de Rosto e Corpo Ideal Bronze FPS 30, 150ml",,10.79,71.93,150,L,€/L,,,https://driveimg1.intermarche.com/pt/Content/images/boitmal/produit/zoom/BEC24ED41A51D097D8696C8F88727D82.jpg,https://driveimg1.intermarche.com/pt/Content/images/boitmal/produit/zoom/CA224EB4844779FE418EA239867214C0.jpg,https://driveimg1.intermarche.com/pt/Content/images/boitmal/produit/zoom/CA224EB4844779FE418EA239867214C0.jpg,https://driveimg1.intermarche.com/pt/Content/images/boitmal/produit/zoom/CA224EB4844779FE418EA239867214C0.jpg,,,,2025-07-30T23:59:59.999999999+01:00,PROSPECTUS,17,4,
54291,3600542520447,150.0,Ambre Solaire,"Protetor Solar Spray Sensitive Advanced FPS 50+, 150ml",,11.39,75.93,150,L,€/L,,,https://driveimg1.intermarche.com/pt/Content/images/boitmal/produit/zoom/688E9491F0504157A81F4CAE6A4D28DC.jpg,https://driveimg1.intermarche.com/pt/Content/images/boitmal/produit/zoom/00AF2F3E6B8D9A76D4EE0717657122D6.jpg,https://driveimg1.intermarche.com/pt/Content/images/boitmal/produit/zoom/00AF2F3E6B8D9A76D4EE0717657122D6.jpg,https://driveimg1.intermarche.com/pt/Content/images/boitmal/produit/zoom/00AF2F3E6B8D9A76D4EE0717657122D6.jpg,,,,2025-07-30T23:59:59.999999999+01:00,PROSPECTUS,17,4,
54312,8410436464444,,Bref,"Bloco Wc Power Activ Hawaii, 2x50g",,3.99,3.99,0,,€/Unidade,,,https://driveimg1.intermarche.com/pt/Content/images/boitmal/produit/zoom/E6F56107F0B25F3CF0C57A2824B11EF0.jpg,https://driveimg1.intermarche.com/pt/Content/images/boitmal/produit/zoom/97802DD6CF6FD8D1BEA68435C834D580.jpg,https://driveimg1.intermarche.com/pt/Content/images/boitmal/produit/zoom/97802DD6CF6FD8D1BEA68435C834D580.jpg,,,,,2025-07-30T23:59:59.999999999+01:00,PROSPECTUS,17,4,
54332,3600542585972,150.0,Fructis,"Spray Premium Método Caracóis Embalagem, 150ml",,6.74,44.93,150,L,€/L,,,https://driveimg1.intermarche.com/pt/Content/images/boitmal/produit/zoom/13084E11561AA4939C21EFFD7420A5E4.jpg,,,,,,,2025-07-30T23:59:59.999999999+01:00,PROSPECTUS,17,4,
54458,3574661700557,650.0,Le Petit Marseillais,"Gel De Banho Leite E Baunilha Bio, 650ml",,3.49,5.37,650,L,€/L,,,https://driveimg1.intermarche.com/pt/Content/images/boitmal/produit/zoom/60F4FEF746C5CD0FCCCDB689C4C46395.jpg,,,,,,,2025-07-30T23:59:59.999999999+01:00,PROSPECTUS,17,4,
54489,5000204334005,,Glade,"Ambientador Glade Eléctrico Recarga Dupla Clean Linen, 2un.",,5.19,5.19,0,,€/Unidade,,,https://driveimg1.intermarche.com/pt/Content/images/boitmal/produit/zoom/29623DA3966524AF66CDB5FC2B4429EE.jpg,,,,,,,2025-07-30T23:59:59.999999999+01:00,PROSPECTUS,17,4,
54521,5029053548562,,Huggies,"Fralda Cueca T4 9-14Kg, 26un.",,8.99,8.99,0,,€/Unidade,,,https://driveimg1.intermarche.com/pt/Content/images/boitmal/produit/zoom/D6177F023553BB0FB9522071E676488E.jpg,,,,,,,2025-07-30T23:59:59.999999999+01:00,PROSPECTUS,17,4,
54605,8720181468377,720.0,Dove,"Gel de banho fruity nourish, 720ml",,4.79,6.65,720,L,€/L,,,https://driveimg1.intermarche.com/pt/Content/images/boitmal/produit/zoom/FFA7012232765CFD968E176F1C94593A.jpg,,,,,,,2025-07-30T23:59:59.999999999+01:00,PROSPECTUS,17,4,
54606,8720181466359,720.0,Dove,"Gel de banho hydrate, 720ml",,4.79,6.65,720,L,€/L,,,https://driveimg1.intermarche.com/pt/Content/images/boitmal/produit/zoom/73576AE98695DDB42CEBA03FBEBB469E.jpg,,,,,,,2025-07-30T23:59:59.999999999+01:00,PROSPECTUS,17,4,
54607,4006000095790,750.0,Nivea,"Gel de banho bath care & dimond, 750ml",,5.09,6.79,750,L,€/L,,,https://driveimg1.intermarche.com/pt/Content/images/boitmal/produit/zoom/BDDDCB2032FEBBA666451071F3E53554.jpg,,,,,,,2025-07-30T23:59:59.999999999+01:00,PROSPECTUS,17,4,
54684,8711327611924,330.0,Magnum,"6 gelados mini chocolate e amêndoa, 330 ml",,3.99,12.09,330,L,€/L,,Tipo de stockagem,https://driveimg1.intermarche.com/pt/Content/images/boitmal/produit/zoom/779A2D41120BAD2364A0B6F639CCEACA.jpg,,,,,,,2025-07-30T23:59:59.999999999+01:00,PROSPECTUS,17,4,
54765,8711327616165,825.0,Carte DOr,"Gelado caramelo salgado les dessertz, 825 ml",,5.99,7.26,825,L,€/L,,Tipo de stockagem,https://driveimg1.intermarche.com/pt/Content/images/boitmal/produit/zoom/A5FE262C7D7C5F17B290BA4B9BC148EC.jpg,,,,,,,2025-07-30T23:59:59.999999999+01:00,PROSPECTUS,17,4,
54795,5603722521225,604.0,Mimosa,"Iogurte magro liquido morango, 4x151 ml",,1.49,2.47,604,L,€/L,,,https://driveimg1.intermarche.com/pt/Content/images/boitmal/produit/zoom/075603ECF4916B645B9AA45146480552.jpg,,,,,,,2025-07-30T23:59:59.999999999+01:00,PROSPECTUS,17,4,
54799,5603722521263,604.0,Mimosa,Iogurte magro liquido frutos silvestres 4 x 151 ml,,1.49,2.47,604,L,€/L,,,https://driveimg1.intermarche.com/pt/Content/images/boitmal/produit/zoom/783E43940BBBFF2CB63BFFCCB1232BA5.jpg,,,,,,,2025-07-30T23:59:59.999999999+01:00,PROSPECTUS,17,4,
54840,8720181536991,,Skip,"Detergente Máquina Roupa Líquido Ciclos Curtos Antiodor Express, 54D",,9.99,9.99,0,,€/Unidade,,,https://driveimg1.intermarche.com/pt/Content/images/boitmal/produit/zoom/C47A35D3E1DEDAD7D0B82ED95D5A0CA8.jpg,,,,,,,2025-07-30T23:59:59.999999999+01:00,PROSPECTUS,17,4,
54885,8700216210430,250.0,Herbal Essences,"Condicionador Fortificante Aloe, 250ml",,3.99,15.96,250,L,€/L,,,https://driveimg1.intermarche.com/pt/Content/images/boitmal/produit/zoom/8C7FAEC362009116EC9B1FFBA6F03055.jpg,,,,,,,2025-07-30T23:59:59.999999999+01:00,PROSPECTUS,17,4,
54906,8718951607712,75.0,Colgate,"Pasta De Dentes Max White Purple, 75ml",,3.99,53.2,75,L,€/L,,,https://driveimg1.intermarche.com/pt/Content/images/boitmal/produit/zoom/EC36D1D7DF9B5221C495F146CD0745D4.jpg,,,,,,,2025-07-30T23:59:59.999999999+01:00,PROSPECTUS,17,4,
55022,8711327624917,280.0,Magnum,"Gelado After Dinner, 8 x 35ml",,4.19,14.96,280,L,€/L,,Tipo de stockagem,https://driveimg1.intermarche.com/pt/Content/images/boitmal/produit/zoom/01E85D0D7CFD27050DD90D8BA136172A.jpg,,,,,,,2025-07-30T23:59:59.999999999+01:00,PROSPECTUS,17,4,
