identifier,produitEan13,capacite,marque,libelle,conditionnement,prix,unitPrice,volume,typeProduit_uniteByCode,unit_value,avantages_dateFin,avantages_categorie,images_0,images_1,images_2,pictogrammes_libelleCategorie,nro_paginas,page,images_3,images_4,images_5,pictogrammes_0
979,5601024134471,750.0,Oliveira da Serra,Azeite Virgem,Embalagem de 750 ml,6.99,9.32,750,L,€/L,2024-07-24T23:59:59.999999999+01:00,PROSPECTUS,https://driveimg1.intermarche.com/pt/Content/images/boitmal/produit/zoom/32A5EFAE1A78DF80856528FEA48BA60C.jpg,,,1000 Artigos,17,1,,,,
978,5601024134136,750.0,Oliveira da Serra,Azeite,Embalagem de 750 ml,5.99,7.99,750,L,€/L,2024-08-02T23:59:59.999999999+01:00,PROSPECTUS,https://driveimg1.intermarche.com/pt/Content/images/boitmal/produit/zoom/4618FCD27F27BDBAA8CF1CDC30F2EFF5.jpg,,,1000 Artigos,17,1,,,,
8383,5601049132995,1000.0,Mimosa,Leite uht meio gordo,Embalagem de 1 litro,0.89,0.89,1000,L,€/L,2024-07-24T23:59:59.999999999+01:00,PROSPECTUS,https://driveimg1.intermarche.com/pt/Content/images/boitmal/produit/zoom/30AE72C16512D7F6E9C8B5E7CBD4B0A2.jpg,https://driveimg1.intermarche.com/pt/Content/images/boitmal/produit/zoom/AE810093A08CEBD60415DCC626CF5804.jpg,https://driveimg1.intermarche.com/pt/Content/images/boitmal/produit/zoom/A0562293538F541B1B99592AA046327B.jpg,,17,1,,,,
1308,5601151979099,1250.0,Sumol,Refrigerante com gás de laranja,"Garrafa de 1,25 l",1.09,0.87,1250,L,€/L,2024-08-02T23:59:59.999999999+01:00,PROSPECTUS,https://driveimg1.intermarche.com/pt/Content/images/boitmal/produit/zoom/ECE6BD1006EEE4AC73A1110926F981DC.jpg,,,1000 Artigos,17,1,,,,
13866,2891048000000,1000.0,Porco,Bifanas,Vendido ao peso a partir de 1 kg,4.29,4.29,0,,€/Kg,2024-07-24T23:59:59.999999999+01:00,PROSPECTUS,https://driveimg1.intermarche.com/pt/Content/images/boitmal/produit/zoom/C9E276B082B119EFEDC2A2B0E1BC737E.jpg,,,,17,1,,,,
36263,5601027973060,480.0,Bimbo,Pão de forma integral,Embalagem de 480 g,1.84,3.83,0,kg,€/Kg,2024-07-24T23:59:59.999999999+01:00,PROSPECTUS,https://driveimg1.intermarche.com/pt/Content/images/boitmal/produit/zoom/706CDDCF91F9F779ABC5B2D4D8D2F75F.jpg,,,,17,1,,,,
8994,5601511000012,200.0,Limiano,"Queijo flamengo, fatias",Embalagem de 200g,2.19,10.95,0,kg,€/Kg,2024-07-24T23:59:59.999999999+01:00,PROSPECTUS,https://driveimg1.intermarche.com/pt/Content/images/boitmal/produit/zoom/86AD0748081C379158BF2EE3F6F67244.jpg,,,,17,1,,,,
12972,2892040000000,1000.0,Fruta,Banana,1 un = 200 gr (aprox.),1.09,1.09,0,,€/Kg,2024-07-24T23:59:59.999999999+01:00,PROSPECTUS,https://driveimg1.intermarche.com/pt/Content/images/boitmal/produit/zoom/C368220872795E9863F1F37C2230CCEA.jpg,,,,17,1,,,,
18595,8410500016012,400.0,Danonino Danone,"Iogurte líquido danonino morango,  4 x 100 g",,1.99,4.98,0,kg,€/Kg,2024-07-24T23:59:59.999999999+01:00,PROSPECTUS,https://driveimg1.intermarche.com/pt/Content/images/boitmal/produit/zoom/0E203361E14F23CD94ABD0BD721CC32D.jpg,,,,17,1,,,,
11967,5601049612336,250.0,Mimosa,Manteiga c/ sal,Embalagem de 250g,1.99,7.96,0,kg,€/Kg,2024-07-24T23:59:59.999999999+01:00,PROSPECTUS,https://driveimg1.intermarche.com/pt/Content/images/boitmal/produit/zoom/C41D77380AC10A8E184B8D4C3C381772.jpg,https://driveimg1.intermarche.com/pt/Content/images/boitmal/produit/zoom/B59AE74FD0DBE6C3112F001AFF69E867.jpg,https://driveimg1.intermarche.com/pt/Content/images/boitmal/produit/zoom/BB9196C3025886DBB6F20EDD70A1CA7A.jpg,,17,1,,,,
32306,8718951202979,500.0,Palmolive,Gel de banho naturals amêndoa e leite,500 ml,2.69,5.38,500,L,€/L,2024-07-24T23:59:59.999999999+01:00,PROSPECTUS,https://driveimg1.intermarche.com/pt/Content/images/boitmal/produit/zoom/679D3CFCC9969DD874FD147C2208C882.jpg,,,,17,1,,,,
18628,5601028002707,,Renova,Rolo de Cozinha Multi,4 Rolos,1.49,1.49,0,,€/Unidade,2024-08-02T23:59:59.999999999+01:00,PROSPECTUS,https://driveimg1.intermarche.com/pt/Content/images/boitmal/produit/zoom/EC28E7C70040AEF56E88826756B8374D.jpg,,,1000 Artigos,17,1,,,,
6060,5608527000555,5000.0,Dom Campos,"Vinho tinto regional, península de setúbal, bag-in-box",Garrafa de 5 l,7.99,1.6,5000,L,€/L,2024-07-24T23:59:59.999999999+01:00,PROSPECTUS,https://driveimg1.intermarche.com/pt/Content/images/boitmal/produit/zoom/8C6AEEFD235AD20A4E170288F9E5A8D8.jpg,,,,17,1,,,,
48092,5604260322435,85.0,PorSi Select,Comida húmida gato adulto c/ frango,Embalagem de 85g,0.59,6.94,0,kg,€/Kg,2024-08-02T23:59:59.999999999+01:00,PROSPECTUS,https://driveimg1.intermarche.com/pt/Content/images/boitmal/produit/zoom/E590670BC863F23F67B117215815F296.jpg,,,1000 Artigos,17,1,,,,
973,5601024105020,1000.0,Fula,Óleo alimentar,Embalagem 1L,1.99,1.99,1000,L,€/L,2024-08-02T23:59:59.999999999+01:00,PROSPECTUS,https://driveimg1.intermarche.com/pt/Content/images/boitmal/produit/zoom/82D3E88293E42CC5B178C569AA9B57E6.jpg,,,1000 Artigos,17,1,,,,
25287,8710908657467,400.0,Baby Dove,Gel de Banho Corpo e Cabelo Hidratante,Embalagem de 400 ml,4.1,10.25,400,L,€/L,2024-07-24T23:59:59.999999999+01:00,PROSPECTUS,https://driveimg1.intermarche.com/pt/Content/images/boitmal/produit/zoom/EC068137588BCD078E1EE3A3FFEED49F.jpg,,,,17,1,,,,
25597,5601151979303,1200.0,Bongo,Néctar 8 frutos,Pack 6 x 200 ml,2.19,1.83,1200,L,€/L,2024-08-02T23:59:59.999999999+01:00,PROSPECTUS,https://driveimg1.intermarche.com/pt/Content/images/boitmal/produit/zoom/8F7097498E407AAD3EBA218E9E0D2469.jpg,,,1000 Artigos,17,1,,,,
13892,2891041000000,1000.0,Porco,Costeletas do Lombo,Vendido ao peso a partir de 1 kg,3.99,3.99,0,,€/Kg,2024-07-24T23:59:59.999999999+01:00,PROSPECTUS,https://driveimg1.intermarche.com/pt/Content/images/boitmal/produit/zoom/0CEDBCB04142A68CDED3690FB39820D0.jpg,,,,17,1,,,,
17402,8412600027233,700.0,Bimbo,Pão forma familiar normal,embalagem de 700 g,1.99,2.84,0,kg,€/Kg,2024-07-24T23:59:59.999999999+01:00,PROSPECTUS,https://driveimg1.intermarche.com/pt/Content/images/boitmal/produit/zoom/DE8CCFFBC376CC9F4596A72F8ABC4CE5.jpg,,,,17,1,,,,
4683,5000116102112,280.0,Iglo green,10 douradinhos vegetais,Embalagem de 280g,1.99,7.11,0,kg,€/Kg,2024-07-24T23:59:59.999999999+01:00,PROSPECTUS,https://driveimg1.intermarche.com/pt/Content/images/boitmal/produit/zoom/CF300CAA0C70616DE6934C4966C13EB3.jpg,,,Tipo de stockagem,17,1,,,,
12978,2892462000000,400.0,Legumes,Alface Frisada,1 un= 400 g (aprox.),0.48,1.19,0,,€/Kg,2024-07-24T23:59:59.999999999+01:00,PROSPECTUS,https://driveimg1.intermarche.com/pt/Content/images/boitmal/produit/zoom/14C8DBD7827DB992F77D5C5056950123.jpg,,,,17,1,,,,
10128,8006540836224,,Dodot,Toalhitas Pure 0% Plástico,Embalagem de 48 unidades,1.74,1.74,0,,€/Unidade,2024-08-02T23:59:59.999999999+01:00,PROSPECTUS,https://driveimg1.intermarche.com/pt/Content/images/boitmal/produit/zoom/17235F16D1C1F2E1B279ED0493A63896.jpg,,,1000 Artigos,17,1,,,,
10666,8714789700472,360.0,Palmolive,Sabonete leite & mel,Embalagem de 4x90 g,3.39,9.42,0,kg,€/Kg,2024-07-24T23:59:59.999999999+01:00,PROSPECTUS,https://driveimg1.intermarche.com/pt/Content/images/boitmal/produit/zoom/6DA48FA699B13C5AAD7C8FEC3222BF79.jpg,,,,17,1,,,,
48093,5604260322459,85.0,PorSi Select,Comida húmida gato adulto c/ peixe,Embalagem de 85g,0.59,6.94,0,kg,€/Kg,2024-08-02T23:59:59.999999999+01:00,PROSPECTUS,https://driveimg1.intermarche.com/pt/Content/images/boitmal/produit/zoom/4AA6ADFFF1475CB1AF3BAE3736401E0B.jpg,,,1000 Artigos,17,1,,,,
13833,2892579000000,300.0,Legumes,Pepino,1 un = 300 gr  (aprox.),0.3,0.99,0,,€/Kg,2024-07-24T23:59:59.999999999+01:00,PROSPECTUS,https://driveimg1.intermarche.com/pt/Content/images/boitmal/produit/zoom/81A5C57CCE1518487B68F04112010F92.jpg,,,,17,1,,,,
36522,5604260292042,,PorSi,Papel higiénico macio absorvente,12 rolos,2.59,2.59,0,,€/Unidade,2024-08-02T23:59:59.999999999+01:00,PROSPECTUS,https://driveimg1.intermarche.com/pt/Content/images/boitmal/produit/zoom/839473679F0155D9469467503CB1B3E6.jpg,,,1000 Artigos,17,1,,,,
28607,5604260278442,640.0,PorSi,"Iogurte líquido morango/banana,  4 x 160 g",,1.38,2.16,0,kg,€/Kg,2024-08-02T23:59:59.999999999+01:00,PROSPECTUS,https://driveimg1.intermarche.com/pt/Content/images/boitmal/produit/zoom/E93EE6852A43EE33A208A07B3A318C73.jpg,,,1000 Artigos,17,1,,,,
12994,2892524000000,100.0,Legumes,Cenoura Granel,1 un = 100 gr (aprox.),0.1,0.95,0,,€/Kg,2024-07-24T23:59:59.999999999+01:00,PROSPECTUS,https://driveimg1.intermarche.com/pt/Content/images/boitmal/produit/zoom/6427FE21A79FA79A1E8CC03E5F3B3703.jpg,,,,17,1,,,,
14897,2892245000000,4000.0,Fruta,Melancia Riscada,Vendido ao peso | 1 un = 4kg (aprox.),3.0,0.75,0,,€/Kg,2024-07-24T23:59:59.999999999+01:00,PROSPECTUS,https://driveimg1.intermarche.com/pt/Content/images/boitmal/produit/zoom/AA3D63A30F9BA2DBBD75810E5FD774FC.jpg,,,,17,1,,,,
9727,5604260273058,200.0,PorSi,Queijo mozzarella ralado,Embalagem de 200 g,1.39,6.95,0,kg,€/Kg,2024-08-02T23:59:59.999999999+01:00,PROSPECTUS,https://driveimg1.intermarche.com/pt/Content/images/boitmal/produit/zoom/06A41E6C952C21A7856951F2F972349C.jpg,,,1000 Artigos,17,1,,,,
250,2892150000000,300.0,Fruta,Abacate,1 un. = 300 g (aprox.),1.14,3.79,0,,€/Kg,2024-07-24T23:59:59.999999999+01:00,PROSPECTUS,https://driveimg1.intermarche.com/pt/Content/images/boitmal/produit/zoom/75A4131DA32D2C3DB8DFB8F45FB53C98.jpg,,,,17,1,,,,
40749,5604260304158,1000.0,PorSi,Detergente liquido loiça clássico,Garrafa de 1 litro,0.89,0.89,1000,L,€/L,2024-08-02T23:59:59.999999999+01:00,PROSPECTUS,https://driveimg1.intermarche.com/pt/Content/images/boitmal/produit/zoom/AF2F1189F25F58E20EE8C7BA2141119A.jpg,,,1000 Artigos,17,1,,,,
48862,5604260320592,600.0,PorSi Viva Bem,"Iogurte líquido magro morango,  4x150 ml",,1.38,2.3,600,L,€/L,2024-08-02T23:59:59.999999999+01:00,PROSPECTUS,https://driveimg1.intermarche.com/pt/Content/images/boitmal/produit/zoom/0C694DE9782FCC84FA1DB148AA050087.jpg,,,1000 Artigos,17,1,,,,
18296,5604260278428,640.0,PorSi,"Iogurte líquido pinacolada,  4 x 160 g",,1.38,2.16,0,kg,€/Kg,2024-08-02T23:59:59.999999999+01:00,PROSPECTUS,https://driveimg1.intermarche.com/pt/Content/images/boitmal/produit/zoom/E2D38B384B5C05E85037B10175E3330E.jpg,,,1000 Artigos,17,1,,,,
9691,5604260270613,500.0,PorSi,Queijo Flamengo Fatias,Embalagem 500G,3.99,7.98,0,kg,€/Kg,2024-08-02T23:59:59.999999999+01:00,PROSPECTUS,https://driveimg1.intermarche.com/pt/Content/images/boitmal/produit/zoom/FFFF236BFADF54D62A4E0EFB7AF0E7B7.jpg,,,1000 Artigos,17,1,,,,
13865,2891042000000,1000.0,Porco,Costeletas do Cachaço,Vendido ao peso a partir de 1 kg,4.98,4.98,0,,€/Kg,2024-07-24T23:59:59.999999999+01:00,PROSPECTUS,https://driveimg1.intermarche.com/pt/Content/images/boitmal/produit/zoom/9CC30521C194F3CF0E71F32C6E004880.jpg,,,,17,1,,,,
1427,5601255322128,1000.0,Caçarola,Arroz agulha,Embalagem de 1 kg,1.28,1.28,0,kg,€/Kg,2024-08-02T23:59:59.999999999+01:00,PROSPECTUS,https://driveimg1.intermarche.com/pt/Content/images/boitmal/produit/zoom/A52540C62DF57685F2A437535D54EC25.jpg,,,1000 Artigos,17,1,,,,
15922,2892269000000,150.0,Fruta,Nectarina,1 un = 150 gr (aprox.),0.28,1.89,0,,€/Kg,2024-07-24T23:59:59.999999999+01:00,PROSPECTUS,https://driveimg1.intermarche.com/pt/Content/images/boitmal/produit/zoom/3A8538F6AC415625F5A1969A6F07D441.jpg,,,,17,1,,,,
28608,5604260282821,160.0,PorSi,"Iogurte Líquido Frutos Tropicais, 4 x 160g",,1.38,8.63,0,kg,€/Kg,2024-08-02T23:59:59.999999999+01:00,PROSPECTUS,https://driveimg1.intermarche.com/pt/Content/images/boitmal/produit/zoom/EB7AD688B381BBBCE16BBE5DF0C318EE.jpg,,,1000 Artigos,17,1,,,,
41716,5604260303809,90.0,PorSi,Saqueta de puré de fruta | maçã + pêssego + banana + pera,90 g,0.74,8.22,0,kg,€/Kg,2024-08-02T23:59:59.999999999+01:00,PROSPECTUS,https://driveimg1.intermarche.com/pt/Content/images/boitmal/produit/zoom/BA821088BC22D810D2198777A3EC5FCD.jpg,,,1000 Artigos,17,1,,,,
5772,5604260025275,200.0,PorSi,"Fiambre extra, fatiado",Embalagem de 200g,1.99,9.95,0,kg,€/Kg,2024-08-02T23:59:59.999999999+01:00,PROSPECTUS,https://driveimg1.intermarche.com/pt/Content/images/boitmal/produit/zoom/E1FD3B6764CBA26BBE33F1BC49A13FA3.jpg,,,1000 Artigos,17,1,,,,
927,5601001180903,380.0,Nestlé,Cereais chocapic,Embalagem de 375 g,2.29,6.03,0,kg,€/Kg,2024-08-02T23:59:59.999999999+01:00,PROSPECTUS,https://driveimg1.intermarche.com/pt/Content/images/boitmal/produit/zoom/6DE0110672BED70DCD1FFE94A66DEB48.jpg,,,1000 Artigos,17,1,,,,
13894,2891044000000,1000.0,Porco,Entremeada sem Entrecosto,Vendido ao peso a partir de 1 kg,4.88,4.88,0,,€/Kg,2024-07-24T23:59:59.999999999+01:00,PROSPECTUS,https://driveimg1.intermarche.com/pt/Content/images/boitmal/produit/zoom/C03EF63C56AFB4E4EA78E134436BF30C.jpg,,,,17,1,,,,
34077,5604260287284,1500.0,PorSi,"Iogurte natural, 12 x 125g",,2.18,1.45,0,kg,€/Kg,2024-08-02T23:59:59.999999999+01:00,PROSPECTUS,https://driveimg1.intermarche.com/pt/Content/images/boitmal/produit/zoom/3965ED928DFAC6A0B27DB3EED0D09D6B.jpg,,,1000 Artigos,17,1,,,,
36728,5604260294343,1000.0,PorSi,Arroz carolino,Embalagem de 1 kg,1.25,1.25,0,kg,€/Kg,2024-08-02T23:59:59.999999999+01:00,PROSPECTUS,https://driveimg1.intermarche.com/pt/Content/images/boitmal/produit/zoom/10350363E0DE37B1698299EA7835EFEE.jpg,,,1000 Artigos,17,1,,,,
40750,5604260304165,1000.0,PorSi,Detergente liquido loiça limão,Garrafa de 1 litro,0.89,0.89,1000,L,€/L,2024-08-02T23:59:59.999999999+01:00,PROSPECTUS,https://driveimg1.intermarche.com/pt/Content/images/boitmal/produit/zoom/133A79C299237D7021118245D0D00D2E.jpg,,,1000 Artigos,17,1,,,,
48083,5604260323135,1000.0,PorSi,Oleo alimentar,Garrafa de 1 l,1.49,1.49,1000,L,€/L,2024-08-02T23:59:59.999999999+01:00,PROSPECTUS,https://driveimg1.intermarche.com/pt/Content/images/boitmal/produit/zoom/8B2EE5D82D8A9168ABD059EAAC852768.jpg,,,1000 Artigos,17,1,,,,
11640,5601180000993,1000.0,Vigor,Leite pasteurizado gordo,Garrafa de 1 l,0.98,0.98,1000,L,€/L,2024-08-02T23:59:59.999999999+01:00,PROSPECTUS,https://driveimg1.intermarche.com/pt/Content/images/boitmal/produit/zoom/D35A2632D9FCF31B32BD4205099C2552.jpg,,,1000 Artigos,17,1,,,,
11959,5603722504945,200.0,Mimosa,Nata para culinária ligeira,Embalagem de 200 ml,0.84,4.2,200,L,€/L,2024-07-24T23:59:59.999999999+01:00,PROSPECTUS,https://driveimg1.intermarche.com/pt/Content/images/boitmal/produit/zoom/A0377F70E8B13E785737B9E790570BDE.jpg,,,,17,1,,,,
1323,5601163020512,9000.0,Luso,Água s/ gás,Pack 6 x 1.5 l,3.48,0.39,9000,L,€/L,2024-07-24T23:59:59.999999999+01:00,PROSPECTUS,https://driveimg1.intermarche.com/pt/Content/images/boitmal/produit/zoom/571D03B7CBBBB17BF53B16AF9AF5385C.jpg,,,,17,1,,,,
18295,5604260278411,640.0,PorSi,"Iogurte líquido morango/cereais,  4 x 160 g",,1.38,2.16,0,kg,€/Kg,2024-08-02T23:59:59.999999999+01:00,PROSPECTUS,https://driveimg1.intermarche.com/pt/Content/images/boitmal/produit/zoom/E44EF7A495B5D88032D3F10A44D3886E.jpg,,,1000 Artigos,17,1,,,,
18298,5604260278459,640.0,PorSi,"Iogurte líquido morango,  4 x 160 g",,1.38,2.16,0,kg,€/Kg,2024-08-02T23:59:59.999999999+01:00,PROSPECTUS,https://driveimg1.intermarche.com/pt/Content/images/boitmal/produit/zoom/9B284E13E8C95C5E0A5B9E9B9B54FC18.jpg,,,1000 Artigos,17,1,,,,
19447,5604260278473,640.0,PorSi,"Iogurte líquido de frutos vermelhos,  4 x 160 g",,1.38,2.16,0,kg,€/Kg,2024-08-02T23:59:59.999999999+01:00,PROSPECTUS,https://driveimg1.intermarche.com/pt/Content/images/boitmal/produit/zoom/891F6EF8D7281D5B469468F4C3F4A246.jpg,,,1000 Artigos,17,1,,,,
22307,5601019012647,390.0,Guloso,Tomate em pedaços,Embalagem de 390g,1.45,3.72,0,kg,€/Kg,2024-07-24T23:59:59.999999999+01:00,PROSPECTUS,https://driveimg1.intermarche.com/pt/Content/images/boitmal/produit/zoom/4A21D86DB7B874B78F3C53E43852C123.jpg,,,,17,1,,,,
36704,5604260300655,385.0,PorSi,Atum posta ao natural,Lata de 385 g,2.74,7.12,0,kg,€/Kg,2024-08-02T23:59:59.999999999+01:00,PROSPECTUS,https://driveimg1.intermarche.com/pt/Content/images/boitmal/produit/zoom/98B8D8AF95627C26A14A019E67211289.jpg,,,1000 Artigos,17,1,,,,
38560,5601027006447,280.0,Bimbo,Pão de leite 8 un.,Embalagem de 280g,1.99,7.11,0,kg,€/Kg,2024-07-24T23:59:59.999999999+01:00,PROSPECTUS,https://driveimg1.intermarche.com/pt/Content/images/boitmal/produit/zoom/61E1C93727499A77EF100DF4D069FE8B.jpg,https://driveimg1.intermarche.com/pt/Content/images/boitmal/produit/zoom/03428EFF3EBBF0386E77776667460845.jpg,,,17,1,,,,
41719,5604260303793,90.0,PorSi,Saqueta de puré de fruta | maçã + banana,90 g,0.74,8.22,0,kg,€/Kg,2024-08-02T23:59:59.999999999+01:00,PROSPECTUS,https://driveimg1.intermarche.com/pt/Content/images/boitmal/produit/zoom/917C5C6898063E49F7861F32B2346FD5.jpg,,,1000 Artigos,17,1,,,,
45212,5604260313440,,PorSi,Toalhitas Bebé Basic,Embalagem de 72 unidades,0.89,0.89,0,,€/Unidade,2024-08-02T23:59:59.999999999+01:00,PROSPECTUS,https://driveimg1.intermarche.com/pt/Content/images/boitmal/produit/zoom/856ACD070E028237EAE2C96F31396D77.jpg,,,1000 Artigos,17,1,,,,
46216,5603722519925,480.0,Mimosa,"Iogurte batido magro com mirtilos sem lactose, 4 x 120 g",,1.99,4.15,0,kg,€/Kg,2024-07-24T23:59:59.999999999+01:00,PROSPECTUS,https://driveimg1.intermarche.com/pt/Content/images/boitmal/produit/zoom/BB82BE081E1283797B43170E5EC56176.jpg,,,,17,1,,,,
508,3045140105502,100.0,Milka,Tablete chocolate de leite,Embalagem de 100g,1.59,15.9,0,kg,€/Kg,2024-07-24T23:59:59.999999999+01:00,PROSPECTUS,https://driveimg1.intermarche.com/pt/Content/images/boitmal/produit/zoom/913CE6059038FB24D6D6DB0F0F385165.jpg,,,,17,1,,,,
931,5601001228100,300.0,Nestum,Nestum flocos de cereais com mel,Embalagem de 300g,2.24,7.47,0,kg,€/Kg,2024-07-24T23:59:59.999999999+01:00,PROSPECTUS,https://driveimg1.intermarche.com/pt/Content/images/boitmal/produit/zoom/3533A13BC534891673C8C96375839B78.jpg,,,,17,1,,,,
1010,5601038300091,240.0,Knorr,Caldo de galinha 24 cubos,Embalagem de 240g,2.49,10.38,0,kg,€/Kg,2024-08-02T23:59:59.999999999+01:00,PROSPECTUS,https://driveimg1.intermarche.com/pt/Content/images/boitmal/produit/zoom/4EAB67797AD4AB1D62B7E64BA0380D8B.jpg,,,1000 Artigos,17,1,,,,
11641,5601180001020,1000.0,Vigor,Leite pasteurizado meio gordo,Garrafa de 1 l,0.98,0.98,1000,L,€/L,2024-08-02T23:59:59.999999999+01:00,PROSPECTUS,https://driveimg1.intermarche.com/pt/Content/images/boitmal/produit/zoom/27E81D9C59177D8FE66A1E22F472A238.jpg,,,1000 Artigos,17,1,,,,
11755,5601511000623,400.0,Limiano,"Queijo fatias -50% de gordura, 400g",,4.09,10.23,0,kg,€/Kg,2024-07-24T23:59:59.999999999+01:00,PROSPECTUS,https://driveimg1.intermarche.com/pt/Content/images/boitmal/produit/zoom/0ADAA02E1446E8C0B207669B95BD76E3.jpg,,,,17,1,,,,
1188,5601119007970,200.0,Nobre,Salsichas de porco,Lata de 200g,1.39,6.95,0,kg,€/Kg,2024-07-24T23:59:59.999999999+01:00,PROSPECTUS,https://driveimg1.intermarche.com/pt/Content/images/boitmal/produit/zoom/01CF2549C0E08C23060DD310D0C9B5DD.jpg,,,,17,1,,,,
1226,5601146001507,1500.0,Joi,Refrigerante sem gás de manga/laran,"Garrafa de 1,5 l",1.39,0.93,1500,L,€/L,2024-07-24T23:59:59.999999999+01:00,PROSPECTUS,https://driveimg1.intermarche.com/pt/Content/images/boitmal/produit/zoom/1A97DFBCD44C528D834B0680C492C91A.jpg,,,,17,1,,,,
13242,2893227000000,200.0,Peixaria,Robalo de Viveiro,de 200 a 600 g (aprox.),1.16,5.79,0,,€/Kg,2024-07-24T23:59:59.999999999+01:00,PROSPECTUS,https://driveimg1.intermarche.com/pt/Content/images/boitmal/produit/zoom/48561D1FC8B0542874DDBC21F2E9ADCA.jpg,,,,17,1,,,,
13817,2892582000000,250.0,Legumes,Pimento Verde,1 un = 250 gr  (aprox.),0.47,1.89,0,,€/Kg,2024-07-24T23:59:59.999999999+01:00,PROSPECTUS,https://driveimg1.intermarche.com/pt/Content/images/boitmal/produit/zoom/7B3A4CEB1862E90C3453A121EC9872E4.jpg,,,,17,1,,,,
13893,2891043000000,1000.0,Porco,Entrecosto,Vendido ao peso a partir de 1 kg,6.28,6.28,0,,€/Kg,2024-07-24T23:59:59.999999999+01:00,PROSPECTUS,https://driveimg1.intermarche.com/pt/Content/images/boitmal/produit/zoom/AA05EE99D302D59771FCC108473E0700.jpg,,,,17,1,,,,
13897,2891053000000,1000.0,Porco,Lombo sem Osso,Vendido ao peso a partir de 1 kg,5.28,5.28,0,,€/Kg,2024-07-24T23:59:59.999999999+01:00,PROSPECTUS,https://driveimg1.intermarche.com/pt/Content/images/boitmal/produit/zoom/415564DA70574ED3C1D7475F1F28BDB6.jpg,,,,17,1,,,,
1434,5601260037109,1000.0,Cigala,Arroz agulha,Embalagem de 1 kg,1.38,1.38,0,kg,€/Kg,2024-07-24T23:59:59.999999999+01:00,PROSPECTUS,https://driveimg1.intermarche.com/pt/Content/images/boitmal/produit/zoom/9B1F36F6AAAF2732F8672B52B380B44F.jpg,,,,17,1,,,,
1465,5601286234773,250.0,Milaneza,Massa de letras,Embalagem de 250g,0.63,2.52,0,kg,€/Kg,2024-07-24T23:59:59.999999999+01:00,PROSPECTUS,https://driveimg1.intermarche.com/pt/Content/images/boitmal/produit/zoom/B041072B3650057DB6CDC9523E22E29B.jpg,,,,17,1,,,,
15432,2892261000000,1000.0,Fruta,Meloa Gália,1 un = 1 kg (aprox.),1.49,1.49,0,,€/Kg,2024-07-24T23:59:59.999999999+01:00,PROSPECTUS,https://driveimg1.intermarche.com/pt/Content/images/boitmal/produit/zoom/57DEE2C457893F0BD3086DA63F043153.jpg,https://driveimg1.intermarche.com/pt/Content/images/boitmal/produit/zoom/1BEFE2C9741C070DC8FB94F036E807A8.jpg,,,17,1,,,,
16939,7622210475411,171.0,Triunfo,Bolacha digestiva go canela,Embalagem de 170g,1.49,8.71,0,kg,€/Kg,2024-07-24T23:59:59.999999999+01:00,PROSPECTUS,https://driveimg1.intermarche.com/pt/Content/images/boitmal/produit/zoom/C83726E993B61EE08F4E417A24AC0F22.jpg,,,,17,1,,,,
22338,8715700422084,400.0,Heinz,Maionese top down,Garrafa de 400 ml,2.45,6.13,400,L,€/L,2024-07-24T23:59:59.999999999+01:00,PROSPECTUS,https://driveimg1.intermarche.com/pt/Content/images/boitmal/produit/zoom/C7D9780039707961F74CCE9BB4A3738B.jpg,,,,17,1,,,,
2309,5604260271801,2000.0,PorSi,Refrigerante de cola zero,Garrafa de 2 l,0.75,0.38,2000,L,€/L,2024-07-24T23:59:59.999999999+01:00,PROSPECTUS,https://driveimg1.intermarche.com/pt/Content/images/boitmal/produit/zoom/F81DE832EC9948EA24FFE06A8CDD7EE9.jpg,,,,17,1,,,,
251,2696001000000,400.0,Padaria,Baguete,400 g,0.79,1.98,0,kg,€/Kg,2024-07-24T23:59:59.999999999+01:00,PROSPECTUS,https://driveimg1.intermarche.com/pt/Content/images/boitmal/produit/zoom/872B1FA740AE707B5EB206709F5F94A0.jpg,,,,17,1,,,,
36774,5604260300686,640.0,PorSi,"Iogurte liquido stracciatella,  4 x 160 g",,1.28,2.0,0,kg,€/Kg,2024-08-02T23:59:59.999999999+01:00,PROSPECTUS,https://driveimg1.intermarche.com/pt/Content/images/boitmal/produit/zoom/CA76E60A3E29F3063FEC78B659667DD6.jpg,,,1000 Artigos,17,1,,,,
40177,8412600028124,450.0,Bimbo,"Pão massa mãe, 450g",,2.09,4.64,0,kg,€/Kg,2024-07-24T23:59:59.999999999+01:00,PROSPECTUS,https://driveimg1.intermarche.com/pt/Content/images/boitmal/produit/zoom/900995AFBEB3ABFB4AB11A712889A509.jpg,,,,17,1,,,,
41720,5604260303786,90.0,PorSi,Saqueta de puré de fruta | maçã + banana + morango,90 g,0.74,8.22,0,kg,€/Kg,2024-08-02T23:59:59.999999999+01:00,PROSPECTUS,https://driveimg1.intermarche.com/pt/Content/images/boitmal/produit/zoom/D8CF0CCEDABFBBF47BBC90A180FDA1C7.jpg,,,1000 Artigos,17,1,,,,
42625,5604260309832,1000.0,PorSi,Farinha de trigo sem fermento t55,Embalagem de 1 kg,0.69,0.69,0,kg,€/Kg,2024-08-02T23:59:59.999999999+01:00,PROSPECTUS,https://driveimg1.intermarche.com/pt/Content/images/boitmal/produit/zoom/EF956CFC77024866F5D3B9C6A4D0EA3B.jpg,,,1000 Artigos,17,1,,,,
48040,5604260320615,640.0,PorSi Viva Bem,"Iogurte líquido magro frutos vermelhos,  4x160 ml",,1.38,2.16,640,L,€/L,2024-08-02T23:59:59.999999999+01:00,PROSPECTUS,https://driveimg1.intermarche.com/pt/Content/images/boitmal/produit/zoom/FA684AFC50E812150A1E2AF9F6A67F47.jpg,https://driveimg1.intermarche.com/pt/Content/images/boitmal/produit/zoom/8BCFC316C76164C4EB30E1CA8663C5AA.jpg,,1000 Artigos,17,1,,,,
49084,5604260323562,300.0,PorSi,8 rissóis de carne,Embalagem de 300g,1.28,4.27,0,kg,€/Kg,2024-08-02T23:59:59.999999999+01:00,PROSPECTUS,https://driveimg1.intermarche.com/pt/Content/images/boitmal/produit/zoom/217225786E9180EDB8CCAEEA81B08902.jpg,,,1000 Artigos,17,1,,,,
49463,8445290250322,600.0,Nestum,Flocos Cereais Mel,Embalagem de 600g,3.79,6.32,0,kg,€/Kg,2024-08-02T23:59:59.999999999+01:00,PROSPECTUS,https://driveimg1.intermarche.com/pt/Content/images/boitmal/produit/zoom/9F028579C623CFF4FC3FA9CCEB955938.jpg,,,1000 Artigos,17,1,,,,
50657,7622201723767,150.0,Philadelphia,Queijo Creme Regular,Embalagem de 150g,1.83,12.2,0,kg,€/Kg,2024-07-24T23:59:59.999999999+01:00,PROSPECTUS,https://driveimg1.intermarche.com/pt/Content/images/boitmal/produit/zoom/557EC9F2DADB9BBCF07CBF75BC9EC55D.jpg,,,,17,1,,,,
8384,5601049133992,1000.0,Mimosa,Leite uht magro,Embalagem de 1 litro,0.89,0.89,1000,L,€/L,2024-07-24T23:59:59.999999999+01:00,PROSPECTUS,https://driveimg1.intermarche.com/pt/Content/images/boitmal/produit/zoom/F5320FAD88ED459A5E33FEB47EAEF410.jpg,https://driveimg1.intermarche.com/pt/Content/images/boitmal/produit/zoom/8C350978140C257D0AAD7365CD133F0C.jpg,https://driveimg1.intermarche.com/pt/Content/images/boitmal/produit/zoom/B9BED9F397071733FB4D36CBE39ECDBA.jpg,,17,1,,,,
8998,5601511000616,400.0,Limiano,"Queijo em fatias, 400g",,3.99,9.98,0,kg,€/Kg,2024-07-24T23:59:59.999999999+01:00,PROSPECTUS,https://driveimg1.intermarche.com/pt/Content/images/boitmal/produit/zoom/F2A45C587735E27AE71C82EDBAD67D56.jpg,,,,17,1,,,,
9279,5603533652002,1000.0,Frize,Água c/ gás limão,pack 4 x 0.25 l,1.99,1.99,1000,L,€/L,2024-08-02T23:59:59.999999999+01:00,PROSPECTUS,https://driveimg1.intermarche.com/pt/Content/images/boitmal/produit/zoom/5168323A2D812BEF907FCB0E5F1CDA9E.jpg,,,1000 Artigos,17,1,,,,
9311,5603722502064,250.0,Mimosa,Manteiga fácil de barrar,Embalagem de 250g,2.09,8.36,0,kg,€/Kg,2024-07-24T23:59:59.999999999+01:00,PROSPECTUS,https://driveimg1.intermarche.com/pt/Content/images/boitmal/produit/zoom/4BF7FA2397A9EAF9E6403C8BF847293A.jpg,https://driveimg1.intermarche.com/pt/Content/images/boitmal/produit/zoom/A8C47E9F1F12DFE2439D3530C38E2D87.jpg,https://driveimg1.intermarche.com/pt/Content/images/boitmal/produit/zoom/2EE410FD3A0147BBB442FA96902FFF46.jpg,,17,1,,,,
9315,5603722509544,1000.0,Mimosa,Leite 0% lactose magro,Garrafa de 1 l,1.14,1.14,1000,L,€/L,2024-07-24T23:59:59.999999999+01:00,PROSPECTUS,https://driveimg1.intermarche.com/pt/Content/images/boitmal/produit/zoom/F5A14B3D114F4F7D42484C8D1602E358.jpg,https://driveimg1.intermarche.com/pt/Content/images/boitmal/produit/zoom/DC5219EC1E15E09529E323B7D196FADA.jpg,https://driveimg1.intermarche.com/pt/Content/images/boitmal/produit/zoom/DC48BFFA4281D8016E9FB40168ED4485.jpg,,17,1,,,,
10274,8410436242172,1100.0,Sonasol,Lava Tudo Brilhante Floral,"embalagem 1,1L",2.79,2.54,1100,L,€/L,2024-08-02T23:59:59.999999999+01:00,PROSPECTUS,https://driveimg1.intermarche.com/pt/Content/images/boitmal/produit/zoom/45AE65B29796E27661779732657737AC.jpg,,,1000 Artigos,17,1,,,,
1135,5601082022758,250.0,Delta,Café torrado lote chávena máquina,Embalagem de 250g,2.69,10.76,0,kg,€/Kg,2024-07-24T23:59:59.999999999+01:00,PROSPECTUS,https://driveimg1.intermarche.com/pt/Content/images/boitmal/produit/zoom/CD7C2612036EC6C8F8AE6969B5FDE5AD.jpg,,,,17,1,,,,
1146,5601082027029,55.0,Delta Q,Café em cápsulas deqafeitatus,Embalagem de 55 g,3.69,67.09,0,kg,€/Kg,2024-07-24T23:59:59.999999999+01:00,PROSPECTUS,https://driveimg1.intermarche.com/pt/Content/images/boitmal/produit/zoom/28C52B3A2B5D6D42C3DE921BCC460F79.jpg,,,,17,1,,,,
11496,5601049213991,200.0,Mimosa,Nata uht,embalagem de 200 ml,0.84,4.2,200,L,€/L,2024-07-24T23:59:59.999999999+01:00,PROSPECTUS,https://driveimg1.intermarche.com/pt/Content/images/boitmal/produit/zoom/887C5343F4688DBB2FEDBF4E6D25399A.jpg,,,,17,1,,,,
11679,5601241304008,1500.0,Vimeiro,Água com gás,"Garrafa de 1,5 l",0.95,0.63,1500,L,€/L,2024-07-24T23:59:59.999999999+01:00,PROSPECTUS,https://driveimg1.intermarche.com/pt/Content/images/boitmal/produit/zoom/D5394B669005244ED06B2D560AC8ECE7.jpg,https://driveimg1.intermarche.com/pt/Content/images/boitmal/produit/zoom/A1ED6D2563FED7230A961EB3C507B877.jpg,https://driveimg1.intermarche.com/pt/Content/images/boitmal/produit/zoom/A1ED6D2563FED7230A961EB3C507B877.jpg,,17,1,,,,
11942,5603533492202,1000.0,Frize,Água c/ gás groselha,pack 4 x 0.25 l,1.99,1.99,1000,L,€/L,2024-08-02T23:59:59.999999999+01:00,PROSPECTUS,https://driveimg1.intermarche.com/pt/Content/images/boitmal/produit/zoom/1BCB2445A8F41EC02B613ABED34EE191.jpg,,,1000 Artigos,17,1,,,,
1296,5601151543306,1000.0,Compal,Néctar de pera,Embalagem de 1 l,1.09,1.09,1000,L,€/L,2024-07-24T23:59:59.999999999+01:00,PROSPECTUS,https://driveimg1.intermarche.com/pt/Content/images/boitmal/produit/zoom/FF128F0B6279B1B088FCD71AE0426649.jpg,,,,17,1,,,,
13048,2893561000000,250.0,Marisco,Ameijoa Branca Vietnamita Congelada,Vendido a partir de 250 gr  (aprox.),0.5,1.99,0,,€/Kg,2024-07-24T23:59:59.999999999+01:00,PROSPECTUS,https://driveimg1.intermarche.com/pt/Content/images/boitmal/produit/zoom/87AAE93BFC6F911123DE0600840801E2.jpg,,,Avantages !,17,1,,,,
1315,5601151983508,1250.0,Seven-up,Refrigerante com Gás Lima Limão,"Garrafa de 1,25 l",1.19,0.95,1250,L,€/L,2024-08-02T23:59:59.999999999+01:00,PROSPECTUS,https://driveimg1.intermarche.com/pt/Content/images/boitmal/produit/zoom/D7ADD067C52BBE29F907539EA3813D05.jpg,,,1000 Artigos,17,1,,,,
1328,5601165005760,20.0,Lipton,10 saquetas infusão de cidreira,Embalagem de 20g,0.74,37.0,0,kg,€/Kg,2024-07-24T23:59:59.999999999+01:00,PROSPECTUS,https://driveimg1.intermarche.com/pt/Content/images/boitmal/produit/zoom/CD0E912EDCBC0F88CCB88A275A3DBF8A.jpg,,,,17,1,,,,
1458,5601286220783,500.0,Milaneza,Massa de cotovelos grossos,Embalagem de 500g,1.09,2.18,0,kg,€/Kg,2024-07-24T23:59:59.999999999+01:00,PROSPECTUS,https://driveimg1.intermarche.com/pt/Content/images/boitmal/produit/zoom/3227F59B4850D93351548A67BD46CA40.jpg,,,,17,2,,,,
1467,5601286236784,500.0,Milaneza,Massa de espirais,Embalagem de 500g,1.04,2.08,0,kg,€/Kg,2024-07-24T23:59:59.999999999+01:00,PROSPECTUS,https://driveimg1.intermarche.com/pt/Content/images/boitmal/produit/zoom/75C555C38AA58E95CAD2174BF2E349D1.jpg,,,,17,2,,,,
1471,5601286254788,500.0,Milaneza,Massa macarronete grande,Embalagem de 500g,1.19,2.38,0,kg,€/Kg,2024-07-24T23:59:59.999999999+01:00,PROSPECTUS,https://driveimg1.intermarche.com/pt/Content/images/boitmal/produit/zoom/ECCE0C4A0B77E8669302DA27C5B102B0.jpg,,,,17,2,,,,
15503,8410500018931,400.0,Danonino Danone,"Iogurte líquido danonino tutti-frutti,  4 x 100 g",,1.99,4.98,0,kg,€/Kg,2024-07-24T23:59:59.999999999+01:00,PROSPECTUS,https://driveimg1.intermarche.com/pt/Content/images/boitmal/produit/zoom/E9A644740B00EFD95B05B4DA40640B6A.jpg,,,,17,2,,,,
15687,5000116109234,700.0,Iglo,Ervilhas,Embalagem de 700g,2.98,4.26,0,kg,€/Kg,2024-08-02T23:59:59.999999999+01:00,PROSPECTUS,https://driveimg1.intermarche.com/pt/Content/images/boitmal/produit/zoom/71AD6BFBFF464D2A1A4DF7364A6C0B7A.jpg,,,1000 Artigos,17,2,,,,
15767,2892306000000,150.0,Fruta,Pêssego Vermelho Paraguaio,1 un = 150 gr (aprox.),0.28,1.89,0,,€/Kg,2024-07-24T23:59:59.999999999+01:00,PROSPECTUS,https://driveimg1.intermarche.com/pt/Content/images/boitmal/produit/zoom/9005EDA76D054A9925A65C66022A136F.jpg,,,,17,2,,,,
17114,5000116110148,320.0,Capitão Iglo,4 hamburguers vaca s/ glúten,Embalagem de 320g,3.99,12.47,0,kg,€/Kg,2024-08-02T23:59:59.999999999+01:00,PROSPECTUS,https://driveimg1.intermarche.com/pt/Content/images/boitmal/produit/zoom/8E7F8CBEF475C7DF0459EA1D70B35576.jpg,,,1000 Artigos,17,2,,,,
17892,5601082039800,220.0,Delta Q,Café xl qalidus cápsulas,Embalagem de 220g,14.99,68.14,0,kg,€/Kg,2024-08-02T23:59:59.999999999+01:00,PROSPECTUS,https://driveimg1.intermarche.com/pt/Content/images/boitmal/produit/zoom/366FA5D4E032D6F1950F570ABB5EB801.jpg,,,1000 Artigos,17,2,,,,
18973,3250391024759,200.0,Labell Men,"Desodorizante spray tonic, 200 ml",,1.39,6.95,200,L,€/L,2024-07-24T23:59:59.999999999+01:00,PROSPECTUS,https://driveimg1.intermarche.com/pt/Content/images/boitmal/produit/zoom/7365534ACFC2CC331B5D23EA2675C21A.jpg,,,,17,2,,,,
19872,3600541921252,200.0,Ambre Solaire,Protector Solar Clássico FPS 30,Embalagem de 200 ml,9.59,47.95,200,L,€/L,2024-08-07T23:59:59.999999999+01:00,PROSPECTUS,https://driveimg1.intermarche.com/pt/Content/images/boitmal/produit/zoom/34AF72C47D3763838528A15090C7FD3B.jpg,,,,17,2,,,,
20221,8410500020071,480.0,Danone,"Iogurte activia aveia nozes,  4 x 120 g",,2.39,4.98,0,kg,€/Kg,2024-07-24T23:59:59.999999999+01:00,PROSPECTUS,https://driveimg1.intermarche.com/pt/Content/images/boitmal/produit/zoom/E3646F8812C5353023D3951FE268028D.jpg,,,,17,2,,,,
20632,5601286260321,500.0,Milaneza,Massa espirais wok,Embalagem de 500g,1.39,2.78,0,kg,€/Kg,2024-07-24T23:59:59.999999999+01:00,PROSPECTUS,https://driveimg1.intermarche.com/pt/Content/images/boitmal/produit/zoom/3B646C4D0C250D4E1E22A7FD971BAC7F.jpg,,,,17,2,,,,
20869,3250391462339,200.0,Labell,"Desodorizante spray, Lys e Aloe Vera",Embalagem de 200 ml,1.39,6.95,200,L,€/L,2024-07-24T23:59:59.999999999+01:00,PROSPECTUS,https://driveimg1.intermarche.com/pt/Content/images/boitmal/produit/zoom/B4B4929EADFE364450419D3D451A0F88.jpg,,,,17,2,,,,
2749,8410063046532,350.0,Pescanova,Miolo de camarão 80/100,Embalagem de 350g,6.99,19.97,0,kg,€/Kg,2024-07-24T23:59:59.999999999+01:00,PROSPECTUS,https://driveimg1.intermarche.com/pt/Content/images/boitmal/produit/zoom/B1D2AEF816246B4D1E4F3A2363606A04.jpg,,,Tipo de stockagem,17,2,,,,
29180,4005900512925,400.0,Nivea Sun,Protetor Solar Protect&Moisture FP50+,1 Embalagem 400ml,16.19,40.48,400,L,€/L,2024-08-07T23:59:59.999999999+01:00,PROSPECTUS,https://driveimg1.intermarche.com/pt/Content/images/boitmal/produit/zoom/398DA35316985F187E75EF0884CEF41A.jpg,,,,17,2,,,,
29374,5601146530304,500.0,Bandida do Pomar,Sidra maçã,Lata de 500 ml,1.19,2.38,500,L,€/L,2024-07-24T23:59:59.999999999+01:00,PROSPECTUS,https://driveimg1.intermarche.com/pt/Content/images/boitmal/produit/zoom/57CDF902BE68D0923B8FF79F40E5361C.jpg,,,,17,2,,,,
29738,8410436324533,1300.0,Sonasol,Lava Tudo Flores Montanha,1.3 l,2.09,1.61,1300,L,€/L,2024-08-02T23:59:59.999999999+01:00,PROSPECTUS,https://driveimg1.intermarche.com/pt/Content/images/boitmal/produit/zoom/619CC29EDCFB8BA35BEA4FA4EA1CE5DD.jpg,,,1000 Artigos,17,2,,,,
30047,5602384002172,200.0,Santiago,Queijo quark,Embalagem de 200g,1.09,5.45,0,kg,€/Kg,2024-07-24T23:59:59.999999999+01:00,PROSPECTUS,https://driveimg1.intermarche.com/pt/Content/images/boitmal/produit/zoom/385AA86B61C66F705582508F7B5E2649.jpg,,,,17,2,,,,
31327,5601286260444,500.0,Milaneza,Esparguete integral com aveia,Embalagem de 500g,1.39,2.78,0,kg,€/Kg,2024-07-24T23:59:59.999999999+01:00,PROSPECTUS,https://driveimg1.intermarche.com/pt/Content/images/boitmal/produit/zoom/ED109D373D309526BEFD47862BA4E84B.jpg,,,,17,2,,,,
31551,8414100333241,250.0,Schweppes,Schweppes tónica zero,Garrafa de 250 ml,0.71,2.84,250,L,€/L,2024-07-24T23:59:59.999999999+01:00,PROSPECTUS,https://driveimg1.intermarche.com/pt/Content/images/boitmal/produit/zoom/7D3CDC1738B0F685E19A0F0C867F8751.jpg,,,,17,2,,,,
32408,5601050034967,600.0,Danone,"Danacol aveia,  6 x 100 g",,2.99,4.98,0,kg,€/Kg,2024-07-24T23:59:59.999999999+01:00,PROSPECTUS,https://driveimg1.intermarche.com/pt/Content/images/boitmal/produit/zoom/D8B4CB4708653F3D4BB9B148DB6D8336.jpg,,,,17,2,,,,
34598,5600376210192,250.0,Pasta do Dia,Folhas para Lasanha,Embalagem de 250g,1.9,7.6,0,kg,€/Kg,2024-07-24T23:59:59.999999999+01:00,PROSPECTUS,https://driveimg1.intermarche.com/pt/Content/images/boitmal/produit/zoom/EBAC9FC3B3986A432A1014DAEBFBBBF2.jpg,,,,17,2,,,,
36186,8715700017006,570.0,Heinz,Ketchup top down,570 g,3.24,5.68,0,kg,€/Kg,2024-07-24T23:59:59.999999999+01:00,PROSPECTUS,https://driveimg1.intermarche.com/pt/Content/images/boitmal/produit/zoom/2F0051DF72DD89785E2C6DCA29709EEB.jpg,,,,17,2,,,,
38148,5603722519123,1000.0,Milhafre,Leite de Pastagem Biológico Meio Gordo,1 litro,1.17,1.17,1000,L,€/L,2024-07-24T23:59:59.999999999+01:00,PROSPECTUS,https://driveimg1.intermarche.com/pt/Content/images/boitmal/produit/zoom/2257B1DDB3999CD244A662F9C30070FE.jpg,,,Produtos Bio,17,2,,,,
39904,5604321030002,350.0,Cemporcento,A granola + deliciosa cereais dourados,Embalagem de 350g,2.24,6.4,0,kg,€/Kg,2024-07-24T23:59:59.999999999+01:00,PROSPECTUS,https://driveimg1.intermarche.com/pt/Content/images/boitmal/produit/zoom/DE51E9AFC73A0E815940FAA3BC77C411.jpg,,,,17,2,,,,
40769,5604260301942,300.0,PorSi,Comida húmida para cão,Embalagem de 300 g,0.75,2.5,0,kg,€/Kg,2024-08-02T23:59:59.999999999+01:00,PROSPECTUS,https://driveimg1.intermarche.com/pt/Content/images/boitmal/produit/zoom/D90B7AD78A8FE4F93D83927A0C609BE3.jpg,,,1000 Artigos,17,2,,,,
41384,5601050036602,440.0,Danone,"Iogurte grego oikos stracciatella,  4 x 110 g",,1.99,4.52,0,kg,€/Kg,2024-08-02T23:59:59.999999999+01:00,PROSPECTUS,https://driveimg1.intermarche.com/pt/Content/images/boitmal/produit/zoom/A0A6F59B7D5832D67ED1CDB718D78849.jpg,,,1000 Artigos,17,2,,,,
41718,5604260303823,90.0,PorSi,Saqueta de puré de fruta | maçã + manga + pêssego,90 g,0.74,8.22,0,kg,€/Kg,2024-08-02T23:59:59.999999999+01:00,PROSPECTUS,https://driveimg1.intermarche.com/pt/Content/images/boitmal/produit/zoom/002C0AF35BCBB9E50AC34B89735CDC2C.jpg,,,1000 Artigos,17,2,,,,
41774,5604260306718,160.0,PorSi,"Iogurte líquido melão/melancia ,  4x160 ml",,1.38,8.63,160,L,€/L,2024-08-02T23:59:59.999999999+01:00,PROSPECTUS,https://driveimg1.intermarche.com/pt/Content/images/boitmal/produit/zoom/0E8861A4B45608B579787598A7F28EF0.jpg,,,1000 Artigos,17,2,,,,
43519,3600542326414,400.0,Garnier,"Água micelar com rosas pele baça e sensível, 400 ml",,5.19,12.98,400,L,€/L,2024-07-24T23:59:59.999999999+01:00,PROSPECTUS,https://driveimg1.intermarche.com/pt/Content/images/boitmal/produit/zoom/0995394C22262F09412AE81F43A40C2F.jpg,,,,17,2,,,,
43520,8411300478116,400.0,Elvive,Champô argila cabelos normais,Embalagem com 400ml,3.99,9.98,400,L,€/L,2024-07-24T23:59:59.999999999+01:00,PROSPECTUS,https://driveimg1.intermarche.com/pt/Content/images/boitmal/produit/zoom/4FA9549FFEB000EE016E8AB88BD8B66F.jpg,,,,17,2,,,,
49479,5601151969465,1750.0,Sumol,Refrigerante com Gás Laranja Sem Açúcar,Garrafa de 1.75 l,1.39,0.79,1750,L,€/L,2024-08-02T23:59:59.999999999+01:00,PROSPECTUS,https://driveimg1.intermarche.com/pt/Content/images/boitmal/produit/zoom/B1A5F916FFA77C7E7F9A1CB0E85C459E.jpg,,,1000 Artigos,17,2,,,,
49480,5601151969458,1750.0,Sumol,Refrigerante com Gás Ananás Sem Açúcar,Garrafa de 1.75 l,1.39,0.79,1750,L,€/L,2024-08-02T23:59:59.999999999+01:00,PROSPECTUS,https://driveimg1.intermarche.com/pt/Content/images/boitmal/produit/zoom/4A159117E2730F166C16E5A6DF517C87.jpg,,,1000 Artigos,17,2,,,,
50389,8445290351401,,Nescafé,Cápsulas Café Sical Extra Creme Int. 7,Embalagem de 30 unidades,8.99,8.99,30,,€/Unidade,2024-08-02T23:59:59.999999999+01:00,PROSPECTUS,https://driveimg1.intermarche.com/pt/Content/images/boitmal/produit/zoom/D965C0B28E0B826E88C1C747AF626B8F.jpg,,,1000 Artigos,17,2,,,,
5096,5601050026429,300.0,Danonino Danone,"Queijinho danonino petitdino de morango/banana,  6 x 50 g",,1.99,6.63,0,kg,€/Kg,2024-07-24T23:59:59.999999999+01:00,PROSPECTUS,https://driveimg1.intermarche.com/pt/Content/images/boitmal/produit/zoom/FA8D1A9125B498992C62B9745CC5DD3D.jpg,,,,17,2,,,,
51683,5604260326976,500.0,Labell,Champô 5 plantas cabelos normais,Embalagem de 500 ml,2.79,5.58,500,L,€/L,2024-07-24T23:59:59.999999999+01:00,PROSPECTUS,https://driveimg1.intermarche.com/pt/Content/images/boitmal/produit/zoom/751043CEDFD6037E97E2AC818C9CA692.jpg,,,,17,2,,,,
52758,5604260329601,200.0,PorSi Viva Bem,"Iogurte Proteico Figo e Mel Sem Lactose,  200g",,0.98,4.9,0,kg,€/Kg,2024-08-02T23:59:59.999999999+01:00,PROSPECTUS,https://driveimg1.intermarche.com/pt/Content/images/boitmal/produit/zoom/404D41F5B1208431BF169CB7EE17F294.jpg,,,1000 Artigos,17,2,,,,
52759,5604260329618,200.0,PorSi Viva Bem,"Iogurte Proteico Ginja Sem Lactose,  200g",,0.98,4.9,0,kg,€/Kg,2024-08-02T23:59:59.999999999+01:00,PROSPECTUS,https://driveimg1.intermarche.com/pt/Content/images/boitmal/produit/zoom/648E07F12835F0B056FE04BD0061A4C2.jpg,,,1000 Artigos,17,2,,,,
6361,8410108088886,,Evax,"Pensos diários salva slip, maxi",72 unidades,3.79,3.79,0,,€/Unidade,2024-07-24T23:59:59.999999999+01:00,PROSPECTUS,https://driveimg1.intermarche.com/pt/Content/images/boitmal/produit/zoom/04C43DF34CCFC7ECACB2FD78623C223E.jpg,,,,17,2,,,,
6818,8712566118625,390.0,Olá,Gelado supermaxi,Embalagem de 6 x 65 ml,3.09,7.92,390,L,€/L,2024-08-02T23:59:59.999999999+01:00,PROSPECTUS,https://driveimg1.intermarche.com/pt/Content/images/boitmal/produit/zoom/EDD74C84414985483D339FDE915214FB.jpg,https://driveimg1.intermarche.com/pt/Content/images/boitmal/produit/zoom/C78EEEF4719F48D1D9E8F75D0F700815.jpg,https://driveimg1.intermarche.com/pt/Content/images/boitmal/produit/zoom/C78EEEF4719F48D1D9E8F75D0F700815.jpg,1000 Artigos,17,2,,,,
7718,4005900019158,250.0,Nivea Men,Champô Anti-Caspa Power,Embalagem de 250 ml,2.69,10.76,250,L,€/L,2024-07-24T23:59:59.999999999+01:00,PROSPECTUS,https://driveimg1.intermarche.com/pt/Content/images/boitmal/produit/zoom/787AC4B07A1BF209EB450B88F2C510E1.jpg,,,,17,2,,,,
8396,5601049614330,250.0,Milhafre,Manteiga com sal,Embalagem de 250g,1.99,7.96,0,kg,€/Kg,2024-07-24T23:59:59.999999999+01:00,PROSPECTUS,https://driveimg1.intermarche.com/pt/Content/images/boitmal/produit/zoom/8DCB9F2F3B36086D35B7173891ABA268.jpg,,,,17,2,,,,
8658,5601163101716,3000.0,Luso,Água sem gás,pack 6 x 0.5 l,2.59,0.86,3000,L,€/L,2024-07-24T23:59:59.999999999+01:00,PROSPECTUS,https://driveimg1.intermarche.com/pt/Content/images/boitmal/produit/zoom/7DE0FF5737733513F14135E2CA47ED18.jpg,,,,17,2,,,,
9299,5603722497254,1500.0,Pleno,"Tisana Chá de Cidreira e Tília, garrafa de 1,5 l",,1.59,1.06,1500,L,€/L,2024-07-24T23:59:59.999999999+01:00,PROSPECTUS,https://driveimg1.intermarche.com/pt/Content/images/boitmal/produit/zoom/E209EEA7F7A7AFC654DB8AF682E8C159.jpg,,,,17,2,,,,
9300,5603722497261,1500.0,Pleno,Tisana chá verde/limão,"Garrafa de 1,5 l",1.59,1.06,1500,L,€/L,2024-07-24T23:59:59.999999999+01:00,PROSPECTUS,https://driveimg1.intermarche.com/pt/Content/images/boitmal/produit/zoom/63B46E2B2042FC121A0C4D7D5A49ED19.jpg,,,,17,2,,,,
962,5601019012517,210.0,Guloso,Passata de Manjericão e Oregãos,Embalagem de 210g,0.74,3.52,0,kg,€/Kg,2024-07-24T23:59:59.999999999+01:00,PROSPECTUS,https://driveimg1.intermarche.com/pt/Content/images/boitmal/produit/zoom/EE291078DA7B0DBA3843A375150D086A.jpg,,,,17,2,,,,
974,5601024105051,3000.0,Fula,Óleo alimentar,Embalagem 3L,5.85,1.95,3000,L,€/L,2024-08-02T23:59:59.999999999+01:00,PROSPECTUS,https://driveimg1.intermarche.com/pt/Content/images/boitmal/produit/zoom/E8988831656F5EAF04A94786E82867B7.jpg,,,1000 Artigos,17,2,,,,
980,5601024134488,750.0,Oliveira da Serra,Azeite virgem extra clássico,Embalagem de 750 ml,8.79,11.72,750,L,€/L,2024-08-02T23:59:59.999999999+01:00,PROSPECTUS,https://driveimg1.intermarche.com/pt/Content/images/boitmal/produit/zoom/01EF39EFE8396CC9ACA95DC25E9D3412.jpg,,,1000 Artigos,17,2,,,,
9860,5998749117774,60.0,Catisfactions,Snack para gato,Embalagem de 60g,1.69,28.17,0,kg,€/Kg,2024-08-02T23:59:59.999999999+01:00,PROSPECTUS,https://driveimg1.intermarche.com/pt/Content/images/boitmal/produit/zoom/7959C16D36E6FB98E4D26D4979458461.jpg,,,1000 Artigos,17,2,,,,
10095,8435257040899,640.0,Nestlé,"Iogurte líquido yoggi morango,  4 x 160 g",,1.99,3.11,0,kg,€/Kg,2024-07-24T23:59:59.999999999+01:00,PROSPECTUS,https://driveimg1.intermarche.com/pt/Content/images/boitmal/produit/zoom/F1F347BA34EB28F1148C3C442A42CC17.jpg,,,,17,2,,,,
10280,8410469002781,,Colhogar,Papel Higiénico Compacto Ultra Suave XXL,12 rolos,5.22,5.22,0,,€/Unidade,2024-07-24T23:59:59.999999999+01:00,PROSPECTUS,https://driveimg1.intermarche.com/pt/Content/images/boitmal/produit/zoom/30179BA84D6B6F4E974659F949EB4EB0.jpg,,,,17,2,,,,
10509,8435250297955,256.0,Nestlé,"Iogurte mix-in smarties baunilha,  2 x 128 g",,1.99,7.77,0,kg,€/Kg,2024-08-02T23:59:59.999999999+01:00,PROSPECTUS,https://driveimg1.intermarche.com/pt/Content/images/boitmal/produit/zoom/4FC6F733C531A7A948940F213F0E604D.jpg,,,1000 Artigos,17,2,,,,
10513,8435250439591,236.0,Nestlé,"Iogurte mix-in chocapic,  2 x 118 g",,1.99,8.43,0,kg,€/Kg,2024-08-02T23:59:59.999999999+01:00,PROSPECTUS,https://driveimg1.intermarche.com/pt/Content/images/boitmal/produit/zoom/0789BA3D2E6EA8E7B9EBDD728E77A7C3.jpg,,,1000 Artigos,17,2,,,,
10669,8714789703046,360.0,Palmolive,Sabonete sensitive,Embalagem de 4x90 g,3.39,9.42,0,kg,€/Kg,2024-07-24T23:59:59.999999999+01:00,PROSPECTUS,https://driveimg1.intermarche.com/pt/Content/images/boitmal/produit/zoom/E1B6CB90823C0471DEECAE12A1EACB59.jpg,,,,17,2,,,,
10823,2895063000000,250.0,Castelões,Queijo Curado kg,1 un = 250 gr  (aprox.),2.75,10.99,0,,€/Kg,2024-07-24T23:59:59.999999999+01:00,PROSPECTUS,https://driveimg1.intermarche.com/pt/Content/images/boitmal/produit/zoom/75B6363D9B6BD363EA11623977BF1CB2.jpg,,,,17,2,,,,
11501,5601049612084,130.0,Mimosa,Manteiga com sal,Embalagem de 130g,1.29,9.92,0,kg,€/Kg,2024-07-24T23:59:59.999999999+01:00,PROSPECTUS,https://driveimg1.intermarche.com/pt/Content/images/boitmal/produit/zoom/DC7A16E0542B828D039563A6AD9E73FE.jpg,https://driveimg1.intermarche.com/pt/Content/images/boitmal/produit/zoom/1207D37BB442FDD5C918BE023189F00C.jpg,,,17,2,,,,
11672,5601217126399,1650.0,Woolite,Detergente líquido p/ máquina lavar roupa cores escuras,"Garrafa de 1,65 l",6.99,4.24,1650,L,€/L,2024-08-02T23:59:59.999999999+01:00,PROSPECTUS,https://driveimg1.intermarche.com/pt/Content/images/boitmal/produit/zoom/F70AD128C36B39364F81379E51C417C0.jpg,,,1000 Artigos,17,2,,,,
11678,5601241111101,1500.0,Vimeiro,Água com gás,pack 6 x 0.25 l,2.54,1.69,1500,L,€/L,2024-07-24T23:59:59.999999999+01:00,PROSPECTUS,https://driveimg1.intermarche.com/pt/Content/images/boitmal/produit/zoom/90508B8C757AA55ED6AEE764F3545FFC.jpg,https://driveimg1.intermarche.com/pt/Content/images/boitmal/produit/zoom/EC75CB9E6EC1DB17A2DC9CE489CBA459.jpg,,,17,2,,,,
11922,5603089001125,200.0,Parmalat,Molho bechamel,Embalagem de 200 ml,0.99,4.95,200,L,€/L,2024-07-24T23:59:59.999999999+01:00,PROSPECTUS,https://driveimg1.intermarche.com/pt/Content/images/boitmal/produit/zoom/9C3458C8BB2A370E8731689890BBDCF8.jpg,,,,17,2,,,,
11950,5603722495106,200.0,Mimosa,Nata uht light,Embalagem de 200 ml,0.84,4.2,200,L,€/L,2024-07-24T23:59:59.999999999+01:00,PROSPECTUS,https://driveimg1.intermarche.com/pt/Content/images/boitmal/produit/zoom/6E7D8A653C78B6ADF8DDAFC11006499D.jpg,,,,17,2,,,,
11961,5603722505607,1000.0,Mimosa,Leite s/ lactose meio gordo,Garrafa de 1 l,1.14,1.14,1000,L,€/L,2024-07-24T23:59:59.999999999+01:00,PROSPECTUS,https://driveimg1.intermarche.com/pt/Content/images/boitmal/produit/zoom/B50AD06E1D69691E134268704FD849E5.jpg,https://driveimg1.intermarche.com/pt/Content/images/boitmal/produit/zoom/4E57BFE09E8D859BDBE1705476BB9F1B.jpg,https://driveimg1.intermarche.com/pt/Content/images/boitmal/produit/zoom/E1F70144AAFCC0EAEBFF05614177D009.jpg,,17,2,,,,
11963,5603722505775,250.0,Mimosa,Manteiga sem sal,Embalagem de 250g,1.99,7.96,0,kg,€/Kg,2024-07-24T23:59:59.999999999+01:00,PROSPECTUS,https://driveimg1.intermarche.com/pt/Content/images/boitmal/produit/zoom/328B59C6E2944F7ED81679344E5E6191.jpg,https://driveimg1.intermarche.com/pt/Content/images/boitmal/produit/zoom/1EA90F949357E7F98D48732996035C6E.jpg,https://driveimg1.intermarche.com/pt/Content/images/boitmal/produit/zoom/1F0AD169BB42B947BB5B96F6E89FDECD.jpg,,17,2,,,,
11985,5603802400198,750.0,Fiuza,Vinho regional tejo 3 castas branco,Garrafa de 750 ml,2.99,3.99,750,L,€/L,2024-07-24T23:59:59.999999999+01:00,PROSPECTUS,https://driveimg1.intermarche.com/pt/Content/images/boitmal/produit/zoom/5B8A7B81CE5AA33DE73821DE6AB9360E.jpg,,,,17,2,,,,
12168,5604575110024,750.0,Cabriz,Vinho tinto doc dão,Garrafa de 0.75 l,3.99,5.32,750,L,€/L,2024-08-02T23:59:59.999999999+01:00,PROSPECTUS,https://driveimg1.intermarche.com/pt/Content/images/boitmal/produit/zoom/A3374E31A2BF8230054ADB4C2C4F8376.jpg,https://driveimg1.intermarche.com/pt/Content/images/boitmal/produit/zoom/B79B99AC1459B8F6165E16A7A5B65E9E.jpg,https://driveimg1.intermarche.com/pt/Content/images/boitmal/produit/zoom/B79B99AC1459B8F6165E16A7A5B65E9E.jpg,1000 Artigos,17,2,,,,
12230,7613034192264,250.0,Cerelac,Papa infantil para preparar com leite +6 meses,Embalagem de 250g,1.84,7.36,0,kg,€/Kg,2024-07-24T23:59:59.999999999+01:00,PROSPECTUS,https://driveimg1.intermarche.com/pt/Content/images/boitmal/produit/zoom/9FAA017CC3BC08A98F0EF54D61B67C5D.jpg,,,,17,2,,,,
1225,5601146000319,500.0,Sagres,Cerveja com álcool,Lata de 500ml,0.79,1.58,500,L,€/L,2024-07-24T23:59:59.999999999+01:00,PROSPECTUS,https://driveimg1.intermarche.com/pt/Content/images/boitmal/produit/zoom/5AA9837C7EA7B15D1FA47AC69F3D8222.jpg,,,,17,2,,,,
12468,8435250439584,256.0,Nestlé,"Iogurte mix-in smarties morango,  2 x 128 g",,1.99,7.77,0,kg,€/Kg,2024-08-02T23:59:59.999999999+01:00,PROSPECTUS,https://driveimg1.intermarche.com/pt/Content/images/boitmal/produit/zoom/A56FAF9000F1827F93D14D3DAF96AF68.jpg,,,1000 Artigos,17,2,,,,
12588,3250391548583,250.0,Labell,Leite desmaquilhante para peles secas,Embalagem de 250 ml,1.15,4.6,250,L,€/L,2024-07-24T23:59:59.999999999+01:00,PROSPECTUS,https://driveimg1.intermarche.com/pt/Content/images/boitmal/produit/zoom/D04D4462015B73B8E1620932AC8D47AB.jpg,,,,17,2,,,,
13094,2893070000000,150.0,Peixaria,Carapau Médio Fresco,1 un = 150 gr (aprox.),0.6,3.99,0,,€/Kg,2024-07-24T23:59:59.999999999+01:00,PROSPECTUS,https://driveimg1.intermarche.com/pt/Content/images/boitmal/produit/zoom/5561FF39144D34B65C5FB553D6B1F100.jpg,,,,17,2,,,,
1322,5601163011114,5400.0,Luso,Água s/ gás,"Garrafa de 5,4 l",1.59,0.29,5400,L,€/L,2024-07-24T23:59:59.999999999+01:00,PROSPECTUS,https://driveimg1.intermarche.com/pt/Content/images/boitmal/produit/zoom/4B414C742356ECF49B4C0D49D2F721F7.jpg,,,,17,2,,,,
1325,5601163120816,750.0,Luso,Água sem Gás,"Garrafa de 0,75 l",0.68,0.91,750,L,€/L,2024-07-24T23:59:59.999999999+01:00,PROSPECTUS,https://driveimg1.intermarche.com/pt/Content/images/boitmal/produit/zoom/EB855E4D33D4EACCD13F74886B7162B5.jpg,,,,17,2,,,,
13511,2893503000000,350.0,Nossa Seleção,Camarão Tigre Congelado 20/30,,3.85,10.99,0,,€/Kg,2024-07-24T23:59:59.999999999+01:00,PROSPECTUS,https://driveimg1.intermarche.com/pt/Content/images/boitmal/produit/zoom/32AD623A665DFFC0F40D8371091C399B.jpg,,,Avantages !,17,2,,,,
13567,2893562000000,250.0,Marisco,Ameijoa Castanha Vietnamita Congelada,Venda ao Kilo,0.75,2.99,0,,€/Kg,2024-07-24T23:59:59.999999999+01:00,PROSPECTUS,https://driveimg1.intermarche.com/pt/Content/images/boitmal/produit/zoom/33CC3279E2741F227440A7AFDC3AEEF9.jpg,,,Avantages !,17,2,,,,
13585,2893580000000,250.0,Marisco,Gambão Congelado 20/30,Vendido a partir de 250 (aprox.),2.2,8.79,0,,€/Kg,2024-07-24T23:59:59.999999999+01:00,PROSPECTUS,https://driveimg1.intermarche.com/pt/Content/images/boitmal/produit/zoom/FBF44724042B73F1218C70BB4977864A.jpg,,,Avantages !,17,2,,,,
1452,5601286205780,500.0,Milaneza,Massa talharim,Embalagem de 500g,1.38,2.76,0,kg,€/Kg,2024-07-24T23:59:59.999999999+01:00,PROSPECTUS,https://driveimg1.intermarche.com/pt/Content/images/boitmal/produit/zoom/31F09B87E10DDA3B38922FB84E4949A1.jpg,,,,17,2,,,,
1454,5601286210104,500.0,Milaneza,Massa meada fina,Embalagem de 500g,1.25,2.5,0,kg,€/Kg,2024-07-24T23:59:59.999999999+01:00,PROSPECTUS,https://driveimg1.intermarche.com/pt/Content/images/boitmal/produit/zoom/D8E1FC17145BED293486A44189F81BB0.jpg,,,,17,2,,,,
1463,5601286232779,250.0,Milaneza,Massa pevide,Embalagem de 250g,0.63,2.52,0,kg,€/Kg,2024-07-24T23:59:59.999999999+01:00,PROSPECTUS,https://driveimg1.intermarche.com/pt/Content/images/boitmal/produit/zoom/EBAFF1FEDF33318543096DA417AD4777.jpg,,,,17,2,,,,
1464,5601286233776,250.0,Milaneza,Massa de bagos,Embalagem de 250g,0.63,2.52,0,kg,€/Kg,2024-07-24T23:59:59.999999999+01:00,PROSPECTUS,https://driveimg1.intermarche.com/pt/Content/images/boitmal/produit/zoom/94A5C2AC0EA7E97B0F5832D0BD95AE7F.jpg,,,,17,2,,,,
1466,5601286235770,250.0,Milaneza,Massa cuscus,Embalagem de 250g,0.63,2.52,0,kg,€/Kg,2024-07-24T23:59:59.999999999+01:00,PROSPECTUS,https://driveimg1.intermarche.com/pt/Content/images/boitmal/produit/zoom/C88D2492C00ABAD0495ACF6CE8960CC4.jpg,,,,17,2,,,,
1469,5601286251787,500.0,Milaneza,Massa de macarrão,Embalagem de 500g,1.04,2.08,0,kg,€/Kg,2024-07-24T23:59:59.999999999+01:00,PROSPECTUS,https://driveimg1.intermarche.com/pt/Content/images/boitmal/produit/zoom/23F94F5EC15597A4AB9A1FC4C5526842.jpg,,,,17,2,,,,
1470,5601286253781,500.0,Milaneza,Massa de macarrão grande estriado,Embalagem de 500g,1.19,2.38,0,kg,€/Kg,2024-07-24T23:59:59.999999999+01:00,PROSPECTUS,https://driveimg1.intermarche.com/pt/Content/images/boitmal/produit/zoom/2A5BFFD877EADD2E4A51B78A90E2D632.jpg,,,,17,2,,,,
1475,5601286273789,500.0,Milaneza,Massa fusilli tricolor,Embalagem de 500g,1.26,2.52,0,kg,€/Kg,2024-07-24T23:59:59.999999999+01:00,PROSPECTUS,https://driveimg1.intermarche.com/pt/Content/images/boitmal/produit/zoom/A32BE3BEA03451FFDDD551AFD3876300.jpg,,,,17,2,,,,
15038,2892255000000,2500.0,Programa Origens,Melão Branco,Vendido ao peso | 1 un = 2.5 kg (aprox.),2.48,0.99,0,,€/Kg,2024-07-24T23:59:59.999999999+01:00,PROSPECTUS,https://driveimg1.intermarche.com/pt/Content/images/boitmal/produit/zoom/1907C0AEFCB3376B09C7B915B4809CC0.jpg,,,,17,2,,,,
16229,8712561587495,4000.0,Comfort,"Amaciador de roupa, pure",Garrafa de 4 l,4.99,1.25,4000,L,€/L,2024-08-02T23:59:59.999999999+01:00,PROSPECTUS,https://driveimg1.intermarche.com/pt/Content/images/boitmal/produit/zoom/AAE7E7461FE5C9CAA68CFDC37842673D.jpg,,,1000 Artigos,17,2,,,,
16517,5601286260215,500.0,Milaneza,Espirais s/ glúten,Embalagem de 500g,1.99,3.98,0,kg,€/Kg,2024-07-24T23:59:59.999999999+01:00,PROSPECTUS,https://driveimg1.intermarche.com/pt/Content/images/boitmal/produit/zoom/56A925808860FBA8046B55A561A8DD98.jpg,,,,17,2,,,,
1677,5602711001311,1000.0,Rar,Açúcar granulado embalado em papel,Embalagem de 1 kg,1.59,1.59,0,kg,€/Kg,2024-08-02T23:59:59.999999999+01:00,PROSPECTUS,https://driveimg1.intermarche.com/pt/Content/images/boitmal/produit/zoom/F8294E745C95C50AD875621A802EA691.jpg,,,1000 Artigos,17,2,,,,
16983,8712100735455,540.0,Olá,Gelado cornetto morango,Embalagem de 6 x 90 ml,3.56,6.59,540,L,€/L,2024-08-02T23:59:59.999999999+01:00,PROSPECTUS,https://driveimg1.intermarche.com/pt/Content/images/boitmal/produit/zoom/B4DE454FD5CA5C67863F06FFF45366E8.jpg,https://driveimg1.intermarche.com/pt/Content/images/boitmal/produit/zoom/FF03523E6B925BE3441B0A34A996CA2B.jpg,https://driveimg1.intermarche.com/pt/Content/images/boitmal/produit/zoom/FF03523E6B925BE3441B0A34A996CA2B.jpg,1000 Artigos,17,2,,,,
1708,5603697271750,130.0,Koala,"Gelatina zero % pêssego,  130g",,1.09,8.38,0,kg,€/Kg,2024-07-24T23:59:59.999999999+01:00,PROSPECTUS,https://driveimg1.intermarche.com/pt/Content/images/boitmal/produit/zoom/BB23402C37BDF83803302FC5CC3BA321.jpg,,,,17,2,,,,
17115,5000116110155,640.0,Capitão Iglo,8 hamburguers s/ glúten vaca,Embalagem de 640g,7.49,11.7,0,kg,€/Kg,2024-08-02T23:59:59.999999999+01:00,PROSPECTUS,https://driveimg1.intermarche.com/pt/Content/images/boitmal/produit/zoom/51D71CE1CBF4D0AAF556325F4A9852DC.jpg,,,1000 Artigos,17,2,,,,
17165,8410436252324,50.0,Sonasol,Bloco Sanitário Ativo Lavanda,Embalagem de 50 g,1.98,39.6,0,kg,€/Kg,2024-07-24T23:59:59.999999999+01:00,PROSPECTUS,https://driveimg1.intermarche.com/pt/Content/images/boitmal/produit/zoom/C2B5721E72DC854F32BF2E6F02B1AA69.jpg,,,,17,2,,,,
18084,5601008100539,300.0,Vieira,Bolacha maria doces,Embalagem de 300g,2.09,6.97,0,kg,€/Kg,2024-07-24T23:59:59.999999999+01:00,PROSPECTUS,https://driveimg1.intermarche.com/pt/Content/images/boitmal/produit/zoom/06A00706FCB824FD1D60E7F2EE96CD14.jpg,,,,17,2,,,,
18596,8410500016029,400.0,Danonino Danone,"Iogurte líquido danonino morango/banana,  4 x 100 g",,1.99,4.98,0,kg,€/Kg,2024-07-24T23:59:59.999999999+01:00,PROSPECTUS,https://driveimg1.intermarche.com/pt/Content/images/boitmal/produit/zoom/418CA3EE44828DD39BFD6E2687E787F2.jpg,,,,17,2,,,,
18972,3250391024728,200.0,Labell Men,"Desodorizante spray energy, 200 ml",,1.39,6.95,200,L,€/L,2024-07-24T23:59:59.999999999+01:00,PROSPECTUS,https://driveimg1.intermarche.com/pt/Content/images/boitmal/produit/zoom/5A571CDC17CD61D4F638676C190705D2.jpg,,,,17,2,,,,
19046,5000116110414,480.0,Capitão Iglo,8 hamburguers s/ glúten frango,Embalagem de 480g,7.49,15.6,0,kg,€/Kg,2024-08-02T23:59:59.999999999+01:00,PROSPECTUS,https://driveimg1.intermarche.com/pt/Content/images/boitmal/produit/zoom/1C35A366EB207E26898D1AC0CE188CE6.jpg,,,1000 Artigos,17,2,,,,
1964,5604260061549,210.0,PorSi,Bolachas waffers baunilha,Embalagem de 210g,1.17,5.57,0,kg,€/Kg,2024-08-02T23:59:59.999999999+01:00,PROSPECTUS,https://driveimg1.intermarche.com/pt/Content/images/boitmal/produit/zoom/20367F05C9E3E51FF277B9951DA20D70.jpg,,,1000 Artigos,17,2,,,,
1966,5604260061563,210.0,PorSi,Bolachas waffers chocolate,Embalagem de 210g,1.17,5.57,0,kg,€/Kg,2024-08-02T23:59:59.999999999+01:00,PROSPECTUS,https://driveimg1.intermarche.com/pt/Content/images/boitmal/produit/zoom/E92C257493404A909F14CAEAF9D2A018.jpg,,,1000 Artigos,17,2,,,,
19671,8431890077230,500.0,Sensodyne,"Elixir bocal, cool mint",Embalagem de 500 ml,4.19,8.38,500,L,€/L,2024-07-24T23:59:59.999999999+01:00,PROSPECTUS,https://driveimg1.intermarche.com/pt/Content/images/boitmal/produit/zoom/9CA3443EE95C2673A2769CBE6902F921.jpg,,,,17,2,,,,
20201,5603722516221,1500.0,Pleno,Tisana chá camomila e romã,"Garrafa de 1,5 l",1.59,1.06,1500,L,€/L,2024-07-24T23:59:59.999999999+01:00,PROSPECTUS,https://driveimg1.intermarche.com/pt/Content/images/boitmal/produit/zoom/7D7CD25DE9A010F83E1BA590B1E838FC.jpg,,,,17,2,,,,
20631,5601286260338,500.0,Milaneza,Massa macarrão wok,Embalagem de 500g,1.39,2.78,0,kg,€/Kg,2024-07-24T23:59:59.999999999+01:00,PROSPECTUS,https://driveimg1.intermarche.com/pt/Content/images/boitmal/produit/zoom/4ECC11A423AD5624F964EF7EC6861BA2.jpg,,,,17,2,,,,
21052,8435257034270,640.0,Nestlé,"Iogurte líquido yoggi, sem lactose, morango/banana,  4 x 160 g",,2.19,3.42,0,kg,€/Kg,2024-07-24T23:59:59.999999999+01:00,PROSPECTUS,https://driveimg1.intermarche.com/pt/Content/images/boitmal/produit/zoom/93C63CDCCE271351E42C385AFD3AE69F.jpg,,,,17,2,,,,
21766,7613035487840,90.0,Nestlé,Fruta para bebé banana laranja bolacha +6 meses,Embalagem de 90g,0.74,8.22,0,kg,€/Kg,2024-07-24T23:59:59.999999999+01:00,PROSPECTUS,https://driveimg1.intermarche.com/pt/Content/images/boitmal/produit/zoom/97B5DC278815B47BCD7E38EEC0455DC8.jpg,,,,17,3,,,,
22428,5600798960286,200.0,Shoyce,Creme culinário de soja,Garrafa de 200 ml,0.95,4.75,200,L,€/L,2024-08-02T23:59:59.999999999+01:00,PROSPECTUS,https://driveimg1.intermarche.com/pt/Content/images/boitmal/produit/zoom/34C0562B5361D465B3611C358589D5AC.jpg,,,Produtos Bio,17,3,,,,
23469,8410500020453,280.0,Danonino Danone,"Danonino para levar, polpa de morango,  4 x 70 g",,2.14,7.64,0,kg,€/Kg,2024-07-24T23:59:59.999999999+01:00,PROSPECTUS,https://driveimg1.intermarche.com/pt/Content/images/boitmal/produit/zoom/BCB8B07B4A9632B9CA3C8436CD26979D.jpg,,,,17,3,,,,
23762,5600202948305,750.0,Valleperro,Vinho doc douro reserva tinto,Garrafa de 0.75 l,4.49,5.99,750,L,€/L,2024-08-02T23:59:59.999999999+01:00,PROSPECTUS,https://driveimg1.intermarche.com/pt/Content/images/boitmal/produit/zoom/A1EFDD4503301D6A933720FD863CF389.jpg,,,1000 Artigos,17,3,,,,
24411,8410436297752,1300.0,Sonasol,Lava tudo rosas e jasmim,"Embalagem de 1,3L",2.09,1.61,1300,L,€/L,2024-08-02T23:59:59.999999999+01:00,PROSPECTUS,https://driveimg1.intermarche.com/pt/Content/images/boitmal/produit/zoom/46E3798C4C5509E4EFB8DA2E52D80035.jpg,,,1000 Artigos,17,3,,,,
24415,8410436299961,1300.0,Sonasol,Lava tudo lavanda,"Embalagem de 1,3L",2.09,1.61,1300,L,€/L,2024-08-02T23:59:59.999999999+01:00,PROSPECTUS,https://driveimg1.intermarche.com/pt/Content/images/boitmal/produit/zoom/4C901B46EE167F7ABAA5D085E91578A1.jpg,,,1000 Artigos,17,3,,,,
2445,5998749109113,270.0,Pedigree,Snack dentastix grande,Embalagem de 270 g,3.45,12.78,0,kg,€/Kg,2024-07-24T23:59:59.999999999+01:00,PROSPECTUS,https://driveimg1.intermarche.com/pt/Content/images/boitmal/produit/zoom/35241472DE7F17B0C520CB43E029E0A7.jpg,,,,17,3,,,,
24513,4005900377852,150.0,Nivea,Deo Spray Black & White Active,Embalagem de 150 ml,2.84,18.93,150,L,€/L,2024-07-24T23:59:59.999999999+01:00,PROSPECTUS,https://driveimg1.intermarche.com/pt/Content/images/boitmal/produit/zoom/6966CF659E6416F695E58B87787D1075.jpg,,,,17,3,,,,
2458,7613031423583,625.0,Nestlé,Cereais nesquik,Embalagem de 625g,3.24,5.18,0,kg,€/Kg,2024-08-02T23:59:59.999999999+01:00,PROSPECTUS,https://driveimg1.intermarche.com/pt/Content/images/boitmal/produit/zoom/3F494F3C149F2147A07872C278BEDBC9.jpg,,,1000 Artigos,17,3,,,,
2506,7613033269707,400.0,Friskies,Ração para gato adulto com atum e legumes selecionados,Embalagem de 400g,1.85,4.63,0,kg,€/Kg,2024-07-24T23:59:59.999999999+01:00,PROSPECTUS,https://driveimg1.intermarche.com/pt/Content/images/boitmal/produit/zoom/312085192EC38A0CD177D73C362AF824.jpg,,,,17,3,,,,
25108,5601226041720,750.0,Ucal,Leite uht c/ chocolate,Embalagem de 3 x 250 ml,2.29,3.05,750,L,€/L,2024-07-24T23:59:59.999999999+01:00,PROSPECTUS,https://driveimg1.intermarche.com/pt/Content/images/boitmal/produit/zoom/2AFB2501DB878C97A2DFFFAA8B544C90.jpg,,,,17,3,,,,
25338,3600542075350,400.0,Ultra Suave,Condicionador Leite de Coco e Macadâmia,Embalagem de 400 ml,3.79,9.48,400,L,€/L,2024-07-24T23:59:59.999999999+01:00,PROSPECTUS,https://driveimg1.intermarche.com/pt/Content/images/boitmal/produit/zoom/5E8E5BE7843BC84D401EC87981F1391B.jpg,,,,17,3,,,,
2581,7622300086404,100.0,Milka,Tablete de chocolate com creme de caramelo,Embalagem de 100g,1.59,15.9,0,kg,€/Kg,2024-07-24T23:59:59.999999999+01:00,PROSPECTUS,https://driveimg1.intermarche.com/pt/Content/images/boitmal/produit/zoom/F8D5162A9CD2BB6CC870C7C585B6D422.jpg,,,,17,3,,,,
2593,7622300366827,170.0,Triunfo,Bolachas digestivas go maçã,Embalagem de 170g,1.49,8.76,0,kg,€/Kg,2024-07-24T23:59:59.999999999+01:00,PROSPECTUS,https://driveimg1.intermarche.com/pt/Content/images/boitmal/produit/zoom/A6479AEBC41D0948A36A3DCA609B5140.jpg,,,,17,3,,,,
2606,7622300744663,220.0,Oreo,Bolachas,Embalagem de 220g,1.85,8.41,0,kg,€/Kg,2024-07-24T23:59:59.999999999+01:00,PROSPECTUS,https://driveimg1.intermarche.com/pt/Content/images/boitmal/produit/zoom/1AB178197ABC736FA7B57AEDFAF90CB9.jpg,,,,17,3,,,,
26163,8410436272360,150.0,Sonasol,Bloco WC Poder Activo Pinho,Embalagem 3 x 50 g,4.39,29.27,0,kg,€/Kg,2024-08-02T23:59:59.999999999+01:00,PROSPECTUS,https://driveimg1.intermarche.com/pt/Content/images/boitmal/produit/zoom/4D25E7844869A13A0CA82F2E8AC36315.jpg,,,1000 Artigos,17,3,,,,
26300,4000388177000,250.0,Dove,"Sabonete Líquido Original, 250 ml",,2.39,9.56,250,L,€/L,2024-08-02T23:59:59.999999999+01:00,PROSPECTUS,https://driveimg1.intermarche.com/pt/Content/images/boitmal/produit/zoom/4CDFFBE6127F9BD8A2946AFF52A0239A.jpg,,,1000 Artigos,17,3,,,,
26471,5603722510946,200.0,Gresso,Leite com Chocolate,Pack 4X200ml,1.4,7.0,200,L,€/L,2024-07-24T23:59:59.999999999+01:00,PROSPECTUS,https://driveimg1.intermarche.com/pt/Content/images/boitmal/produit/zoom/0108FCBB6D228E5EC4619AC8345D099C.jpg,,,,17,3,,,,
26798,5029053028620,,Kleenex,Lenços Bolso Colletion,Pack 15 unidades,1.99,1.99,0,,€/Unidade,2024-07-24T23:59:59.999999999+01:00,PROSPECTUS,https://driveimg1.intermarche.com/pt/Content/images/boitmal/produit/zoom/A208887A972AC6667109FCB50AEDED8F.jpg,,,,17,3,,,,
2753,8410066113484,400.0,Heinz,Maionese de cebola e alho,Garrafa de 400 ml,2.89,7.23,400,L,€/L,2024-07-24T23:59:59.999999999+01:00,PROSPECTUS,https://driveimg1.intermarche.com/pt/Content/images/boitmal/produit/zoom/68C65A058BDDFE62B63D709DD1CEF540.jpg,,,,17,3,,,,
277,0000080135463,200.0,Nutella,Creme para barrar de avelãs e cacau,Embalagem de 200 g,2.75,13.75,0,kg,€/Kg,2024-07-24T23:59:59.999999999+01:00,PROSPECTUS,https://driveimg1.intermarche.com/pt/Content/images/boitmal/produit/zoom/E17E01634F3FC9940074AC6CDA0458EC.jpg,,,,17,3,,,,
27891,3600523586387,400.0,Elvive,Champô Reconstrutor Dream Long,Embalagem de 400 ml,3.99,9.98,400,L,€/L,2024-07-24T23:59:59.999999999+01:00,PROSPECTUS,https://driveimg1.intermarche.com/pt/Content/images/boitmal/produit/zoom/84CC356C36067BE7C6654BA5E8036F86.jpg,,,,17,3,,,,
28268,5600798960705,1000.0,Shoyce,Bebida amêndoa,Embalagem de 1 litro,1.69,1.69,1000,L,€/L,2024-08-02T23:59:59.999999999+01:00,PROSPECTUS,https://driveimg1.intermarche.com/pt/Content/images/boitmal/produit/zoom/63FB85ABE62286CFC5D2220DA54EC498.jpg,,,1000 Artigos,17,3,,,,
28507,8006540618752,,Dodot,Fralda Cueca Extra T6 | +14 kg,Embalagem c/ 48 un.,13.49,13.49,0,,€/Unidade,2024-08-02T23:59:59.999999999+01:00,PROSPECTUS,https://driveimg1.intermarche.com/pt/Content/images/boitmal/produit/zoom/0E81716B09BE4333C336DFF322751365.jpg,,,1000 Artigos,17,3,,,,
29344,8710447170885,500.0,Tresemmé,Champô Hidratação Intensa,500 ml,4.79,9.58,500,L,€/L,2024-07-24T23:59:59.999999999+01:00,PROSPECTUS,https://driveimg1.intermarche.com/pt/Content/images/boitmal/produit/zoom/1BC6C21CF030891FE35410BC729CB0C7.jpg,,,,17,3,,,,
30165,8410436320573,1100.0,Sonasol,Lava Tudo Brilhante Eucalipto,"embalagem 1,1L",2.79,2.54,1100,L,€/L,2024-08-02T23:59:59.999999999+01:00,PROSPECTUS,https://driveimg1.intermarche.com/pt/Content/images/boitmal/produit/zoom/1D59B5FEAE0C00D87C9E61FEE70A9A3D.jpg,,,1000 Artigos,17,3,,,,
30261,3574661350202,,Ob,Tampão Super,1 Embalagem c/32 unidades,3.74,3.74,0,,€/Unidade,2024-08-02T23:59:59.999999999+01:00,PROSPECTUS,https://driveimg1.intermarche.com/pt/Content/images/boitmal/produit/zoom/A6C7A614B4F7CDD5C156BEBD4564F90B.jpg,,,1000 Artigos,17,3,,,,
30500,5604260282944,750.0,Selecção de Enófilos,"Vinho Tinto Regional Península de Setúbal, 750 ml",,1.89,2.52,750,L,€/L,2024-07-24T23:59:59.999999999+01:00,PROSPECTUS,https://driveimg1.intermarche.com/pt/Content/images/boitmal/produit/zoom/3D974D5F5C2DADA154FEBEF710086CEE.jpg,,,,17,3,,,,
30886,3574661319520,500.0,Listerine,Elixir Anti-Tartaro,500 ml,4.89,9.78,500,L,€/L,2024-08-02T23:59:59.999999999+01:00,PROSPECTUS,https://driveimg1.intermarche.com/pt/Content/images/boitmal/produit/zoom/7F5FC0D99305D2C22E8E265400A9B2D3.jpg,,,1000 Artigos,17,3,,,,
31326,5601286260437,500.0,Milaneza,"Macarrão integral com aveia, 500g",,1.31,2.62,0,kg,€/Kg,2024-07-24T23:59:59.999999999+01:00,PROSPECTUS,https://driveimg1.intermarche.com/pt/Content/images/boitmal/produit/zoom/687469F1412D2299A6CE181241DB8128.jpg,,,,17,3,,,,
32301,4005900377814,150.0,Nivea,Desodorizante Spray Black & White Active Men,150 ml,2.84,18.93,150,L,€/L,2024-07-24T23:59:59.999999999+01:00,PROSPECTUS,https://driveimg1.intermarche.com/pt/Content/images/boitmal/produit/zoom/F5ED8FD84EC27F00F1BBC369E3567854.jpg,,,,17,3,,,,
3493,0000056003703,80.0,Pitéu,Filete de anchovas em azeite,Embalagem de 80 g,2.88,36.0,0,kg,€/Kg,2024-07-24T23:59:59.999999999+01:00,PROSPECTUS,https://driveimg1.intermarche.com/pt/Content/images/boitmal/produit/zoom/BE573B29E6CEB71A0582FD9364F1002E.jpg,,,,17,3,,,,
35542,7613036867405,210.0,Nescafé,Café em cápsulas dolce gusto ristreto intenso,Embalagem de 210g,9.99,47.57,0,kg,€/Kg,2024-08-02T23:59:59.999999999+01:00,PROSPECTUS,https://driveimg1.intermarche.com/pt/Content/images/boitmal/produit/zoom/267E125B7795F042AD3E2E89E4989A32.jpg,,,1000 Artigos,17,3,,,,
35675,3600542226295,400.0,Ambre Solaire,Leite hidratante aloe vera after sun,Embalagem de 400 ml,10.19,25.48,400,L,€/L,2024-08-07T23:59:59.999999999+01:00,PROSPECTUS,https://driveimg1.intermarche.com/pt/Content/images/boitmal/produit/zoom/83342C88E8CA17E3C50F284166BB6E39.jpg,,,,17,3,,,,
36655,8410436343404,500.0,Sonasol,Spray casa de banho brilhante,Embalagem de 500 ml,1.99,3.98,500,L,€/L,2024-08-02T23:59:59.999999999+01:00,PROSPECTUS,https://driveimg1.intermarche.com/pt/Content/images/boitmal/produit/zoom/DE1ABE94258D954A0B137F0F858C6881.jpg,,,1000 Artigos,17,3,,,,
36657,5601217132673,500.0,Cillitbang,Spray lixívia e higiene,Garrafa de 500 ml,2.49,4.98,500,L,€/L,2024-08-02T23:59:59.999999999+01:00,PROSPECTUS,https://driveimg1.intermarche.com/pt/Content/images/boitmal/produit/zoom/B883369E3F8FD2106485DC8F041B61F8.jpg,,,1000 Artigos,17,3,,,,
38984,5604321002023,375.0,Cemporcento,Granola + classica,Embalagem de 375g,1.85,4.93,0,kg,€/Kg,2024-07-24T23:59:59.999999999+01:00,PROSPECTUS,https://driveimg1.intermarche.com/pt/Content/images/boitmal/produit/zoom/320FD9F3923F43C55B877C9877492EAE.jpg,,,,17,3,,,,
39806,5604321034826,350.0,Cemporcento,Granola + deliciosa,Embalagem de 350g,3.44,9.83,0,kg,€/Kg,2024-07-24T23:59:59.999999999+01:00,PROSPECTUS,https://driveimg1.intermarche.com/pt/Content/images/boitmal/produit/zoom/286CFB4C55FF9A6298C7B1B9C230F0F1.jpg,,,,17,3,,,,
40558,5604260301164,220.0,PorSi,"Queijinho morango com drageias,  2 x 110 g",,1.69,7.68,0,kg,€/Kg,2024-08-02T23:59:59.999999999+01:00,PROSPECTUS,https://driveimg1.intermarche.com/pt/Content/images/boitmal/produit/zoom/939055EF9B8FE9ECC8E1BC97C5579929.jpg,,,1000 Artigos,17,3,,,,
40969,5601151972557,1000.0,Frize,Água com gás sabor a maracujá,"Pack 4x 0,25l",1.99,1.99,1000,L,€/L,2024-08-02T23:59:59.999999999+01:00,PROSPECTUS,https://driveimg1.intermarche.com/pt/Content/images/boitmal/produit/zoom/9EDA238AFCB0C6D994D4CB4972B7E3C2.jpg,,,1000 Artigos,17,3,,,,
41297,5601050036534,440.0,Danone,"Iogurte oikos pêssego,  4 x 110g",,1.99,4.52,0,kg,€/Kg,2024-08-02T23:59:59.999999999+01:00,PROSPECTUS,https://driveimg1.intermarche.com/pt/Content/images/boitmal/produit/zoom/86E0EE086DC0214DA576A0DB5E10BF28.jpg,,,1000 Artigos,17,3,,,,
41299,5601050036565,440.0,Danone,"Iogurte oikos maracujá,  4 x 110g",,1.99,4.52,0,kg,€/Kg,2024-08-02T23:59:59.999999999+01:00,PROSPECTUS,https://driveimg1.intermarche.com/pt/Content/images/boitmal/produit/zoom/FCB02F5884DDCB459FDF089F080D1348.jpg,,,1000 Artigos,17,3,,,,
41622,5604260304585,5000.0,PorSi,Areia para gatos mineral perfumada,Embalagem de 5 kg,2.59,0.52,0,kg,€/Kg,2024-08-02T23:59:59.999999999+01:00,PROSPECTUS,https://driveimg1.intermarche.com/pt/Content/images/boitmal/produit/zoom/A22F3FF72D9C5B78E2D24E4C52DC8F4E.jpg,,,1000 Artigos,17,3,,,,
41717,5604260303816,90.0,PorSi,Saqueta de puré de fruta | maçã + pera,90 g,0.74,8.22,0,kg,€/Kg,2024-08-02T23:59:59.999999999+01:00,PROSPECTUS,https://driveimg1.intermarche.com/pt/Content/images/boitmal/produit/zoom/BDC9DCB2575995ED71759BEA2C9A3172.jpg,,,1000 Artigos,17,3,,,,
41901,7613037677591,250.0,Cerelac,Farinha láctea menos 40% açúcar,Embalagem de 250g,2.24,8.96,0,kg,€/Kg,2024-07-24T23:59:59.999999999+01:00,PROSPECTUS,https://driveimg1.intermarche.com/pt/Content/images/boitmal/produit/zoom/687BCC1B8BE836CF748B8DD683218C66.jpg,,,,17,3,,,,
4236,3600521519479,400.0,Elvive,Champô color-vive,Embalagem de 400 ml,3.99,9.98,400,L,€/L,2024-07-24T23:59:59.999999999+01:00,PROSPECTUS,https://driveimg1.intermarche.com/pt/Content/images/boitmal/produit/zoom/9488D59592F5790FC0E9B4078309C960.jpg,,,,17,3,,,,
42518,8001841677194,,Dodot,Fralda cueca T5 | 12 a 17 kg,Embalagem com 30 unidades,7.98,7.98,0,,€/Unidade,2024-08-02T23:59:59.999999999+01:00,PROSPECTUS,https://driveimg1.intermarche.com/pt/Content/images/boitmal/produit/zoom/C651C3D83C903BFECFB80C7D96F998E5.jpg,,,1000 Artigos,17,3,,,,
42890,8001841677279,,Dodot,Fralda cueca T7 | +17 kg,Embalagem com 23 unidades,7.98,7.98,0,,€/Unidade,2024-08-02T23:59:59.999999999+01:00,PROSPECTUS,https://driveimg1.intermarche.com/pt/Content/images/boitmal/produit/zoom/BD1B5C08FDBFA6C0333FD58AADF1496E.jpg,,,1000 Artigos,17,3,,,,
43012,5604260307197,300.0,PorSi,Comida húmida para cão de frango,Embalagem de 300 g,0.75,2.5,0,kg,€/Kg,2024-08-02T23:59:59.999999999+01:00,PROSPECTUS,https://driveimg1.intermarche.com/pt/Content/images/boitmal/produit/zoom/E18D56D7EBECE5FA4FFC211D3EDBE796.jpg,https://driveimg1.intermarche.com/pt/Content/images/boitmal/produit/zoom/3FD0F0D9955E6135023C13E6B1D173A7.jpg,https://driveimg1.intermarche.com/pt/Content/images/boitmal/produit/zoom/3FD0F0D9955E6135023C13E6B1D173A7.jpg,1000 Artigos,17,3,https://driveimg1.intermarche.com/pt/Content/images/boitmal/produit/zoom/3FD0F0D9955E6135023C13E6B1D173A7.jpg,https://driveimg1.intermarche.com/pt/Content/images/boitmal/produit/zoom/3FD0F0D9955E6135023C13E6B1D173A7.jpg,https://driveimg1.intermarche.com/pt/Content/images/boitmal/produit/zoom/3FD0F0D9955E6135023C13E6B1D173A7.jpg,
43214,5603722519796,400.0,Castelões,Queijo curado fatias,Embalagem de 2 x 200 g,3.89,9.73,0,kg,€/Kg,2024-07-24T23:59:59.999999999+01:00,PROSPECTUS,https://driveimg1.intermarche.com/pt/Content/images/boitmal/produit/zoom/A8A0B279D13E0119B09B287F876CCAA6.jpg,,,,17,3,,,,
43649,8710847961236,360.0,Linic,Champô + Condicionador Eficácia Ativa 2 em 1,embalagem de 360 ml,4.94,13.72,360,L,€/L,2024-07-24T23:59:59.999999999+01:00,PROSPECTUS,https://driveimg1.intermarche.com/pt/Content/images/boitmal/produit/zoom/B8BD170901E1A9C4BDD3261F9E251E1A.jpg,,,,17,3,,,,
43756,8410500026363,480.0,Danone,"Iogurte Activia 0% aveia e linhaça,  4 x 120 g",,2.39,4.98,0,kg,€/Kg,2024-07-24T23:59:59.999999999+01:00,PROSPECTUS,https://driveimg1.intermarche.com/pt/Content/images/boitmal/produit/zoom/E57678E975E0133AA749A66A9BC6FE48.jpg,,,,17,3,,,,
44241,5601050036886,120.0,Danone,"Danone twix,  120g",,0.99,8.25,0,kg,€/Kg,2024-07-24T23:59:59.999999999+01:00,PROSPECTUS,https://driveimg1.intermarche.com/pt/Content/images/boitmal/produit/zoom/D274D33ECAD7B0F64CFB61BD15B0072C.jpg,,,,17,3,,,,
44797,5601151971444,1000.0,Pepsi,Pepsi max lima,Garrafa de 1 l,0.99,0.99,1000,L,€/L,2024-08-02T23:59:59.999999999+01:00,PROSPECTUS,https://driveimg1.intermarche.com/pt/Content/images/boitmal/produit/zoom/657B12F1DF1E65D0997328121D02B203.jpg,,,1000 Artigos,17,3,,,,
44961,5054563098757,75.0,Sensodyne,Pasta dentífrica repair & protect branqueadora,Embalagem de 75 ml,3.94,52.53,75,L,€/L,2024-07-24T23:59:59.999999999+01:00,PROSPECTUS,https://driveimg1.intermarche.com/pt/Content/images/boitmal/produit/zoom/A635A3648DCB48F3466BC2FA7131A17D.jpg,,,,17,3,,,,
45173,6942138916034,,Bestway,Almofada royal,,1.99,1.99,0,,€/Unidade,2024-08-07T23:59:59.999999999+01:00,PROSPECTUS,https://driveimg1.intermarche.com/pt/Content/images/boitmal/produit/zoom/BE348B5DD3BC49450D43F207843294D4.jpg,,,,17,3,,,,
4526,4005808247233,250.0,Nivea,"Smoth milk, tripla acção, 250 ml",,3.79,15.16,250,L,€/L,2024-07-24T23:59:59.999999999+01:00,PROSPECTUS,https://driveimg1.intermarche.com/pt/Content/images/boitmal/produit/zoom/ED23D3022E71FDD14FE8C56618FEBE1F.jpg,,,,17,3,,,,
4549,4005808801039,75.0,Nivea,"Creme mãos, caixa média",Embalagem de 75 ml,1.99,26.53,75,L,€/L,2024-07-24T23:59:59.999999999+01:00,PROSPECTUS,https://driveimg1.intermarche.com/pt/Content/images/boitmal/produit/zoom/575504BEFAFD8B7935E5486AE0175773.jpg,,,,17,3,,,,
4577,4011200115902,100.0,Palmolive,"Creme de barbear, sensitive",Embalagem de 100 ml,2.59,25.9,100,L,€/L,2024-07-24T23:59:59.999999999+01:00,PROSPECTUS,https://driveimg1.intermarche.com/pt/Content/images/boitmal/produit/zoom/62F30DCE8D03C9474F1BE6467A2C08CD.jpg,,,,17,3,,,,
45856,8718951427358,500.0,Palmolive,"Gel de banho memories of nature, summer dreams",Embalagem de 500 ml,2.99,5.98,500,L,€/L,2024-07-24T23:59:59.999999999+01:00,PROSPECTUS,https://driveimg1.intermarche.com/pt/Content/images/boitmal/produit/zoom/8D6029F902784C79AAB06326C1871CE6.jpg,,,,17,3,,,,
46333,5054563107510,75.0,Sensodyne,Dentífrico sensibilidade e gengivas,Embalagem de 75 ml,3.94,52.53,75,L,€/L,2024-07-24T23:59:59.999999999+01:00,PROSPECTUS,https://driveimg1.intermarche.com/pt/Content/images/boitmal/produit/zoom/2A004B499C48581E0F2ACB572ECC96FB.jpg,,,,17,3,,,,
46691,5449000030528,1500.0,Nestea,Ice Tea de pêssego,Garrafa de 1.5 l,1.19,0.79,1500,L,€/L,2024-07-24T23:59:59.999999999+01:00,PROSPECTUS,https://driveimg1.intermarche.com/pt/Content/images/boitmal/produit/zoom/6E598965A9FD6A1A9244AC0A665F5801.jpg,,,,17,3,,,,
47110,7613287218766,110.0,Nestlé,Bolsitas de puré de multifrutas,Embalagem de 110g,0.84,7.64,0,kg,€/Kg,2024-07-24T23:59:59.999999999+01:00,PROSPECTUS,https://driveimg1.intermarche.com/pt/Content/images/boitmal/produit/zoom/6D82A987C9C6908002E3D5AFC9ADDDBF.jpg,,,,17,3,,,,
476,3010470159020,400.0,Friskies,"Ração para gato adulto com coelho, frango e legumes",Embalagem de 400g,1.85,4.63,0,kg,€/Kg,2024-07-24T23:59:59.999999999+01:00,PROSPECTUS,https://driveimg1.intermarche.com/pt/Content/images/boitmal/produit/zoom/910C940E517160C08ABDD9D62AF704F9.jpg,,,,17,3,,,,
48094,5604260322442,85.0,PorSi Select,Comida húmida gato júnior c/ frango,Embalagem de 85g,0.59,6.94,0,kg,€/Kg,2024-08-02T23:59:59.999999999+01:00,PROSPECTUS,https://driveimg1.intermarche.com/pt/Content/images/boitmal/produit/zoom/279462757EAF9822921790C3FAA94851.jpg,,,1000 Artigos,17,3,,,,
48281,8718951465756,75.0,Colgate,Pasta de Dentes Original,Embalagem de 75 ml,2.54,33.87,75,L,€/L,2024-07-24T23:59:59.999999999+01:00,PROSPECTUS,https://driveimg1.intermarche.com/pt/Content/images/boitmal/produit/zoom/49BB359E9C7607165895D2460C62E204.jpg,,,,17,3,,,,
48682,3017760363396,75.0,Mikado,Biscoito chocolate de leite,Embalagem de 75g,1.69,22.53,0,kg,€/Kg,2024-07-24T23:59:59.999999999+01:00,PROSPECTUS,https://driveimg1.intermarche.com/pt/Content/images/boitmal/produit/zoom/E5AECC4B056C3B93F707028B6876AB43.jpg,,,,17,3,,,,
48829,3600542202220,400.0,Fructis,Creme de Pentear Caracóis,Embalagem de 400 ml,5.59,13.98,400,L,€/L,2024-07-24T23:59:59.999999999+01:00,PROSPECTUS,https://driveimg1.intermarche.com/pt/Content/images/boitmal/produit/zoom/AB959134F7B479D1AFA1095297EA0B9F.jpg,,,,17,3,,,,
48907,5604260320769,,PorSi,Penso diário normal,Embalagem de 64 unidades,1.69,1.69,64,,€/Unidade,2024-08-02T23:59:59.999999999+01:00,PROSPECTUS,https://driveimg1.intermarche.com/pt/Content/images/boitmal/produit/zoom/160580AB04FA8705A00B47E711994C11.jpg,https://driveimg1.intermarche.com/pt/Content/images/boitmal/produit/zoom/C20F8AD2FC19771FE6AB1B975D7F3E8C.jpg,https://driveimg1.intermarche.com/pt/Content/images/boitmal/produit/zoom/C20F8AD2FC19771FE6AB1B975D7F3E8C.jpg,1000 Artigos,17,3,https://driveimg1.intermarche.com/pt/Content/images/boitmal/produit/zoom/C20F8AD2FC19771FE6AB1B975D7F3E8C.jpg,,,
49085,5604260323555,300.0,PorSi,8 rissóis de camarão,Embalagem de 300g,1.25,4.17,0,kg,€/Kg,2024-08-02T23:59:59.999999999+01:00,PROSPECTUS,https://driveimg1.intermarche.com/pt/Content/images/boitmal/produit/zoom/D126C42EDA26B0D368147D17B093DA22.jpg,,,1000 Artigos,17,3,,,,
49200,8006540618691,,Dodot,Fralda Cueca Extra T5 | 12 a 17 kg,Embalagem c/ 56 un.,13.49,13.49,0,,€/Unidade,2024-08-02T23:59:59.999999999+01:00,PROSPECTUS,https://driveimg1.intermarche.com/pt/Content/images/boitmal/produit/zoom/CD8D7F49647F92E3CC1457459ED8DEC7.jpg,,,1000 Artigos,17,3,,,,
49216,5604260296187,2000.0,PorSi,Gelado baunilha,Embalagem de 2 litros,2.99,1.5,2000,L,€/L,2024-08-02T23:59:59.999999999+01:00,PROSPECTUS,https://driveimg1.intermarche.com/pt/Content/images/boitmal/produit/zoom/96BF25F881D0453C8953AE7462FDFDB4.jpg,https://driveimg1.intermarche.com/pt/Content/images/boitmal/produit/zoom/4F7476FE04D885EAAD823A3B68E382DF.jpg,,1000 Artigos,17,3,,,,
49221,5604260322602,90.0,PorSi,Saqueta puré de fruta,Embalagem de 90g,0.74,8.22,0,kg,€/Kg,2024-08-02T23:59:59.999999999+01:00,PROSPECTUS,https://driveimg1.intermarche.com/pt/Content/images/boitmal/produit/zoom/9893E2C7164F12F4E4974DE54879A4ED.jpg,,,1000 Artigos,17,3,,,,
49591,5000204092653,,Baygon,Fita apanha moscas,4 unidades,1.99,1.99,0,,€/Unidade,2024-07-24T23:59:59.999999999+01:00,PROSPECTUS,https://driveimg1.intermarche.com/pt/Content/images/boitmal/produit/zoom/B3B22FEAC706BC8FA6EC247C0CBC5FF6.jpg,,,,17,3,,,,
49767,5601151969106,1000.0,Frize,Água c/ Gás Ananás,pack 4 x 0.25 l,1.99,1.99,1000,L,€/L,2024-08-02T23:59:59.999999999+01:00,PROSPECTUS,https://driveimg1.intermarche.com/pt/Content/images/boitmal/produit/zoom/EE071A8A9B23805FF5594CF8DCE06CD5.jpg,,,1000 Artigos,17,3,,,,
50296,5604260325030,400.0,Labell Men,Gel Banho Sport Homem,400 ml,1.39,3.48,400,L,€/L,2024-07-24T23:59:59.999999999+01:00,PROSPECTUS,https://driveimg1.intermarche.com/pt/Content/images/boitmal/produit/zoom/5E0A4F6EE92F30EAA26D6E5DA881513B.jpg,,,,17,3,,,,
5036,5601028012164,,Renova,"Papel higiénico compacto, extra xxl, 6 rolos",Uma embalagem,2.95,2.95,0,,€/Unidade,2024-07-24T23:59:59.999999999+01:00,PROSPECTUS,https://driveimg1.intermarche.com/pt/Content/images/boitmal/produit/zoom/8F382E3E2F2F16BB4FB1E6B90307BF71.jpg,https://driveimg1.intermarche.com/pt/Content/images/boitmal/produit/zoom/1F9398A5B85712D9E30015F112CCAF6E.jpg,https://driveimg1.intermarche.com/pt/Content/images/boitmal/produit/zoom/84ED764CBC37072F87BD089140194A37.jpg,,17,3,,,,
50367,5604260326129,300.0,PorSi,8 rissóis de pescada,Embalagem de 300g,1.15,3.83,0,kg,€/Kg,2024-08-02T23:59:59.999999999+01:00,PROSPECTUS,https://driveimg1.intermarche.com/pt/Content/images/boitmal/produit/zoom/66808786B3FF6C3E96EF19274B692EA7.jpg,,,1000 Artigos,17,3,,,,
50378,7613031300655,375.0,Nestlé,"Cereais Nestlé Multicheerios, 375g",,3.74,9.97,0,kg,€/Kg,2024-07-24T23:59:59.999999999+01:00,PROSPECTUS,https://driveimg1.intermarche.com/pt/Content/images/boitmal/produit/zoom/87E2BA7ABED7C61C576BDF94326B21C9.jpg,,,,17,3,,,,
50394,8720181192111,150.0,Axe,Desodorizante Aero Epic Fresh,Garrafa de 150 ml,3.59,23.93,150,L,€/L,2024-07-24T23:59:59.999999999+01:00,PROSPECTUS,https://driveimg1.intermarche.com/pt/Content/images/boitmal/produit/zoom/3C80774091E79B2789B93D66067912AF.jpg,,,,17,3,,,,
50411,8720181292866,760.0,Comfort,Intensificador de Perfume Explosão Floral,Garrafa de 760 ml,3.49,4.59,760,L,€/L,2024-08-02T23:59:59.999999999+01:00,PROSPECTUS,https://driveimg1.intermarche.com/pt/Content/images/boitmal/produit/zoom/45E79BC0C6D02241A1794807F142C8A9.jpg,,,1000 Artigos,17,3,,,,
50654,7613287218797,110.0,Nestlé,"Saqueta de Fruta Banana e Morango +12m, 110g",,0.84,7.64,0,kg,€/Kg,2024-07-24T23:59:59.999999999+01:00,PROSPECTUS,https://driveimg1.intermarche.com/pt/Content/images/boitmal/produit/zoom/211BB64A54A87208D49F69C03E4B0FB6.jpg,,,,17,3,,,,
50658,7622201724443,150.0,Philadelphia,Queijo Creme Light,Embalagem de 150g,1.83,12.2,0,kg,€/Kg,2024-07-24T23:59:59.999999999+01:00,PROSPECTUS,https://driveimg1.intermarche.com/pt/Content/images/boitmal/produit/zoom/1F5DBEB2C0B14CA8D92B81707B49E930.jpg,,,,17,3,,,,
5095,5601050026405,300.0,Danone,"Queijinho dadoninho petitdino de morango,  6 x 50 g",,1.99,6.63,0,kg,€/Kg,2024-07-24T23:59:59.999999999+01:00,PROSPECTUS,https://driveimg1.intermarche.com/pt/Content/images/boitmal/produit/zoom/A996A3A25DAAE4625EF7D6D51278644F.jpg,,,,17,3,,,,
51504,8006540346976,200.0,Pantene,Espuma Caracóis Perfeitos,Embalagem de 200 ml,3.99,19.95,200,L,€/L,2024-07-24T23:59:59.999999999+01:00,PROSPECTUS,https://driveimg1.intermarche.com/pt/Content/images/boitmal/produit/zoom/25BB7B1758CE71AF8E488B2CC7F521DF.jpg,,,,17,3,,,,
51660,8410136026355,340.0,Whiskas,Comida Húmida Gato Selection Gelatina de Aves,Embalagem de 4 x 85 g,2.24,6.59,0,kg,€/Kg,2024-07-24T23:59:59.999999999+01:00,PROSPECTUS,https://driveimg1.intermarche.com/pt/Content/images/boitmal/produit/zoom/38AE84B191F037EB2296EA9FFBECE6AE.jpg,,,,17,3,,,,
51924,5601146040506,500.0,Bandida do Pomar,Sidra Manga,lata 500 ml,1.19,2.38,500,L,€/L,2024-07-24T23:59:59.999999999+01:00,PROSPECTUS,https://driveimg1.intermarche.com/pt/Content/images/boitmal/produit/zoom/5DC3A679A950FE78C66F0F66E2C36EA9.jpg,,,,17,3,,,,
52057,5900951301889,340.0,Whiskas,Comida Húmida Gatos Júnior Sel. Clássica,Embalagem de 340g,2.39,7.03,0,kg,€/Kg,2024-07-24T23:59:59.999999999+01:00,PROSPECTUS,https://driveimg1.intermarche.com/pt/Content/images/boitmal/produit/zoom/96348D88B242C40E1C5728AFD0C7841E.jpg,,,,17,3,,,,
52221,8720181370427,,Surf,Detergente Máquina de Roupa Coco,45 cápsulas,8.99,8.99,0,,€/Unidade,2024-08-02T23:59:59.999999999+01:00,PROSPECTUS,https://driveimg1.intermarche.com/pt/Content/images/boitmal/produit/zoom/B89060F66F34B8E1C79FE5068E94C801.jpg,,,1000 Artigos,17,3,,,,
52281,5604260330225,750.0,PorSi,Sumo Fresco de Frutos Vermelhos,garrafa de 0.75 litros,1.69,2.25,750,L,€/L,2024-08-02T23:59:59.999999999+01:00,PROSPECTUS,https://driveimg1.intermarche.com/pt/Content/images/boitmal/produit/zoom/29DA0D95F1135F0534C87AF1F15EA52E.jpg,,,1000 Artigos,17,3,,,,
52302,3600542512428,400.0,Garnier,Champô Ultra Suave Carvão,Embalagem de 400ml,3.79,9.48,400,L,€/L,2024-07-24T23:59:59.999999999+01:00,PROSPECTUS,https://driveimg1.intermarche.com/pt/Content/images/boitmal/produit/zoom/8126B6DDAA84D0A1234F6E7D42BC7B29.jpg,,,Produtos Bio,17,3,,,,
52310,0000042439103,250.0,Nivea,Creme Corporal Manteiga de Cacau,Embalagem de 250ml,4.54,18.16,250,L,€/L,2024-07-24T23:59:59.999999999+01:00,PROSPECTUS,https://driveimg1.intermarche.com/pt/Content/images/boitmal/produit/zoom/21C656B149EBE16270A6C6E8E01D3575.jpg,,,,17,3,,,,
52324,8720181384899,,Skip,Detergente Máquina Roupa Líquido Active Fresh,56 Doses,9.99,9.99,0,,€/Unidade,2024-08-02T23:59:59.999999999+01:00,PROSPECTUS,https://driveimg1.intermarche.com/pt/Content/images/boitmal/produit/zoom/04DF579D55CD2D6A01A784ECE774108E.jpg,,,1000 Artigos,17,3,,,,
52338,8720181392931,,Comfort,Amaciador Roupa Concentrado Creations Jasmim e Mirtilo,76 Doses,3.99,3.99,0,,€/Unidade,2024-08-02T23:59:59.999999999+01:00,PROSPECTUS,https://driveimg1.intermarche.com/pt/Content/images/boitmal/produit/zoom/DED7323146382FF9F9D6D0F2196F9D63.jpg,,,1000 Artigos,17,3,,,,
52381,8720181407154,1300.0,Cif,Lava Tudo Perfumado Lavanda,"Embalagem de 1,3L",1.99,1.53,1300,L,€/L,2024-07-24T23:59:59.999999999+01:00,PROSPECTUS,https://driveimg1.intermarche.com/pt/Content/images/boitmal/produit/zoom/A81E6DD1EE934840EEF0519DC6E6E364.jpg,https://driveimg1.intermarche.com/pt/Content/images/boitmal/produit/zoom/935C662FEAE9FBF79977B0438F001CF1.jpg,,,17,3,,,,
52615,8720181356766,720.0,Dove,"Gel de Banho Pomegranate Reviving, 720 ml",,4.79,6.65,720,L,€/L,2024-07-24T23:59:59.999999999+01:00,PROSPECTUS,https://driveimg1.intermarche.com/pt/Content/images/boitmal/produit/zoom/18E1FED82EBCBC249BAD105BB5D39024.jpg,,,,17,3,,,,
52760,5604260329625,200.0,PorSi Viva Bem,"Iogurte Proteico Pêssego e Maracujá Sem Lactose,  200g",,0.98,4.9,0,kg,€/Kg,2024-08-02T23:59:59.999999999+01:00,PROSPECTUS,https://driveimg1.intermarche.com/pt/Content/images/boitmal/produit/zoom/1192B7788C2C8D2143947921A0A37322.jpg,,,1000 Artigos,17,3,,,,
52880,8719200267794,450.0,Becel,"Creme Vegetal de Barrar com Sabor a Manteiga, 450g",,2.99,6.64,0,kg,€/Kg,2024-07-24T23:59:59.999999999+01:00,PROSPECTUS,https://driveimg1.intermarche.com/pt/Content/images/boitmal/produit/zoom/287D301C66C180312FAA8A3BAE7EA710.jpg,,,,17,3,,,,
52887,5603722523137,200.0,Mimosa,"Natas para Massas, 200 ml",,0.99,4.95,200,L,€/L,2024-07-24T23:59:59.999999999+01:00,PROSPECTUS,https://driveimg1.intermarche.com/pt/Content/images/boitmal/produit/zoom/F3EDAE46E372CBB78EE7DEA3A9DB3BD9.jpg,,,,17,3,,,,
52893,8720182632258,3780.0,Surf,"Detergente Líquido Máquina de Roupa Tropical, 84 Doses",,9.99,2.64,3780,L,€/L,2024-08-02T23:59:59.999999999+01:00,PROSPECTUS,https://driveimg1.intermarche.com/pt/Content/images/boitmal/produit/zoom/CAA92D4FBECE6F1387F408E79BA0989D.jpg,,,1000 Artigos,17,3,,,,
52897,8720181392917,1332.0,Comfort,"Amaciador Concentrado Essência Pure, 74 Doses",,3.49,2.62,1332,L,€/L,2024-08-02T23:59:59.999999999+01:00,PROSPECTUS,https://driveimg1.intermarche.com/pt/Content/images/boitmal/produit/zoom/6C81AB307354BD851AD24288672BBAB9.jpg,,,1000 Artigos,17,4,,,,
52941,8720181386510,2700.0,Skip,"Detergente Líquido Máquina de Roupa Sabão Natural, 60 Doses",,7.99,2.96,2700,L,€/L,2024-08-02T23:59:59.999999999+01:00,PROSPECTUS,https://driveimg1.intermarche.com/pt/Content/images/boitmal/produit/zoom/F78D7BA1CEEC1BA7836B80E309E4D243.jpg,,,1000 Artigos,17,4,,,,
52942,8720181385070,2520.0,Skip,"Detergente Líquido Máquina de Roupa Cores, 56 Doses",,9.99,3.96,2520,L,€/L,2024-08-02T23:59:59.999999999+01:00,PROSPECTUS,https://driveimg1.intermarche.com/pt/Content/images/boitmal/produit/zoom/DA89C34C561727E74F60C33922AB0C9D.jpg,,,1000 Artigos,17,4,,,,
52945,8410500008727,400.0,Danone,"Iogurte Danonino Petit Morango, 4 x 100g",,2.39,5.98,0,kg,€/Kg,2024-07-24T23:59:59.999999999+01:00,PROSPECTUS,https://driveimg1.intermarche.com/pt/Content/images/boitmal/produit/zoom/7F4489E1D7EF42149F7DDCD17A5A4E27.jpg,,,,17,4,,,,
53044,8720181368769,4320.0,Omo,"Detergente Roupa Máquina Líquido, 96 doses",,8.99,2.08,4320,L,€/L,2024-08-02T23:59:59.999999999+01:00,PROSPECTUS,https://driveimg1.intermarche.com/pt/Content/images/boitmal/produit/zoom/2FAC3B0E03EB13AA8A18297FAA079D90.jpg,,,1000 Artigos,17,4,,,,
53332,8700216138833,,Dodot,Fraldas Ninjamas Coração 4,Embalagem de 10 Un.,5.84,5.84,0,,€/Unidade,2024-07-24T23:59:59.999999999+01:00,PROSPECTUS,https://driveimg1.intermarche.com/pt/Content/images/boitmal/produit/zoom/C633704E734772CD524DEC39A56E8DFC.jpg,,,,17,4,,,,
53453,5029053038759,,Kleenex,"Lenços Faciais Collection, 48 unidades",,1.59,1.59,1,,€/Unidade,2024-07-24T23:59:59.999999999+01:00,PROSPECTUS,https://driveimg1.intermarche.com/pt/Content/images/boitmal/produit/zoom/7FD9A923ABE11628F1F4C4B00B522C1E.jpg,,,,17,4,,,,
53584,0000030150546,,Maybelline,Máscara Colossal Curl Bounce Very Black,Embalagem de 1 unidades,8.24,8.24,1,,€/Unidade,2024-07-24T23:59:59.999999999+01:00,PROSPECTUS,https://driveimg1.intermarche.com/pt/Content/images/boitmal/produit/zoom/A037AA905D061AC81B3E299FC6F1BB59.jpg,,,,17,4,,,,
53634,3600551133201,50.0,Narta,Desodorizante Roll On Biotic Invisível,Embalagem de 50ml,2.79,55.8,50,L,€/L,2024-07-24T23:59:59.999999999+01:00,PROSPECTUS,https://driveimg1.intermarche.com/pt/Content/images/boitmal/produit/zoom/2942F7991EA1D1FE1EA0987649ABC50D.jpg,,,,17,4,,,,
53667,5054563109705,75.0,Sensodyne,Pasta de Dentes Multiprotection Branqueadora,Embalagem de 75ml,3.96,52.8,75,L,€/L,2024-07-24T23:59:59.999999999+01:00,PROSPECTUS,https://driveimg1.intermarche.com/pt/Content/images/boitmal/produit/zoom/4ECD05DE4F9A66A4E1002721FFFE0E09.jpg,https://driveimg1.intermarche.com/pt/Content/images/boitmal/produit/zoom/79C3CD129F06F9A8E203F1CDCCF40417.jpg,https://driveimg1.intermarche.com/pt/Content/images/boitmal/produit/zoom/79C3CD129F06F9A8E203F1CDCCF40417.jpg,,17,4,https://driveimg1.intermarche.com/pt/Content/images/boitmal/produit/zoom/79C3CD129F06F9A8E203F1CDCCF40417.jpg,,,
53670,5054563119827,75.0,Sensodyne,Pasta de Dentes Branqueadora Nourish Branco Saudável,Embalagem de 75ml,3.34,44.53,75,L,€/L,2024-07-24T23:59:59.999999999+01:00,PROSPECTUS,https://driveimg1.intermarche.com/pt/Content/images/boitmal/produit/zoom/130D159800BD3EBD441CCD4A909E65AF.jpg,https://driveimg1.intermarche.com/pt/Content/images/boitmal/produit/zoom/E9A3BE851B4BFFD8866CC74997851983.jpg,https://driveimg1.intermarche.com/pt/Content/images/boitmal/produit/zoom/E9A3BE851B4BFFD8866CC74997851983.jpg,,17,4,https://driveimg1.intermarche.com/pt/Content/images/boitmal/produit/zoom/E9A3BE851B4BFFD8866CC74997851983.jpg,,,
53760,8435495837145,2000.0,Gama,Detergente Máquina Roupa Líquido Frescor da Colónia,Embalagem de 45 Doses,3.99,2.0,2000,L,€/L,2024-08-02T23:59:59.999999999+01:00,PROSPECTUS,https://driveimg1.intermarche.com/pt/Content/images/boitmal/produit/zoom/66F2A8E21E7849C860A39607DF894D69.jpg,,,1000 Artigos,17,4,,,,
53921,5604260333110,250.0,Labell,"Protetor Solar Spray FPS 50+, 250ml",,5.99,23.96,250,L,€/L,2024-08-02T23:59:59.999999999+01:00,PROSPECTUS,https://driveimg1.intermarche.com/pt/Content/images/boitmal/produit/zoom/B1242136EA54B0214CAA1544DD624B9D.jpg,,,1000 Artigos,17,4,,,,
53922,5604260333127,250.0,Labell,"Protetor Solar Spray Kids Sensitive FPS 50+, 250ml",,6.49,25.96,250,L,€/L,2024-08-02T23:59:59.999999999+01:00,PROSPECTUS,https://driveimg1.intermarche.com/pt/Content/images/boitmal/produit/zoom/3A98DE117C4F1A4C47E24581277360BB.jpg,,,1000 Artigos,17,4,,,,
53924,5604260333158,200.0,Labell,"Loção Solar Cenoura FP 6, 200ml",,4.99,24.95,200,L,€/L,2024-08-02T23:59:59.999999999+01:00,PROSPECTUS,https://driveimg1.intermarche.com/pt/Content/images/boitmal/produit/zoom/76A5E0B432406BBBD3247C9FE2E08C4C.jpg,,,1000 Artigos,17,4,,,,
543,3228881083241,30.0,Lipton,20 saquetas chá digestão fácil,Embalagem de 30g,2.09,69.67,0,kg,€/Kg,2024-07-24T23:59:59.999999999+01:00,PROSPECTUS,https://driveimg1.intermarche.com/pt/Content/images/boitmal/produit/zoom/28A1713A439B692F2535F37C60AAED17.jpg,,,,17,4,,,,
544,3228881083326,30.0,Lipton,20 saquetas chá noite tranquila,Embalagem de 30g,2.09,69.67,0,kg,€/Kg,2024-07-24T23:59:59.999999999+01:00,PROSPECTUS,https://driveimg1.intermarche.com/pt/Content/images/boitmal/produit/zoom/4B6373E8CCC5E41A695E3EDADC8DBB53.jpg,,,,17,4,,,,
5632,5602445000536,750.0,Encosta das Perdizes,Vinho regional alentejano tinto,Garrafa de 750 ml,2.69,3.59,750,L,€/L,2024-08-02T23:59:59.999999999+01:00,PROSPECTUS,https://driveimg1.intermarche.com/pt/Content/images/boitmal/produit/zoom/3071A928CC77370088593218C9A3FE4D.jpg,,,1000 Artigos,17,4,,,,
5901,5604260247523,2000.0,PorSi,Gelado de morango,Embalagem de 2 l,2.99,1.5,2000,L,€/L,2024-08-02T23:59:59.999999999+01:00,PROSPECTUS,https://driveimg1.intermarche.com/pt/Content/images/boitmal/produit/zoom/D82528BBD4537BCDAF3E65EDA0ADB1B7.jpg,,,1000 Artigos,17,4,,,,
5985,5604422145209,1000.0,Macieira,Brandy,Garrafa de 1 l,15.39,15.39,1000,L,€/L,2024-07-24T23:59:59.999999999+01:00,PROSPECTUS,https://driveimg1.intermarche.com/pt/Content/images/boitmal/produit/zoom/B32E3266FD6067B7F44159A4FC61A7F0.jpg,,,,17,4,,,,
6278,8410001103877,,Scotch-Brite,Esfregão com Esponja Salva Unhas Fibra Verde Gama Classic,2 unidades,1.49,1.49,0,,€/Unidade,2024-07-24T23:59:59.999999999+01:00,PROSPECTUS,https://driveimg1.intermarche.com/pt/Content/images/boitmal/produit/zoom/E718E77E4D972A0ADC7B7B914A9452B5.jpg,,,,17,4,,,,
6281,8410001109978,,Scotch-Brite,Esfregão com Esponja Salva Unhas Ergonómico VERDE Gama Classic,Embalagem de 2 unidades,1.86,1.86,2,,€/Unidade,2024-07-24T23:59:59.999999999+01:00,PROSPECTUS,https://driveimg1.intermarche.com/pt/Content/images/boitmal/produit/zoom/2076CCC0263B6D97BDC4294E93C7B20E.jpg,,,,17,4,,,,
6475,8410436242264,1100.0,Sonasol,Lava Tudo Brilhante Madeira,"embalagem 1,1L",2.79,2.54,1100,L,€/L,2024-08-02T23:59:59.999999999+01:00,PROSPECTUS,https://driveimg1.intermarche.com/pt/Content/images/boitmal/produit/zoom/4804207F489281D6AC8C3987D7C802CA.jpg,,,1000 Artigos,17,4,,,,
854,5010394133852,500.0,Pedigree,Guloseima para cão biscrok,Embalagem de 500 g,3.49,6.98,0,kg,€/Kg,2024-07-24T23:59:59.999999999+01:00,PROSPECTUS,https://driveimg1.intermarche.com/pt/Content/images/boitmal/produit/zoom/C3696C3844F67065BEA83C1D5D8C7EB1.jpg,,,,17,4,,,,
858,5010394984669,200.0,Whiskas,Leite para gatos,Garrafa de 200 ml,1.94,9.7,200,L,€/L,2024-07-24T23:59:59.999999999+01:00,PROSPECTUS,https://driveimg1.intermarche.com/pt/Content/images/boitmal/produit/zoom/75BBA2783EC432AF7D44E46BF1F3211F.jpg,,,,17,4,,,,
883,5410041143508,100.0,Tuc,"Bolachas aperitivas, bacon",Embalagem de 100g,0.99,9.9,0,kg,€/Kg,2024-07-24T23:59:59.999999999+01:00,PROSPECTUS,https://driveimg1.intermarche.com/pt/Content/images/boitmal/produit/zoom/2FFB8648AC82415A9D0C3A5A879BF623.jpg,,,,17,4,,,,
8929,5601377319082,750.0,Monsaraz,Vinho doc alentejo branco,"Garrafa de 0,75 l",3.19,4.25,750,L,€/L,2024-08-02T23:59:59.999999999+01:00,PROSPECTUS,https://driveimg1.intermarche.com/pt/Content/images/boitmal/produit/zoom/57A61372BA394565717B5AEFA7626E3C.jpg,,,1000 Artigos,17,4,,,,
8933,5601377339080,750.0,Monsaraz,Vinho Tinto DOC Alentejo,"Garrafa de 0,75 l",3.19,4.25,750,L,€/L,2024-08-02T23:59:59.999999999+01:00,PROSPECTUS,https://driveimg1.intermarche.com/pt/Content/images/boitmal/produit/zoom/91D66AE5F752617A4B7436C49147FA1C.jpg,,,1000 Artigos,17,4,,,,
9184,5602348062754,70.0,Damatta,Presunto sabor português fatiado,Embalagem de 70 g,2.29,32.71,0,kg,€/Kg,2024-07-24T23:59:59.999999999+01:00,PROSPECTUS,https://driveimg1.intermarche.com/pt/Content/images/boitmal/produit/zoom/0A14ED361A0023E1AFBFC3FC3C5833B1.jpg,,,,17,4,,,,
944,5601001339301,200.0,Nestlé,Mistura solúvel mokambo,Embalagem de 200g,3.99,19.95,0,kg,€/Kg,2024-08-02T23:59:59.999999999+01:00,PROSPECTUS,https://driveimg1.intermarche.com/pt/Content/images/boitmal/produit/zoom/A8F3A8EB08BBF4181F15A95334F151A2.jpg,,,1000 Artigos,17,4,,,,
959,5601019012418,1000.0,Guloso,Polpa de Tomate,Embalagem de 1 kg,1.79,1.79,0,kg,€/Kg,2024-07-24T23:59:59.999999999+01:00,PROSPECTUS,https://driveimg1.intermarche.com/pt/Content/images/boitmal/produit/zoom/3B354CF768C18B28FB1B1316955F339F.jpg,,,,17,4,,,,
9751,5604661000222,500.0,Seia,Queijo de ovelha curado amanteigado,Embalagem de 500g,9.79,19.58,0,kg,€/Kg,2024-07-24T23:59:59.999999999+01:00,PROSPECTUS,https://driveimg1.intermarche.com/pt/Content/images/boitmal/produit/zoom/E4087F2DEAD0EDEA66F21D932DC8C64C.jpg,,,,17,4,,,,
13884,2891106000000,2000.0,PorSi Select,Frango do Campo Inteiro c/ Miúdos Programa Origens,Vendido ao peso,6.9,3.45,0,,€/Kg,2024-07-24T23:59:59.999999999+01:00,PROSPECTUS,https://driveimg1.intermarche.com/pt/Content/images/boitmal/produit/zoom/6B6825838652E244237081C091CB1D51.jpg,,,,17,4,,,,
958,5601019012401,500.0,Guloso,Polpa de Tomate,Embalagem de 500g,1.09,2.18,0,kg,€/Kg,2024-07-24T23:59:59.999999999+01:00,PROSPECTUS,https://driveimg1.intermarche.com/pt/Content/images/boitmal/produit/zoom/20EBC153FCFDA3F6B93B2650D6C60B2B.jpg,,,,17,4,,,,
31908,8001090134226,,Dodot,Toalhita Azul,Embalagem de 64 un.,0.99,0.99,0,,€/Unidade,2024-07-24T23:59:59.999999999+01:00,PROSPECTUS,https://driveimg1.intermarche.com/pt/Content/images/boitmal/produit/zoom/A40107D24C6ED2C9535BA1C356D2F9D5.jpg,,,,17,4,,,,
15010,2892545000000,1000.0,Programa Origens,Couve Flor,1 un = 1 kg (aprox.),1.99,1.99,0,,€/Kg,2024-07-24T23:59:59.999999999+01:00,PROSPECTUS,https://driveimg1.intermarche.com/pt/Content/images/boitmal/produit/zoom/73DF9B2986748054B9303F926F23B964.jpg,,,,17,4,,,,
13126,2893105000000,600.0,Peixaria,Dourada de Viveiro,de 600 a 800g,4.19,6.99,0,,€/Kg,2024-07-24T23:59:59.999999999+01:00,PROSPECTUS,https://driveimg1.intermarche.com/pt/Content/images/boitmal/produit/zoom/029F52875DBC51F21511F40D4DB7EF92.jpg,,,,17,4,,,,
2206,5604260265084,800.0,PorSi,Bacalhau em lombos,Embalagem de 800g,14.49,18.11,0,kg,€/Kg,2024-08-02T23:59:59.999999999+01:00,PROSPECTUS,https://driveimg1.intermarche.com/pt/Content/images/boitmal/produit/zoom/3A39DBFB4F8A5BABDA8F378C8D2032E7.jpg,,,1000 Artigos,17,4,,,,
51403,5604260325689,1000.0,PorSi,Vinagre de limpeza,Garrafa de 1 l,0.95,0.95,1000,L,€/L,2024-08-02T23:59:59.999999999+01:00,PROSPECTUS,https://driveimg1.intermarche.com/pt/Content/images/boitmal/produit/zoom/D97716AE40F4384225AEA397971D7BFD.jpg,,,1000 Artigos,17,4,,,,
52361,5604260330485,200.0,PorSi,Pão Especial para Hamburguer,4 Unidades,0.89,4.45,0,kg,€/Kg,2024-08-02T23:59:59.999999999+01:00,PROSPECTUS,https://driveimg1.intermarche.com/pt/Content/images/boitmal/produit/zoom/E7F20C90E07EBB93C3E37B236831802D.jpg,,,1000 Artigos,17,4,,,,
1189,5601119007987,250.0,Nobre,Salsichas de porco,Lata de 250g,1.67,6.68,0,kg,€/Kg,2024-07-24T23:59:59.999999999+01:00,PROSPECTUS,https://driveimg1.intermarche.com/pt/Content/images/boitmal/produit/zoom/098AB25EB23B66D623E253A97FD15BDF.jpg,,,,17,4,,,,
16593,2696081000000,60.0,Padaria,Carcaça Forno de Pedra,1 un = 60 gr (aprox.),0.19,3.17,0,kg,€/Kg,2024-07-24T23:59:59.999999999+01:00,PROSPECTUS,https://driveimg1.intermarche.com/pt/Content/images/boitmal/produit/zoom/B1CD30CEA45F091D5F9093675329BA5E.jpg,,,,17,4,,,,
47102,5603722520198,250.0,Mimosa,Manteiga com sal e sem lactose,Embalagem de 250g,2.29,9.16,0,kg,€/Kg,2024-07-24T23:59:59.999999999+01:00,PROSPECTUS,https://driveimg1.intermarche.com/pt/Content/images/boitmal/produit/zoom/B591AEA7549E84BED541D0651A14575A.jpg,https://driveimg1.intermarche.com/pt/Content/images/boitmal/produit/zoom/03F85375587D6FDFB4925819A11BDAE0.jpg,https://driveimg1.intermarche.com/pt/Content/images/boitmal/produit/zoom/851EE75BBBA7A9986AE9578DEC17E3F9.jpg,,17,4,,,,
1309,5601151979105,1250.0,Sumol,"Refrigerante com gás, ananás","Garrafa de 1,25 l",1.09,0.87,1250,L,€/L,2024-08-02T23:59:59.999999999+01:00,PROSPECTUS,https://driveimg1.intermarche.com/pt/Content/images/boitmal/produit/zoom/BEECBA2128529C8FAEEDAE9896BFB132.jpg,,,1000 Artigos,17,4,,,,
8996,5601511000357,200.0,Limiano,"Queijo em fatias -50% gordura, 200g",,2.29,11.45,0,kg,€/Kg,2024-07-24T23:59:59.999999999+01:00,PROSPECTUS,https://driveimg1.intermarche.com/pt/Content/images/boitmal/produit/zoom/A6B93C0CB6D9BBBEB1609EFDC3F10F68.jpg,,,,17,4,,,,
13175,2893160000000,300.0,Marisco,Mexilhão Médio Fresco,Vendido ao peso,0.69,2.29,0,,€/Kg,2024-07-24T23:59:59.999999999+01:00,PROSPECTUS,https://driveimg1.intermarche.com/pt/Content/images/boitmal/produit/zoom/1B99F057F8C4C1BA9A19D558FEEB76B4.jpg,,,,17,4,,,,
49554,5604260323661,,PorSi,Toalhitas Bebé Recarga,Embalagem de 4 x 72 unidades,3.99,3.99,0,,€/Unidade,2024-07-24T23:59:59.999999999+01:00,PROSPECTUS,https://driveimg1.intermarche.com/pt/Content/images/boitmal/produit/zoom/16432E31C56080AB416227F0FEB4EF8D.jpg,,,,17,4,,,,
