identifier,produitEan13,capacite,marque,libelle,conditionnement,prix,unitPrice,volume,typeProduit_uniteByCode,unit_value,pictogrammes_0,pictogrammes_libelleCategorie,images_0,images_1,images_2,images_3,images_4,images_5,images_6,images_7,avantages_dateFin,avantages_categorie,nro_paginas,page
13866,2891048000000,1000.0,Porco,Bifanas,Vendido ao peso a partir de 1 kg,3.99,3.99,0,,€/Kg,,,https://driveimg1.intermarche.com/pt/Content/images/boitmal/produit/zoom/72DE0DA6B485199AC995C629E3E4D279.jpg,,,,,,,,2025-02-12T23:59:59.999999999Z,PROSPECTUS,9,1
1195,5601119230224,650.0,Nobre,"Salsichas extra suculentas, frasco de 650 g",,2.09,3.22,0,kg,€/Kg,,,https://driveimg1.intermarche.com/pt/Content/images/boitmal/produit/zoom/F74C2FC7C8B9C0B3ED0E43FFE3B59991.jpg,,,,,,,,2025-02-12T23:59:59.999999999Z,PROSPECTUS,9,1
11655,5601195101142,1980.0,Pedras Salgadas,"Água com gás natural pet, pack 6 x 0.33 l",,2.49,1.26,1980,L,€/L,,,https://driveimg1.intermarche.com/pt/Content/images/boitmal/produit/zoom/702FFA9017CB152B0B80B7BA93CF9B54.jpg,,,,,,,,2025-02-12T23:59:59.999999999Z,PROSPECTUS,9,1
12978,2892462000000,400.0,Legumes,Alface Frisada,1 un= 400 g (aprox.),0.68,1.69,0,,€/Kg,,,https://driveimg1.intermarche.com/pt/Content/images/boitmal/produit/zoom/11753DE36CD8D1B450ED5A40B08A088C.jpg,,,,,,,,2025-02-12T23:59:59.999999999Z,PROSPECTUS,9,1
6398,8410372182303,75.0,Colgate,"Dentifríco flúor gel, embalagem de 75 ml",,1.99,26.53,75,L,€/L,,,https://driveimg1.intermarche.com/pt/Content/images/boitmal/produit/zoom/3F011A79E5A34E1D47A1369D50D1C53B.jpg,,,,,,,,2025-02-12T23:59:59.999999999Z,PROSPECTUS,9,1
4687,5000116105212,375.0,Iglo,"Ervilhas, embalagem de 375g",,1.89,5.04,0,kg,€/Kg,,Tipo de stockagem,https://driveimg1.intermarche.com/pt/Content/images/boitmal/produit/zoom/6C528FEBBEDC5462386A3AB117EEBFD4.jpg,,,,,,,,2025-02-12T23:59:59.999999999Z,PROSPECTUS,9,1
16492,8718951037847,500.0,Ajax,"Limpa vidros pistola, tripla acção, embalagem de 500 ml",,1.97,3.94,500,L,€/L,,,https://driveimg1.intermarche.com/pt/Content/images/boitmal/produit/zoom/835152AD536CA633AE488A10E244161F.jpg,,,,,,,,2025-02-12T23:59:59.999999999Z,PROSPECTUS,9,1
5137,5601078005017,750.0,Grao Vasco,"Vinho doc dão tinto, garrafa de 750 ml",,3.35,4.47,750,L,€/L,,,https://driveimg1.intermarche.com/pt/Content/images/boitmal/produit/zoom/A49446DA70D634A26DC6B1DBA802B307.jpg,,,,,,,,2025-02-12T23:59:59.999999999Z,PROSPECTUS,9,1
15943,7613034096593,60.0,Felix,"Snack para gato chezzy, 60g",,1.49,24.83,0,kg,€/Kg,,,https://driveimg1.intermarche.com/pt/Content/images/boitmal/produit/zoom/C19CF0D792DF8707E6BCF2F0AA71B408.jpg,,,,,,,,2025-02-12T23:59:59.999999999Z,PROSPECTUS,9,1
47110,7613287218766,110.0,Nestlé,Bolsitas de puré de multifrutas,Embalagem de 110g,0.73,6.64,0,kg,€/Kg,,,https://driveimg1.intermarche.com/pt/Content/images/boitmal/produit/zoom/3A0DC006BA90FE4ED51AF00C38870697.jpg,,,,,,,,2025-02-12T23:59:59.999999999Z,PROSPECTUS,9,1
38049,8001841361079,340.0,Fairy,Detergente liquido para loiça limão,Embalagem de 340 ml,1.59,4.68,340,L,€/L,,,https://driveimg1.intermarche.com/pt/Content/images/boitmal/produit/zoom/891C1A351AEA276EEBCE41056BBE823B.jpg,,,,,,,,2025-02-12T23:59:59.999999999Z,PROSPECTUS,9,1
44240,8410500010539,1200.0,Danone,"Iogurte líquido de morango kids, pack 12 x 100 g",,4.99,4.16,0,kg,€/Kg,,,https://driveimg1.intermarche.com/pt/Content/images/boitmal/produit/zoom/675F0D6784FF916C81A6BE90AA600C99.jpg,,,,,,,,2025-02-12T23:59:59.999999999Z,PROSPECTUS,9,1
40233,8718951078994,,Colgate,"Escova de dentes manual kids, 2 unidades",,2.59,2.59,2,,€/Unidade,,,https://driveimg1.intermarche.com/pt/Content/images/boitmal/produit/zoom/91E96A0D47F686A47CF5736FF55B7C33.jpg,,,,,,,,2025-02-12T23:59:59.999999999Z,PROSPECTUS,9,1
49775,8445290217240,90.0,Gerber,"Nutrição infantil manga bio, 90g",,0.76,8.44,0,kg,€/Kg,,,https://driveimg1.intermarche.com/pt/Content/images/boitmal/produit/zoom/34F2B4E83940FFE495C18EAECEE39019.jpg,,,,,,,,2025-02-12T23:59:59.999999999Z,PROSPECTUS,9,1
22335,5000116110940,420.0,Capitão Iglo,"15 douradinhos, embalagem de 420g",,4.99,11.88,0,kg,€/Kg,,Tipo de stockagem,https://driveimg1.intermarche.com/pt/Content/images/boitmal/produit/zoom/3973A8C90F686ECB72E76C3B0A0492D4.jpg,,,,,,,,2025-02-12T23:59:59.999999999Z,PROSPECTUS,9,1
20624,7613034998040,90.0,Purina One,"Biscoito para cão nuggets, embalagem de 90g",,1.49,16.56,0,kg,€/Kg,,,https://driveimg1.intermarche.com/pt/Content/images/boitmal/produit/zoom/313EA63290E41610E99C1F8CFB5B9E04.jpg,,,,,,,,2025-02-12T23:59:59.999999999Z,PROSPECTUS,9,1
14865,2696212000000,,Pastelaria,Folhado Misto 90 g,,0.69,0.69,0,,€/Unidade,,,https://driveimg1.intermarche.com/pt/Content/images/boitmal/produit/zoom/164C27A781A7C68A965295D85BB7D95F.jpg,,,,,,,,2025-02-12T23:59:59.999999999Z,PROSPECTUS,9,1
9239,5603016000542,750.0,Fonte nico,"Vinho rosé regional península de setúbal, garrafa de 750 ml",,1.55,2.07,750,L,€/L,,,https://driveimg1.intermarche.com/pt/Content/images/boitmal/produit/zoom/3B6DA5A3CBA1B0CE99BD3CD43BFCA236.jpg,,,,,,,,2025-02-12T23:59:59.999999999Z,PROSPECTUS,9,1
13914,2891225000000,350.0,Frango,Perna com Costa,1 un. = 300 g (aprox.),0.8,2.29,0,,€/Kg,,,https://driveimg1.intermarche.com/pt/Content/images/boitmal/produit/zoom/D1297D1CD095629263E582A65B4C3857.jpg,,,,,,,,2025-02-12T23:59:59.999999999Z,PROSPECTUS,9,1
12994,2892524000000,100.0,Legumes,Cenoura Granel,1 un = 100 gr (aprox.),0.09,0.85,0,,€/Kg,,,https://driveimg1.intermarche.com/pt/Content/images/boitmal/produit/zoom/5AEDEF3ED6ABEF24EACEE9C46AA7916F.jpg,,,,,,,,2025-02-12T23:59:59.999999999Z,PROSPECTUS,9,1
24921,5604260281855,500.0,PorSi,Massas espirais tricolores,Embalagem 500G,0.79,1.58,0,kg,€/Kg,,,https://driveimg1.intermarche.com/pt/Content/images/boitmal/produit/zoom/5CE58905BD4CA1FD470803CD9B488D04.jpg,,,,,,,,2025-02-12T23:59:59.999999999Z,PROSPECTUS,9,1
13865,2891042000000,1000.0,Porco,Costeletas do Cachaço,Vendido ao peso a partir de 1 kg,4.98,4.98,0,,€/Kg,,,https://driveimg1.intermarche.com/pt/Content/images/boitmal/produit/zoom/D0D96FA697CD7DF7D0B353E0ED0B1193.jpg,,,,,,,,2025-02-12T23:59:59.999999999Z,PROSPECTUS,9,1
37745,5604260301874,540.0,PorSi,Grão de bico,Frasco com 540 g,0.85,1.57,0,kg,€/Kg,,,https://driveimg1.intermarche.com/pt/Content/images/boitmal/produit/zoom/ABBBFB42757051E49B0E75B4C2EB061F.jpg,,,,,,,,2025-02-12T23:59:59.999999999Z,PROSPECTUS,9,1
42776,5604260304714,200.0,PorSi,Fiambre da pá fatiado,200 g,1.59,7.95,0,kg,€/Kg,,,https://driveimg1.intermarche.com/pt/Content/images/boitmal/produit/zoom/8A131F94BE57C970A8C2BBD2F93B5A56.jpg,https://driveimg1.intermarche.com/pt/Content/images/boitmal/produit/zoom/4BF6C4B7F27D2FA729AB427C5AFC4D32.jpg,https://driveimg1.intermarche.com/pt/Content/images/boitmal/produit/zoom/4BF6C4B7F27D2FA729AB427C5AFC4D32.jpg,https://driveimg1.intermarche.com/pt/Content/images/boitmal/produit/zoom/4BF6C4B7F27D2FA729AB427C5AFC4D32.jpg,https://driveimg1.intermarche.com/pt/Content/images/boitmal/produit/zoom/4BF6C4B7F27D2FA729AB427C5AFC4D32.jpg,https://driveimg1.intermarche.com/pt/Content/images/boitmal/produit/zoom/4BF6C4B7F27D2FA729AB427C5AFC4D32.jpg,https://driveimg1.intermarche.com/pt/Content/images/boitmal/produit/zoom/4BF6C4B7F27D2FA729AB427C5AFC4D32.jpg,,2025-02-12T23:59:59.999999999Z,PROSPECTUS,9,1
13781,2892323000000,250.0,Fruta,Uva Red Globe,1 un = 250 gr  (aprox.),0.87,3.49,0,,€/Kg,,,https://driveimg1.intermarche.com/pt/Content/images/boitmal/produit/zoom/0CB9D5C0FE47F5D642EA2D42574AAC35.jpg,,,,,,,,2025-02-12T23:59:59.999999999Z,PROSPECTUS,9,1
13893,2891043000000,1000.0,Porco,Entrecosto,Vendido ao peso a partir de 1 kg,5.99,5.99,0,,€/Kg,,,https://driveimg1.intermarche.com/pt/Content/images/boitmal/produit/zoom/AA05EE99D302D59771FCC108473E0700.jpg,,,,,,,,2025-02-12T23:59:59.999999999Z,PROSPECTUS,9,1
14921,2892534000000,400.0,Legumes,Couve Bróculo,Vendido ao peso,0.8,1.99,0,,€/Kg,,,https://driveimg1.intermarche.com/pt/Content/images/boitmal/produit/zoom/4F48873F332B6ECE759CD88793270811.jpg,,,,,,,,2025-02-12T23:59:59.999999999Z,PROSPECTUS,9,1
13821,2892597000000,200.0,Legumes,Tomate Cacho,1 un = 200 gr (aprox.),0.34,1.69,0,,€/Kg,,,https://driveimg1.intermarche.com/pt/Content/images/boitmal/produit/zoom/FD67F77AFAB450B6A4FA38E0279E6686.jpg,,,,,,,,2025-02-12T23:59:59.999999999Z,PROSPECTUS,9,1
14882,2891118000000,1600.0,Frango,Frango Inteiro Grande,1 un = 1.6 kg (aprox.),3.66,2.29,0,,€/Kg,,,https://driveimg1.intermarche.com/pt/Content/images/boitmal/produit/zoom/3581EC31F0B1F288A68020FE172EC513.jpg,,,,,,,,2025-02-12T23:59:59.999999999Z,PROSPECTUS,9,1
36728,5604260294343,1000.0,PorSi,Arroz carolino,Embalagem de 1 kg,1.25,1.25,0,kg,€/Kg,,,https://driveimg1.intermarche.com/pt/Content/images/boitmal/produit/zoom/E73547DEDC8C241F694472535154DB1E.jpg,,,,,,,,2025-02-12T23:59:59.999999999Z,PROSPECTUS,9,1
13242,2893227000000,200.0,Peixaria,Robalo de Viveiro,de 200 a 600 g (aprox.),1.2,5.99,0,,€/Kg,,,https://driveimg1.intermarche.com/pt/Content/images/boitmal/produit/zoom/A78EB4330416D93C926049780B1174CB.jpg,,,,,,,,2025-02-12T23:59:59.999999999Z,PROSPECTUS,9,1
11925,5603089002221,200.0,Parmalat,"Nata uht para culinária, embalagem de 200 ml",,0.91,4.55,200,L,€/L,,,https://driveimg1.intermarche.com/pt/Content/images/boitmal/produit/zoom/6D33922CAD380AFD4F287905CBB6BE3F.jpg,,,,,,,,2025-02-12T23:59:59.999999999Z,PROSPECTUS,9,1
13094,2893070000000,150.0,Peixaria,Carapau Médio Fresco,1 un = 150 gr (aprox.),0.52,3.49,0,,€/Kg,,,https://driveimg1.intermarche.com/pt/Content/images/boitmal/produit/zoom/C719A6444DC37C9A261D77254DB81336.jpg,,,,,,,,2025-02-12T23:59:59.999999999Z,PROSPECTUS,9,1
13897,2891053000000,1000.0,Porco,Lombo sem Osso,Vendido ao peso a partir de 1 kg,4.99,4.99,0,,€/Kg,,,https://driveimg1.intermarche.com/pt/Content/images/boitmal/produit/zoom/415564DA70574ED3C1D7475F1F28BDB6.jpg,,,,,,,,2025-02-12T23:59:59.999999999Z,PROSPECTUS,9,1
13956,2891205000000,50.0,Porco,Salsicha Brasileira,1 un = 50 gr (aprox.),0.25,4.99,0,,€/Kg,,,https://driveimg1.intermarche.com/pt/Content/images/boitmal/produit/zoom/F6298C19D94A9653E5F3E3E4F0DEBFCF.jpg,,,,,,,,2025-02-12T23:59:59.999999999Z,PROSPECTUS,9,1
43329,5604260310098,400.0,PorSi,Sopa de Agrião,Embalagem de 400g,1.49,3.73,0,kg,€/Kg,,,https://driveimg1.intermarche.com/pt/Content/images/boitmal/produit/zoom/907313DBDD5DC60683153ADA62DF8F21.jpg,https://driveimg1.intermarche.com/pt/Content/images/boitmal/produit/zoom/F91FE746E7285B80A613574BB16A67A2.jpg,https://driveimg1.intermarche.com/pt/Content/images/boitmal/produit/zoom/F91FE746E7285B80A613574BB16A67A2.jpg,https://driveimg1.intermarche.com/pt/Content/images/boitmal/produit/zoom/F91FE746E7285B80A613574BB16A67A2.jpg,https://driveimg1.intermarche.com/pt/Content/images/boitmal/produit/zoom/F91FE746E7285B80A613574BB16A67A2.jpg,https://driveimg1.intermarche.com/pt/Content/images/boitmal/produit/zoom/F91FE746E7285B80A613574BB16A67A2.jpg,https://driveimg1.intermarche.com/pt/Content/images/boitmal/produit/zoom/F91FE746E7285B80A613574BB16A67A2.jpg,https://driveimg1.intermarche.com/pt/Content/images/boitmal/produit/zoom/F91FE746E7285B80A613574BB16A67A2.jpg,2025-02-12T23:59:59.999999999Z,PROSPECTUS,9,1
1135,5601082022758,250.0,Delta,Café torrado lote chávena máquina,Embalagem de 250g,2.89,11.56,0,kg,€/Kg,,,https://driveimg1.intermarche.com/pt/Content/images/boitmal/produit/zoom/13E9F03FF8FB53EE57516E14277CD628.jpg,,,,,,,,2025-02-12T23:59:59.999999999Z,PROSPECTUS,9,1
11641,5601180001020,1000.0,Vigor,Leite pasteurizado meio gordo,Garrafa de 1 l,0.98,0.98,1000,L,€/L,,,https://driveimg1.intermarche.com/pt/Content/images/boitmal/produit/zoom/C25BCB5001E1A92DAA543A65EC5B2802.jpg,,,,,,,,2025-02-12T23:59:59.999999999Z,PROSPECTUS,9,1
1293,5601151398104,630.0,Compal,"Pack de 3 embalagens de polpa de tomate, embalagem de 630g",,1.49,2.37,0,kg,€/Kg,,,https://driveimg1.intermarche.com/pt/Content/images/boitmal/produit/zoom/BC7D38B0892D2B72B99AEECF05E81523.jpg,,,,,,,,2025-02-12T23:59:59.999999999Z,PROSPECTUS,9,1
13026,2892205000000,150.0,Fruta,Maçã Granny Smith,1 un = 150 gr (aprox.),0.25,1.69,0,,€/Kg,,,https://driveimg1.intermarche.com/pt/Content/images/boitmal/produit/zoom/3B77F05FE765B9D00E209F1A980CE31B.jpg,,,,,,,,2025-02-12T23:59:59.999999999Z,PROSPECTUS,9,1
16939,7622210475411,171.0,Triunfo,"Bolacha digestiva go canela, embalagem de 170g",,1.49,8.71,0,kg,€/Kg,,,https://driveimg1.intermarche.com/pt/Content/images/boitmal/produit/zoom/D9C53D2478AF2B3727D495A573D3A599.jpg,,,,,,,,2025-02-12T23:59:59.999999999Z,PROSPECTUS,9,1
1709,5604055111060,6000.0,Fastio,"Água mineral sem gás, embalagem de 6 l",,1.49,0.25,6000,L,€/L,,,https://driveimg1.intermarche.com/pt/Content/images/boitmal/produit/zoom/6EFB8FD4D0614752BB5925C1048B82B3.jpg,,,,,,,,2025-02-12T23:59:59.999999999Z,PROSPECTUS,9,1
17189,5603344531107,110.0,General,"Atum em posta, em azeite, embalagem de 110g",,1.49,13.55,0,kg,€/Kg,,,https://driveimg1.intermarche.com/pt/Content/images/boitmal/produit/zoom/9B578FD57DAE66EA731A200412CF6D79.jpg,,,,,,,,2025-02-12T23:59:59.999999999Z,PROSPECTUS,9,1
1847,5604260301683,540.0,PorSi,Feijão branco,Embalagem de 540g,0.85,1.57,0,kg,€/Kg,,,https://driveimg1.intermarche.com/pt/Content/images/boitmal/produit/zoom/65F3549F5DD8B5CB836B8FAB01DCCC43.jpg,,,,,,,,2025-02-12T23:59:59.999999999Z,PROSPECTUS,9,1
18488,5600744051013,220.0,Saborosa,"Bolacha de manteiga belga original, embalagem de 220g",,1.59,7.23,0,kg,€/Kg,,,https://driveimg1.intermarche.com/pt/Content/images/boitmal/produit/zoom/435E3C8EAE2EA4A45A8BB3A81B14CF20.jpg,,,,,,,,2025-02-12T23:59:59.999999999Z,PROSPECTUS,9,1
18489,5600744051020,198.0,Saborosa,"Bolacha de manteiga belga com chocolate, embalagem de 200g",,1.64,8.28,0,kg,€/Kg,,,https://driveimg1.intermarche.com/pt/Content/images/boitmal/produit/zoom/96C31A82D017146C1ADBA7AC747D4690.jpg,,,,,,,,2025-02-12T23:59:59.999999999Z,PROSPECTUS,9,1
250,2892150000000,300.0,Fruta,Abacate,1 un. = 300 g (aprox.),1.05,3.49,0,,€/Kg,,,https://driveimg1.intermarche.com/pt/Content/images/boitmal/produit/zoom/E9095394002D145B7F2ABE932415A1F1.jpg,,,,,,,,2025-02-12T23:59:59.999999999Z,PROSPECTUS,9,1
38118,5604260301997,2000.0,PorSi,"Iogurte pedaços frutas variadas, 16 x 125 g",,4.59,2.3,0,kg,€/Kg,,,https://driveimg1.intermarche.com/pt/Content/images/boitmal/produit/zoom/1928521ADA1E03C1AA27AC6E397A3F41.jpg,,,,,,,,2025-02-12T23:59:59.999999999Z,PROSPECTUS,9,1
8391,5601049159992,1000.0,Mimosa,"Leite especial cálcio + vitamina d magro, de 1l",,0.98,0.98,1000,L,€/L,,,https://driveimg1.intermarche.com/pt/Content/images/boitmal/produit/zoom/22E6964D6A2F2B922BCB40BB341AE902.jpg,,,,,,,,2025-02-12T23:59:59.999999999Z,PROSPECTUS,9,1
8396,5601049614330,250.0,Milhafre,"Manteiga com sal, embalagem de 250g",,1.99,7.96,0,kg,€/Kg,,,https://driveimg1.intermarche.com/pt/Content/images/boitmal/produit/zoom/8DCB9F2F3B36086D35B7173891ABA268.jpg,,,,,,,,2025-02-12T23:59:59.999999999Z,PROSPECTUS,9,1
10091,8410100059839,360.0,Nestlé,"Queijinho petit nesquik, embalagem de 6 x 60g",,2.79,7.75,0,kg,€/Kg,,,https://driveimg1.intermarche.com/pt/Content/images/boitmal/produit/zoom/88B248C453A669F7E350B1DDEC2F3C33.jpg,,,,,,,,2025-02-12T23:59:59.999999999Z,PROSPECTUS,9,1
11297,5000127524026,300.0,Kellogg's,"Cereais special k, frutos vermelhos",Embalagem de 300g,2.99,9.97,0,kg,€/Kg,,,https://driveimg1.intermarche.com/pt/Content/images/boitmal/produit/zoom/CB255FE180D4EB8D64E75856EC06E921.jpg,,,,,,,,2025-02-12T23:59:59.999999999Z,PROSPECTUS,9,1
11656,5601195510128,1000.0,Pedras Salgadas,"Água com gás limão, pack 4 x 0.25 l",,1.99,1.99,1000,L,€/L,,,https://driveimg1.intermarche.com/pt/Content/images/boitmal/produit/zoom/B17C3B681260FB1EF3C3D602C2A48DB7.jpg,,,,,,,,2025-02-12T23:59:59.999999999Z,PROSPECTUS,9,1
11987,5604055112821,2500.0,Fastio,"Água mineral sem gás, garrafa de 2,5 l",,1.09,0.44,2500,L,€/L,,,https://driveimg1.intermarche.com/pt/Content/images/boitmal/produit/zoom/FB893DB3E3427BD2F4F475F8A8AF7AFA.jpg,,,,,,,,2025-02-12T23:59:59.999999999Z,PROSPECTUS,9,1
1292,5601151354452,1000.0,Compal,"Néctar vital equilibrio manga e laranja, 1 l",,1.26,1.26,1000,L,€/L,,,https://driveimg1.intermarche.com/pt/Content/images/boitmal/produit/zoom/1F825A70CAB773F623AA6F5B800DE1F4.jpg,,,,,,,,2025-02-12T23:59:59.999999999Z,PROSPECTUS,9,1
13892,2891041000000,1000.0,Porco,Costeletas do Lombo,Vendido ao peso a partir de 1 kg,4.49,4.49,0,,€/Kg,,,https://driveimg1.intermarche.com/pt/Content/images/boitmal/produit/zoom/589E4AFE71E19AF7FEB32FB0C0E176FF.jpg,,,,,,,,2025-02-12T23:59:59.999999999Z,PROSPECTUS,9,1
1462,5601286231772,250.0,Milaneza,"Massa, estrelinhas, embalagem de 250g",,0.62,2.48,0,kg,€/Kg,,,https://driveimg1.intermarche.com/pt/Content/images/boitmal/produit/zoom/3936C365D7B95744ED545201CA491D61.jpg,,,,,,,,2025-02-12T23:59:59.999999999Z,PROSPECTUS,9,1
16365,5604055112005,1000.0,Fastio,"Água sem gás, garrafa de 1 l",,0.47,0.47,1000,L,€/L,,,https://driveimg1.intermarche.com/pt/Content/images/boitmal/produit/zoom/D9A5DA87896331814D054CBE16430809.jpg,,,,,,,,2025-02-12T23:59:59.999999999Z,PROSPECTUS,9,1
1816,5604260301775,540.0,PorSi,Feijão frade,Embalagem de 540g,0.85,1.57,0,kg,€/Kg,,,https://driveimg1.intermarche.com/pt/Content/images/boitmal/produit/zoom/F863BEC0F48D2513FC0D1879484DF975.jpg,,,,,,,,2025-02-12T23:59:59.999999999Z,PROSPECTUS,9,1
22232,8410320104500,80.0,Campofrio,"Salame fatiado, embalagem de 80g",,1.59,19.88,0,kg,€/Kg,,,https://driveimg1.intermarche.com/pt/Content/images/boitmal/produit/zoom/B989DC79BAD10F2BF93E42F2FFD0E3D8.jpg,,,,,,,,2025-02-12T23:59:59.999999999Z,PROSPECTUS,9,1
2406,5608543000102,30.0,Tetley,Chá preto,Embalagem de 30g,1.29,43.0,0,kg,€/Kg,,,https://driveimg1.intermarche.com/pt/Content/images/boitmal/produit/zoom/D3C0F9FE6B1C09C70D614E0CDECAD3A6.jpg,,,,,,,,2025-02-12T23:59:59.999999999Z,PROSPECTUS,9,1
25597,5601151979303,1200.0,Bongo,"Néctar 8 frutos, pack 6 x 200 ml",,2.29,1.91,1200,L,€/L,,,https://driveimg1.intermarche.com/pt/Content/images/boitmal/produit/zoom/58E322AC82399BF9CBCFBEBC2BD370F4.jpg,,,,,,,,2025-02-12T23:59:59.999999999Z,PROSPECTUS,9,1
2749,8410063046532,350.0,Pescanova,"Miolo de camarão 80/100, embalagem de 350g",,6.99,19.97,0,kg,€/Kg,,Tipo de stockagem,https://driveimg1.intermarche.com/pt/Content/images/boitmal/produit/zoom/0EA75135180DC26543A97F342303334A.jpg,,,,,,,,2025-02-12T23:59:59.999999999Z,PROSPECTUS,9,1
30712,5000116124152,800.0,Iglo,"Ervilhas primavera, embalagem de 800g",,4.48,5.6,0,kg,€/Kg,,Tipo de stockagem,https://driveimg1.intermarche.com/pt/Content/images/boitmal/produit/zoom/CA98AA2D7349A9F54B21FC2B5D9F9E1D.jpg,,,,,,,,2025-02-12T23:59:59.999999999Z,PROSPECTUS,9,1
3526,2894034000000,150.0,Nobre,Fiambre da Perna Extra,1 un = 150 gr (aprox.),2.25,14.99,0,,€/Kg,,,https://driveimg1.intermarche.com/pt/Content/images/boitmal/produit/zoom/C76D05EF052819EDC79567520AD2D260.jpg,,,,,,,,2025-02-12T23:59:59.999999999Z,PROSPECTUS,9,1
35656,5604260292820,300.0,PorSi,Línguas de veado,Embalagem de 300 g,1.79,5.97,0,kg,€/Kg,,,https://driveimg1.intermarche.com/pt/Content/images/boitmal/produit/zoom/35BDBE40247F5B1164D1BD4AE4B35110.jpg,,,,,,,,2025-02-12T23:59:59.999999999Z,PROSPECTUS,9,1
36768,5604260298198,400.0,PorSi,Creme de Coentros sem Batata,Embalagem de 400 g,1.49,3.73,0,kg,€/Kg,,,https://driveimg1.intermarche.com/pt/Content/images/boitmal/produit/zoom/DA11B82F944212F634532707DD36862D.jpg,,,,,,,,2025-02-12T23:59:59.999999999Z,PROSPECTUS,9,1
36769,5604260298181,400.0,PorSi,Creme de Cenoura,Embalagem de 400 g,1.39,3.48,0,kg,€/Kg,,,https://driveimg1.intermarche.com/pt/Content/images/boitmal/produit/zoom/2485E967DCAC9314BFFB9A360410B3B6.jpg,,,,,,,,2025-02-12T23:59:59.999999999Z,PROSPECTUS,9,1
37923,5604260300990,1000.0,PorSi Viva Bem,Bebida de Amêndoa,1 litro,1.25,1.25,1000,L,€/L,,,https://driveimg1.intermarche.com/pt/Content/images/boitmal/produit/zoom/74B05726BD16B03D5A528D4778757940.jpg,,,,,,,,2025-02-12T23:59:59.999999999Z,PROSPECTUS,9,1
41447,5601082047812,,Delta Q,Café mythiq,Embalagem com 40 cápsulas,14.99,14.99,0,,€/Unidade,,,https://driveimg1.intermarche.com/pt/Content/images/boitmal/produit/zoom/B58BECEDE4BA3A9AAD2A25898792041E.jpg,,,,,,,,2025-02-12T23:59:59.999999999Z,PROSPECTUS,9,1
41874,8718951313316,75.0,Colgate,"Pasta dentífrica cool mint, 75 ml",,2.16,28.8,75,L,€/L,,,https://driveimg1.intermarche.com/pt/Content/images/boitmal/produit/zoom/2DAA61BE6D06A4399D41EFB19DA0D088.jpg,,,,,,,,2025-02-12T23:59:59.999999999Z,PROSPECTUS,9,1
42841,5604260307869,100.0,PorSi,Queijo flamengo sticks 5x20g,Embalagem de 100g,1.79,17.9,0,kg,€/Kg,,,https://driveimg1.intermarche.com/pt/Content/images/boitmal/produit/zoom/7A865A047C280635359F45C9780680C4.jpg,https://driveimg1.intermarche.com/pt/Content/images/boitmal/produit/zoom/0C018978A9472C7823567BD24C2B49D6.jpg,https://driveimg1.intermarche.com/pt/Content/images/boitmal/produit/zoom/0C018978A9472C7823567BD24C2B49D6.jpg,https://driveimg1.intermarche.com/pt/Content/images/boitmal/produit/zoom/0C018978A9472C7823567BD24C2B49D6.jpg,https://driveimg1.intermarche.com/pt/Content/images/boitmal/produit/zoom/0C018978A9472C7823567BD24C2B49D6.jpg,https://driveimg1.intermarche.com/pt/Content/images/boitmal/produit/zoom/0C018978A9472C7823567BD24C2B49D6.jpg,,,2025-02-12T23:59:59.999999999Z,PROSPECTUS,9,1
43131,5601050036763,120.0,Danone,"Mars m&ms x1 van-milk choc,  120g",,0.99,8.25,0,kg,€/Kg,,,https://driveimg1.intermarche.com/pt/Content/images/boitmal/produit/zoom/2D97E1974627567FC4FBE4D8D8085C93.jpg,,,,,,,,2025-02-12T23:59:59.999999999Z,PROSPECTUS,9,1
45875,4005900388810,150.0,Nivea Men,"Desodorizante spray cool kick, 150 ml",,2.69,17.93,150,L,€/L,,,https://driveimg1.intermarche.com/pt/Content/images/boitmal/produit/zoom/FF08F460974B7D9B6A9FEDD00802151C.jpg,,,,,,,,2025-02-12T23:59:59.999999999Z,PROSPECTUS,9,1
46228,7613287530813,300.0,Nestlé,Cereais chocolate,Embalagem de 300g,1.94,6.47,0,kg,€/Kg,,,https://driveimg1.intermarche.com/pt/Content/images/boitmal/produit/zoom/F97E591C38F55CB2175E550B1869F227.jpg,,,,,,,,2025-02-12T23:59:59.999999999Z,PROSPECTUS,9,1
46847,5604260316205,500.0,PorSi,Laços tricolores,Embalagem de 500 g,0.99,1.98,0,kg,€/Kg,,,https://driveimg1.intermarche.com/pt/Content/images/boitmal/produit/zoom/26FB05A80D25E9387A8ADB50077F254D.jpg,,,,,,,,2025-02-12T23:59:59.999999999Z,PROSPECTUS,9,1
49258,8718951476271,75.0,Colgate,Pasta de Dentes Gengivas Limpeza Interdentária,Embalagem de 75 ml,3.24,43.2,75,L,€/L,,,https://driveimg1.intermarche.com/pt/Content/images/boitmal/produit/zoom/71413787DADCB43D7EE037F2CCCABD18.jpg,,,,,,,,2025-02-12T23:59:59.999999999Z,PROSPECTUS,9,1
5036,5601028012164,,Renova,"Papel higiénico compacto, extra xxl, 6 rolos",Uma embalagem,2.96,2.96,0,,€/Unidade,,,https://driveimg1.intermarche.com/pt/Content/images/boitmal/produit/zoom/9367736D84791631B6A81B574D2BBA50.jpg,https://driveimg1.intermarche.com/pt/Content/images/boitmal/produit/zoom/1F9398A5B85712D9E30015F112CCAF6E.jpg,https://driveimg1.intermarche.com/pt/Content/images/boitmal/produit/zoom/84ED764CBC37072F87BD089140194A37.jpg,,,,,,2025-02-12T23:59:59.999999999Z,PROSPECTUS,9,1
50630,5603722521461,1208.0,Mimosa,"Iogurte magro liquido de ananas e manga, 8x151ml",,2.99,2.48,1208,L,€/L,,,https://driveimg1.intermarche.com/pt/Content/images/boitmal/produit/zoom/391469C60827762112BDD90CD5A7ACC1.jpg,,,,,,,,2025-02-12T23:59:59.999999999Z,PROSPECTUS,9,1
51057,8006540833230,650.0,Fairy,Detergente líquido manual loiça ultra power limão,Embalagem de 650 ml,4.49,6.91,650,L,€/L,,,https://driveimg1.intermarche.com/pt/Content/images/boitmal/produit/zoom/D26E78A01D97299C997A1460F04E3378.jpg,,,,,,,,2025-02-12T23:59:59.999999999Z,PROSPECTUS,9,1
51383,8434165608023,150.0,Cuétara,Cuet marinheiros chia-quinoa-lin *9,Embalagem de 150g,1.59,10.6,0,kg,€/Kg,,,https://driveimg1.intermarche.com/pt/Content/images/boitmal/produit/zoom/12296D3DBC6CE8CBB7918AE72A6F0B1F.jpg,,,,,,,,2025-02-12T23:59:59.999999999Z,PROSPECTUS,9,1
53245,8410376065077,208.0,Gullon,"Bolachas dibus magic mix & go, 208g",,1.29,6.2,0,kg,€/Kg,,,https://driveimg1.intermarche.com/pt/Content/images/boitmal/produit/zoom/7656D702777E0FFE2E0B137FEF921189.jpg,,,,,,,,2025-02-12T23:59:59.999999999Z,PROSPECTUS,9,1
54794,5603722521546,604.0,Mimosa,"Iogurte liquido banana, 4 x 151 ml",,1.39,2.3,604,L,€/L,,,https://driveimg1.intermarche.com/pt/Content/images/boitmal/produit/zoom/23212EB7A3AC6B5E99AFE5AEC8D0F7DF.jpg,,,,,,,,2025-02-12T23:59:59.999999999Z,PROSPECTUS,9,1
871,5014328080892,30.0,Tetley,Infusão de cidreira,"Embalagem de 20 unidades, 30 g",1.44,48.0,0,kg,€/Kg,,,https://driveimg1.intermarche.com/pt/Content/images/boitmal/produit/zoom/8EE73104AD7D9DDCE5EF5A76B07E89DC.jpg,,,,,,,,2025-02-12T23:59:59.999999999Z,PROSPECTUS,9,1
9946,7622300654177,171.0,Triunfo,"Bolachas digestive go aveia, embalagem de 170g",,1.49,8.71,0,kg,€/Kg,,,https://driveimg1.intermarche.com/pt/Content/images/boitmal/produit/zoom/30F7AC33ACBD735497686192B346850D.jpg,,,,,,,,2025-02-12T23:59:59.999999999Z,PROSPECTUS,9,1
1114,5601066300780,500.0,Nacional,"Massa de maçarrão riscado, embalagem de 500g",,0.89,1.78,0,kg,€/Kg,,,https://driveimg1.intermarche.com/pt/Content/images/boitmal/produit/zoom/6E823110DFCFAB922E5CE2EEC9376131.jpg,,,,,,,,2025-02-12T23:59:59.999999999Z,PROSPECTUS,9,1
1116,5601066301152,500.0,Nacional,"Massa de cotovelos, embalagem de 500g",,0.89,1.78,0,kg,€/Kg,,,https://driveimg1.intermarche.com/pt/Content/images/boitmal/produit/zoom/8DDB0C745E67458BAC26BBF8F8ADAE50.jpg,,,,,,,,2025-02-12T23:59:59.999999999Z,PROSPECTUS,9,1
1120,5601066301718,500.0,Nacional,"Massa de espirais, embalagem de 500g",,0.89,1.78,0,kg,€/Kg,,,https://driveimg1.intermarche.com/pt/Content/images/boitmal/produit/zoom/B50E4B0B2C4856A819A2FF672D887104.jpg,,,,,,,,2025-02-12T23:59:59.999999999Z,PROSPECTUS,9,1
1136,5601082022765,250.0,Delta,Café torrado lote chávena saco,Embalagem de 250g,2.89,11.56,0,kg,€/Kg,,,https://driveimg1.intermarche.com/pt/Content/images/boitmal/produit/zoom/7F2116263816AF75A6AD47598CE14D0D.jpg,,,,,,,,2025-02-12T23:59:59.999999999Z,PROSPECTUS,9,1
11463,5601018001642,250.0,Gresso,"Manteiga com sal, embalagem de 250g",,1.98,7.92,0,kg,€/Kg,,,https://driveimg1.intermarche.com/pt/Content/images/boitmal/produit/zoom/3A5F1036925C0C6B8D6C067104A96CDE.jpg,https://driveimg1.intermarche.com/pt/Content/images/boitmal/produit/zoom/7AC5179CFF33BEA38B382077FB05A477.jpg,,,,,,,2025-02-12T23:59:59.999999999Z,PROSPECTUS,9,1
11505,5601050033793,620.0,Danone,"Iogurte activia líquido kiwi, embalagem de 4 x 155g",,1.99,3.21,0,kg,€/Kg,,,https://driveimg1.intermarche.com/pt/Content/images/boitmal/produit/zoom/14FD12E9F72A1B2587D9D8BF93B11B3E.jpg,,,,,,,,2025-02-12T23:59:59.999999999Z,PROSPECTUS,9,1
11687,5601244202158,400.0,Terra Nostra,"Queijo fatias redução de gordura, embalagem de 400g",,4.19,10.48,0,kg,€/Kg,,,https://driveimg1.intermarche.com/pt/Content/images/boitmal/produit/zoom/1F91460A767DF4AF90E45E918A360294.jpg,,,,,,,,2025-02-12T23:59:59.999999999Z,PROSPECTUS,9,1
12230,7613034192264,250.0,Cerelac,Papa infantil para preparar com leite +6 meses,Embalagem de 250g,1.84,7.36,0,kg,€/Kg,,,https://driveimg1.intermarche.com/pt/Content/images/boitmal/produit/zoom/71A50A4D3564A93E8A6CF702B1916C84.jpg,,,,,,,,2025-02-12T23:59:59.999999999Z,PROSPECTUS,9,1
12884,2892009000000,200.0,Fruta,Limão,1 un = 200 gr (aprox.),0.26,1.29,0,,€/Kg,,,https://driveimg1.intermarche.com/pt/Content/images/boitmal/produit/zoom/5223F19D9F11D77A77B2577CB1D4D05C.jpg,,,,,,,,2025-02-12T23:59:59.999999999Z,PROSPECTUS,9,1
12943,2892087000000,1500.0,Fruta,Mamão,"1 un = 1,5 kg (aprox.)",5.84,3.89,0,,€/Kg,,,https://driveimg1.intermarche.com/pt/Content/images/boitmal/produit/zoom/E92859558CF3617793775ADAD1A11B14.jpg,,,,,,,,2025-02-12T23:59:59.999999999Z,PROSPECTUS,9,1
1305,5601151862155,500.0,Compal,Polpa de tomate 500g,,1.24,2.48,0,kg,€/Kg,,,https://driveimg1.intermarche.com/pt/Content/images/boitmal/produit/zoom/D9FD9B4F4905971874C5E4127C57C62E.jpg,,,,,,,,2025-02-12T23:59:59.999999999Z,PROSPECTUS,9,1
13950,2891145000000,100.0,Porco,Salsicha Fresca,1 un = 100 gr (aprox.),0.5,4.99,0,,€/Kg,,,https://driveimg1.intermarche.com/pt/Content/images/boitmal/produit/zoom/2E1CED7EDF010F56C2BF0E6CDF74D52B.jpg,,,,,,,,2025-02-12T23:59:59.999999999Z,PROSPECTUS,9,1
14318,5050083172007,129.0,KelloggS,"Barra chocolate, 6x21.5g",,2.59,20.08,0,kg,€/Kg,,,https://driveimg1.intermarche.com/pt/Content/images/boitmal/produit/zoom/D0173DA2E8EA91BC92259F97FE04116F.jpg,,,,,,,,2025-02-12T23:59:59.999999999Z,PROSPECTUS,9,1
14698,7613034570512,90.0,Nestlé,"Fruta para bebé 4 frutas +4 meses, embalagem de 90g",,0.63,7.0,0,kg,€/Kg,,,https://driveimg1.intermarche.com/pt/Content/images/boitmal/produit/zoom/3717C2AF583A80AD83A765BB8032F767.jpg,,,,,,,,2025-02-12T23:59:59.999999999Z,PROSPECTUS,9,1
14871,2696213000000,,Padaria,Empada de Frango 60 g,,0.79,0.79,0,,€/Unidade,,,https://driveimg1.intermarche.com/pt/Content/images/boitmal/produit/zoom/14D285C21A5EEE9AD8DE7ACAE760BE51.jpg,,,,,,,,2025-02-12T23:59:59.999999999Z,PROSPECTUS,9,1
1495,5601363100380,300.0,Pála-Pála,"Batata frita caseira rodela, embalagem de 300g",,1.79,5.97,0,kg,€/Kg,,,https://driveimg1.intermarche.com/pt/Content/images/boitmal/produit/zoom/2550CC98E3B2E3C63B7A972B31C2AB65.jpg,,,,,,,,2025-02-12T23:59:59.999999999Z,PROSPECTUS,9,2
14968,5000116109081,227.0,Capitão Iglo,"Big burger frango, embalagem de 230g",,3.29,14.49,0,kg,€/Kg,,Tipo de stockagem,https://driveimg1.intermarche.com/pt/Content/images/boitmal/produit/zoom/EDBAA2D3D86CC9AD1CAF56CB2A43F94C.jpg,,,,,,,,2025-02-12T23:59:59.999999999Z,PROSPECTUS,9,2
15687,5000116109234,700.0,Iglo,"Ervilhas, embalagem de 700g",,3.98,5.69,0,kg,€/Kg,,Tipo de stockagem,https://driveimg1.intermarche.com/pt/Content/images/boitmal/produit/zoom/AC9F197DD289CE6E6A9903FC824FDD75.jpg,,,,,,,,2025-02-12T23:59:59.999999999Z,PROSPECTUS,9,2
15870,8411134126917,,Control,10 Preservativos Easy Way Finissímos,,9.09,9.09,0,,€/Unidade,,,https://driveimg1.intermarche.com/pt/Content/images/boitmal/produit/zoom/3928F08544E0A7896FFA192A06FB96EE.jpg,https://driveimg1.intermarche.com/pt/Content/images/boitmal/produit/zoom/3EA5F25B30DD36BA7032E2D3CA646DD6.jpg,,,,,,,2025-02-12T23:59:59.999999999Z,PROSPECTUS,9,2
15979,5601119242364,650.0,Nobre,"Salsichas de aves extra suculentas, frasco de 650g",,2.09,3.22,0,kg,€/Kg,,,https://driveimg1.intermarche.com/pt/Content/images/boitmal/produit/zoom/F9B3EEFB29AFDD46B059DC76A73501AE.jpg,,,,,,,,2025-02-12T23:59:59.999999999Z,PROSPECTUS,9,2
17402,8412600027233,700.0,Bimbo,Pão forma familiar normal,embalagem de 700 g,1.99,2.84,0,kg,€/Kg,,,https://driveimg1.intermarche.com/pt/Content/images/boitmal/produit/zoom/BD26753EF23D0DF0FDC14FCDC181B902.jpg,,,,,,,,2025-02-12T23:59:59.999999999Z,PROSPECTUS,9,2
17419,5601119243781,110.0,Nobre,"Peito de frango fatias finas, embalagem de 110g",,2.39,21.73,0,kg,€/Kg,,,https://driveimg1.intermarche.com/pt/Content/images/boitmal/produit/zoom/568E87E8AE328D133D5414163DCC53D1.jpg,,,,,,,,2025-02-12T23:59:59.999999999Z,PROSPECTUS,9,2
17827,5603344531022,110.0,General,Atum posta em óleo,Embalagem de 110g,0.94,8.55,0,kg,€/Kg,,,https://driveimg1.intermarche.com/pt/Content/images/boitmal/produit/zoom/6CF8780AD6CFF5E4D2703538338330A5.jpg,,,,,,,,2025-02-12T23:59:59.999999999Z,PROSPECTUS,9,2
17873,8718951037885,500.0,Ajax,"Limpa vidros recarga tripla ação, 500 ml",,1.79,3.58,500,L,€/L,,,https://driveimg1.intermarche.com/pt/Content/images/boitmal/produit/zoom/D0A7A0C399BF07DEEA9FD446034A3D4F.jpg,,,,,,,,2025-02-12T23:59:59.999999999Z,PROSPECTUS,9,2
17892,5601082039800,220.0,Delta Q,Café xl qalidus cápsulas,Embalagem de 220g,15.99,72.68,0,kg,€/Kg,,,https://driveimg1.intermarche.com/pt/Content/images/boitmal/produit/zoom/CC1942C4B68078F0368F602F327C039D.jpg,,,,,,,,2025-02-12T23:59:59.999999999Z,PROSPECTUS,9,2
17896,5601082053523,220.0,Delta,Café moagem universal portugal,Embalagem de 220g,2.89,13.14,0,kg,€/Kg,,,https://driveimg1.intermarche.com/pt/Content/images/boitmal/produit/zoom/8DECD8723F3B1FF05BE365D14A112688.jpg,,,,,,,,2025-02-12T23:59:59.999999999Z,PROSPECTUS,9,2
18045,8714789637389,,Colgate,"Escova de dentes max white média, 1 + 1 unidades",,2.99,2.99,1,,€/Unidade,,,https://driveimg1.intermarche.com/pt/Content/images/boitmal/produit/zoom/DA81305E47872C0D2A8BC35B8CC9CB97.jpg,,,,,,,,2025-02-12T23:59:59.999999999Z,PROSPECTUS,9,2
18351,8410320029971,80.0,Campofrio,"Salsichão fatiado, embalagem de 80g",,1.59,19.88,0,kg,€/Kg,,,https://driveimg1.intermarche.com/pt/Content/images/boitmal/produit/zoom/C191CA814FABA5218D4DFA0D00F6C92A.jpg,,,,,,,,2025-02-12T23:59:59.999999999Z,PROSPECTUS,9,2
18619,5014328054756,32.0,Tetley,Chá de frutos vermelhos,Embalagem de 30g,1.84,57.5,0,kg,€/Kg,,,https://driveimg1.intermarche.com/pt/Content/images/boitmal/produit/zoom/03305900AD56E77C8397A8E7D50DBFBD.jpg,,,,,,,,2025-02-12T23:59:59.999999999Z,PROSPECTUS,9,2
18770,5449000138026,1500.0,Fanta,"Refrigerante com gás de laranja zero, garrafa de 1,5 l",,0.99,0.66,1500,L,€/L,,,https://driveimg1.intermarche.com/pt/Content/images/boitmal/produit/zoom/DE34E5B994CDF7FCC42CE983A86D82DE.jpg,,,,,,,,2025-02-12T23:59:59.999999999Z,PROSPECTUS,9,2
18842,5601070000508,500.0,Cristal,"Vinagre vinho branco 500ml, garrafa de 500 ml",,0.84,1.68,500,L,€/L,,,https://driveimg1.intermarche.com/pt/Content/images/boitmal/produit/zoom/BF40408BEDD92487320D96D1D241D8F5.jpg,,,,,,,,2025-02-12T23:59:59.999999999Z,PROSPECTUS,9,2
19607,7613035376625,90.0,Nestlé,Fruta para bebé maçã banana aveia +6 meses,Embalagem de 90g,0.63,7.0,0,kg,€/Kg,,,https://driveimg1.intermarche.com/pt/Content/images/boitmal/produit/zoom/63EF160EDC28D2A349A30B7555DC57D7.jpg,,,,,,,,2025-02-12T23:59:59.999999999Z,PROSPECTUS,9,2
20366,7622210981141,150.0,Philadelphia,"Queijo creme de ervas finas, embalagem de 150g",,1.85,12.33,0,kg,€/Kg,,,https://driveimg1.intermarche.com/pt/Content/images/boitmal/produit/zoom/23968A9CE69CBDE38F833889E5601762.jpg,,,,,,,,2025-02-12T23:59:59.999999999Z,PROSPECTUS,9,2
20918,5000116110964,840.0,Capitão Iglo,"30 douradinhos, embalagem de 840g",,8.99,10.7,0,kg,€/Kg,,Tipo de stockagem,https://driveimg1.intermarche.com/pt/Content/images/boitmal/produit/zoom/3C52B0905F2F1ACE3D67359B13FE0331.jpg,,,,,,,,2025-02-12T23:59:59.999999999Z,PROSPECTUS,9,2
21766,7613035487840,90.0,Nestlé,Fruta para bebé banana laranja bolacha +6 meses,Embalagem de 90g,0.63,7.0,0,kg,€/Kg,,,https://driveimg1.intermarche.com/pt/Content/images/boitmal/produit/zoom/A8104E7B3738DD14CEF192706B16EFC4.jpg,,,,,,,,2025-02-12T23:59:59.999999999Z,PROSPECTUS,9,2
21767,7613035487871,90.0,Nestlé,"Fruta para bebé multifrutas +4 meses, embalagem de 90g",,0.63,7.0,0,kg,€/Kg,,,https://driveimg1.intermarche.com/pt/Content/images/boitmal/produit/zoom/1B1A7DCEC52C23E2760C4FE3A24A75EE.jpg,,,,,,,,2025-02-12T23:59:59.999999999Z,PROSPECTUS,9,2
2466,7613032142599,500.0,Cerelac,Farinha láctea 12 meses,Embalagem de 500g,3.74,7.48,0,kg,€/Kg,,,https://driveimg1.intermarche.com/pt/Content/images/boitmal/produit/zoom/4E708CAF1A60A052407E76B7A92102F7.jpg,,,,,,,,2025-02-12T23:59:59.999999999Z,PROSPECTUS,9,2
251,2696001000000,400.0,Padaria,Baguete,400 g,0.79,1.98,0,kg,€/Kg,,,https://driveimg1.intermarche.com/pt/Content/images/boitmal/produit/zoom/42C2E126B9E5B84C243F0668DEC3869F.jpg,,,,,,,,2025-02-12T23:59:59.999999999Z,PROSPECTUS,9,2
25214,7613035930551,90.0,Nestlé,"Fruta para bebé maçã banana morango +8 meses, embalagem de 90g",,0.63,7.0,0,kg,€/Kg,,,https://driveimg1.intermarche.com/pt/Content/images/boitmal/produit/zoom/A2E1B043C34553B91FFED35123D220EC.jpg,,,,,,,,2025-02-12T23:59:59.999999999Z,PROSPECTUS,9,2
25275,5775345121578,700.0,Sunquick,Concentrado de laranja,Garrafa de 700 ml,4.86,6.94,700,L,€/L,,,https://driveimg1.intermarche.com/pt/Content/images/boitmal/produit/zoom/60CE4BBE254D671FC1E542A0A73849E2.jpg,,,,,,,,2025-02-12T23:59:59.999999999Z,PROSPECTUS,9,2
27547,7613036101417,240.0,Cerelac,Seleção da natureza papa infantil láctea aveia manga banana +6 meses,Embalagem de 240g,2.99,12.46,0,kg,€/Kg,,,https://driveimg1.intermarche.com/pt/Content/images/boitmal/produit/zoom/9A1D77EE17F24474E65CF475B4161F9F.jpg,,,,,,,,2025-02-12T23:59:59.999999999Z,PROSPECTUS,9,2
28511,8410104889111,,Finish,Pastilhas Limpa Máquinas,Embalagem c/ 3 un.,5.49,5.49,0,,€/Unidade,,,https://driveimg1.intermarche.com/pt/Content/images/boitmal/produit/zoom/FD70FB61B60D1D010225A23710A0F1DA.jpg,,,,,,,,2025-02-12T23:59:59.999999999Z,PROSPECTUS,9,2
28678,5605173897348,2000.0,Maçã da Beira Alta IGP,Maçã Golden,Embalagem de 2 kg,2.45,1.23,0,kg,€/Kg,,,https://driveimg1.intermarche.com/pt/Content/images/boitmal/produit/zoom/FD501586D19B3686949652632F7B3864.jpg,,,,,,,,2025-02-12T23:59:59.999999999Z,PROSPECTUS,9,2
28681,5605173897317,2000.0,Maçã da Beira Alta IGP,Maçã Starking,Embalagem de 2 kg,2.45,1.23,0,kg,€/Kg,,,https://driveimg1.intermarche.com/pt/Content/images/boitmal/produit/zoom/39E9CAB337058C7FF50B1CAA47070535.jpg,,,,,,,,2025-02-12T23:59:59.999999999Z,PROSPECTUS,9,2
29612,5604260283545,1000.0,PorSi Viva Bem,Bebida de Arroz,1 l,1.15,1.15,1000,L,€/L,,,https://driveimg1.intermarche.com/pt/Content/images/boitmal/produit/zoom/1CC67FBC1159B7AB53C4B66B360A0BCF.jpg,,,,,,,,2025-02-12T23:59:59.999999999Z,PROSPECTUS,9,2
29613,5604260283538,1000.0,PorSi Viva Bem,Bebida de Aveia,1 l,0.99,0.99,1000,L,€/L,,,https://driveimg1.intermarche.com/pt/Content/images/boitmal/produit/zoom/1EE40BC1DA49C5CE3D084214B1D3D3B9.jpg,,,,,,,,2025-02-12T23:59:59.999999999Z,PROSPECTUS,9,2
30115,5449000016737,1000.0,Coca-Cola,"Refrigerante sem cafeína, garrafa de 1l",,1.35,1.35,1000,L,€/L,,,https://driveimg1.intermarche.com/pt/Content/images/boitmal/produit/zoom/23CF5CDA5B630E80CF6F88C3DB4BC0F8.jpg,,,,,,,,2025-02-12T23:59:59.999999999Z,PROSPECTUS,9,2
32301,4005900377814,150.0,Nivea,"Desodorizante spray black & white active men, 150 ml",,3.45,23.0,150,L,€/L,,,https://driveimg1.intermarche.com/pt/Content/images/boitmal/produit/zoom/F5ED8FD84EC27F00F1BBC369E3567854.jpg,,,,,,,,2025-02-12T23:59:59.999999999Z,PROSPECTUS,9,2
34598,5600376210192,250.0,Pasta do Dia,"Folhas de massa fresca para lasanha, embalagem de 250g",,1.89,7.56,0,kg,€/Kg,,,https://driveimg1.intermarche.com/pt/Content/images/boitmal/produit/zoom/F25BB23250A74E5C6160321C93D6A266.jpg,,,,,,,,2025-02-12T23:59:59.999999999Z,PROSPECTUS,9,2
35462,8410500023652,300.0,Yopro,"Iogurte liquido proteína yopro morango/framboesa, 300g",,1.99,6.63,0,kg,€/Kg,,,https://driveimg1.intermarche.com/pt/Content/images/boitmal/produit/zoom/0355698CE2ECE716D8F24A21D83D0BA6.jpg,,,,,,,,2025-02-12T23:59:59.999999999Z,PROSPECTUS,9,2
35542,7613036867405,,Nescafé,"Café em cápsulas dolce gusto ristreto intenso, embalagem de 210g",,9.99,9.99,30,,€/Unidade,,,https://driveimg1.intermarche.com/pt/Content/images/boitmal/produit/zoom/FC99456EA03268527FE0EC549A21D081.jpg,,,,,,,,2025-02-12T23:59:59.999999999Z,PROSPECTUS,9,2
35631,8410436329545,100.0,Sonasol,Bloco sanitário desinfectante duplo floral,Embalagem de 2 x 50 g,4.99,49.9,0,kg,€/Kg,,,https://driveimg1.intermarche.com/pt/Content/images/boitmal/produit/zoom/4EBD52C2D6799DC552F1A6B94AE3AADD.jpg,,,,,,,,2025-02-12T23:59:59.999999999Z,PROSPECTUS,9,2
35753,8001841240640,270.0,Pantene,Creme para pentear caracóis,270 ml,5.99,22.19,270,L,€/L,,,https://driveimg1.intermarche.com/pt/Content/images/boitmal/produit/zoom/574B3E314AF635DCDB9A6448E3C017C1.jpg,,,,,,,,2025-02-12T23:59:59.999999999Z,PROSPECTUS,9,2
36945,8719200009899,500.0,Vaqueiro,"Margarina líquida, embalagem de 500 ml",,2.49,4.98,500,L,€/L,,,https://driveimg1.intermarche.com/pt/Content/images/boitmal/produit/zoom/03FECF6E7878193CA48B473E5C2E3939.jpg,,,,,,,,2025-02-12T23:59:59.999999999Z,PROSPECTUS,9,2
37510,7613036841498,90.0,Nestlé,"Pacote maçã e pêssego, embalagem de 90g",,0.63,7.0,0,kg,€/Kg,,,https://driveimg1.intermarche.com/pt/Content/images/boitmal/produit/zoom/E9135C730A89C3C259880AD7C684D6EF.jpg,,,,,,,,2025-02-12T23:59:59.999999999Z,PROSPECTUS,9,2
37989,8410063071206,1000.0,Pescanova,"Tiras do mar, embalagem de 1 kg",,7.79,7.79,0,kg,€/Kg,,Tipo de stockagem,https://driveimg1.intermarche.com/pt/Content/images/boitmal/produit/zoom/05601F6E04A5D43B974FEF47AA3F0757.jpg,,,,,,,,2025-02-12T23:59:59.999999999Z,PROSPECTUS,9,2
38648,5449000195906,1000.0,Coca-Cola,"Refrigerante zero, garrafa de 1 l",,1.25,1.25,1000,L,€/L,,,https://driveimg1.intermarche.com/pt/Content/images/boitmal/produit/zoom/4A88AB6803A9F950A0FE19DD551ED58E.jpg,,,,,,,,2025-02-12T23:59:59.999999999Z,PROSPECTUS,9,2
38720,3608580890911,400.0,Andros,"Especialidade de coco com morango, 4x100g",,2.39,5.98,0,kg,€/Kg,,,https://driveimg1.intermarche.com/pt/Content/images/boitmal/produit/zoom/4D30ABD743E133599E77F1F362936F36.jpg,,,,,,,,2025-02-12T23:59:59.999999999Z,PROSPECTUS,9,2
405,8712566410910,275.0,Calvé,"Ketchup, embalagem de 275g",,1.68,6.11,0,kg,€/Kg,,,https://driveimg1.intermarche.com/pt/Content/images/boitmal/produit/zoom/9E63EED4B27A252289B8979C188F5B40.jpg,https://driveimg1.intermarche.com/pt/Content/images/boitmal/produit/zoom/0D7B165FF00CA45BD8F6AC077E3CA1EC.jpg,https://driveimg1.intermarche.com/pt/Content/images/boitmal/produit/zoom/0D7B165FF00CA45BD8F6AC077E3CA1EC.jpg,https://driveimg1.intermarche.com/pt/Content/images/boitmal/produit/zoom/0D7B165FF00CA45BD8F6AC077E3CA1EC.jpg,,,,,2025-02-12T23:59:59.999999999Z,PROSPECTUS,9,2
41979,5601050036244,160.0,Danone,"Yopro manteiga amendoim banana, embalagem de 160g",,1.09,6.81,0,kg,€/Kg,,,https://driveimg1.intermarche.com/pt/Content/images/boitmal/produit/zoom/FA86300496543407BC1BC50B2C72D742.jpg,,,,,,,,2025-02-12T23:59:59.999999999Z,PROSPECTUS,9,2
42146,5604260304363,2000.0,PorSi Select,Alimento seco p/ gato interior,Embalagem de 2Kg,6.19,3.1,0,kg,€/Kg,,,https://driveimg1.intermarche.com/pt/Content/images/boitmal/produit/zoom/5C1E77C66BE03B927EC3C6A958E696BC.jpg,,,,,,,,2025-02-12T23:59:59.999999999Z,PROSPECTUS,9,2
43215,5603722519802,300.0,Castelões,"Queijo curado fatias sem lactose, 2x150g",,3.49,11.63,0,kg,€/Kg,,,https://driveimg1.intermarche.com/pt/Content/images/boitmal/produit/zoom/00AFD4E031A3F72FB642915439BD8EFE.jpg,,,,,,,,2025-02-12T23:59:59.999999999Z,PROSPECTUS,9,2
43418,8001841889573,75.0,Pantene,Sérum selador de pontas abertas,75 ml,7.49,99.87,75,L,€/L,,,https://driveimg1.intermarche.com/pt/Content/images/boitmal/produit/zoom/889B55B127BD52A56504F0D54D8551A1.jpg,,,,,,,,2025-02-12T23:59:59.999999999Z,PROSPECTUS,9,2
44045,8714789738536,,Colgate,Escova de dentes tripla ação,4 unidades,3.19,3.19,0,,€/Unidade,,,https://driveimg1.intermarche.com/pt/Content/images/boitmal/produit/zoom/23A259AB9A4B7731DB0A485A7770805A.jpg,,,,,,,,2025-02-12T23:59:59.999999999Z,PROSPECTUS,9,2
44701,5053990156009,175.0,Pringles,"Snacks batata original, embalagem de 175g",,2.99,17.09,0,kg,€/Kg,,,https://driveimg1.intermarche.com/pt/Content/images/boitmal/produit/zoom/BE87AADF1BA674A5818FDF008937F90A.jpg,https://driveimg1.intermarche.com/pt/Content/images/boitmal/produit/zoom/843E1395B62C4B40E91467CF90852642.jpg,https://driveimg1.intermarche.com/pt/Content/images/boitmal/produit/zoom/843E1395B62C4B40E91467CF90852642.jpg,https://driveimg1.intermarche.com/pt/Content/images/boitmal/produit/zoom/843E1395B62C4B40E91467CF90852642.jpg,,,,,2025-02-12T23:59:59.999999999Z,PROSPECTUS,9,2
44771,8710438109009,500.0,MCCAIN,"Palito fry n dip, embalagem de 500g",,2.69,5.38,0,kg,€/Kg,,Tipo de stockagem,https://driveimg1.intermarche.com/pt/Content/images/boitmal/produit/zoom/1F1D7AB4DB15838743957D2491BA0251.jpg,https://driveimg1.intermarche.com/pt/Content/images/boitmal/produit/zoom/170A8C7D758318133491D25E6C2FF3D3.jpg,,,,,,,2025-02-12T23:59:59.999999999Z,PROSPECTUS,9,2
45431,5601050036893,300.0,Danone,"Yopro líquido manga, embalagem de 300g",,1.99,6.63,0,kg,€/Kg,,,https://driveimg1.intermarche.com/pt/Content/images/boitmal/produit/zoom/1E004FD89D8A20EC3FC964ADAE11A7AF.jpg,,,,,,,,2025-02-12T23:59:59.999999999Z,PROSPECTUS,9,2
45883,8718951315365,75.0,Colgate,Dentifrico max white  cristais brancos,Embalagem 75 ml,2.16,28.8,75,L,€/L,,,https://driveimg1.intermarche.com/pt/Content/images/boitmal/produit/zoom/8C1D2E83F00F9342F16286473DC43174.jpg,,,,,,,,2025-02-12T23:59:59.999999999Z,PROSPECTUS,9,2
46738,4005900494900,150.0,Nivea Men,"Desodorizante spray dry, 150 ml",,2.69,17.93,150,L,€/L,,,https://driveimg1.intermarche.com/pt/Content/images/boitmal/produit/zoom/5A6B298C1C42AE7DB952B3BFFAB5EE2D.jpg,,,,,,,,2025-02-12T23:59:59.999999999Z,PROSPECTUS,9,2
47109,7613287218704,110.0,Nestlé,"Bolsitas de puré de 4 frutas, embalagem de 110g",,0.73,6.64,0,kg,€/Kg,,,https://driveimg1.intermarche.com/pt/Content/images/boitmal/produit/zoom/AAE972318DF3C7B29E7A2F9B4E66DEFB.jpg,,,,,,,,2025-02-12T23:59:59.999999999Z,PROSPECTUS,9,2
4713,5000204559163,150.0,Glade,"Absorvedores de odores, relax zen",Embalagem de 2x150g,3.29,21.93,150,L,€/L,,,https://driveimg1.intermarche.com/pt/Content/images/boitmal/produit/zoom/16916DD7F5CC08A46A02D04C9338D0A8.jpg,,,,,,,,2025-02-12T23:59:59.999999999Z,PROSPECTUS,9,2
4756,5000204731866,269.0,Glade,"Recarga ambientador automático, lavanda, 269 ml",,3.49,12.97,269,L,€/L,,,https://driveimg1.intermarche.com/pt/Content/images/boitmal/produit/zoom/6F255C06BE26BDBD3EF56DDC7CB885D5.jpg,,,,,,,,2025-02-12T23:59:59.999999999Z,PROSPECTUS,9,2
48238,8410199023094,170.0,LayS,"Lays gourmet corte fino, embalagem de 180 g",,1.59,9.35,0,kg,€/Kg,,,https://driveimg1.intermarche.com/pt/Content/images/boitmal/produit/zoom/AA6FA3F91FCD11341E4CD77B7FF49E06.jpg,,,,,,,,2025-02-12T23:59:59.999999999Z,PROSPECTUS,9,2
48922,8006540417072,300.0,Pantene,Máscara Caracóis Perfeitos,300 ml,4.94,16.47,300,L,€/L,,,https://driveimg1.intermarche.com/pt/Content/images/boitmal/produit/zoom/025366923064A3F3F548E755A8D57055.jpg,,,,,,,,2025-02-12T23:59:59.999999999Z,PROSPECTUS,9,2
49341,5601164905634,1200.0,Somersby,"Sidra mini pera 0.0%, pack 6 x 20 cl",,4.49,3.74,1200,L,€/L,,,https://driveimg1.intermarche.com/pt/Content/images/boitmal/produit/zoom/80B852209A3051E6BB6F8915D390B63D.jpg,,,,,,,,2025-02-12T23:59:59.999999999Z,PROSPECTUS,9,2
49418,8410500012861,1200.0,Actimel Danone,"Probiótico natural 0%, 12 x 100 g",,4.99,4.16,0,kg,€/Kg,,,https://driveimg1.intermarche.com/pt/Content/images/boitmal/produit/zoom/31841197B3A773C57C73C74FF0227CFD.jpg,,,,,,,,2025-02-12T23:59:59.999999999Z,PROSPECTUS,9,2
49964,8719200238176,225.0,Becel,"Creme de barrar, embalagem de 225g",,1.99,8.84,0,kg,€/Kg,,,https://driveimg1.intermarche.com/pt/Content/images/boitmal/produit/zoom/02C3B8CB4BF40DA381639A6BD63AEBA6.jpg,,,,,,,,2025-02-12T23:59:59.999999999Z,PROSPECTUS,9,2
50033,5601050037593,300.0,Yopro,"Iogurte liquido pêssego maragujá, 300g",,1.99,6.63,0,kg,€/Kg,,,https://driveimg1.intermarche.com/pt/Content/images/boitmal/produit/zoom/FBD4E9C7CBF6F8731249673D25B3B2EC.jpg,,,,,,,,2025-02-12T23:59:59.999999999Z,PROSPECTUS,9,2
50405,8445290489173,900.0,Cerelac,"Papa Infantil 12 meses, 900g",,6.29,6.99,0,kg,€/Kg,,,https://driveimg1.intermarche.com/pt/Content/images/boitmal/produit/zoom/79C2E535CBAB06EFF8E7EE2B8A2191BC.jpg,,,,,,,,2025-02-12T23:59:59.999999999Z,PROSPECTUS,9,2
50498,5775345202918,700.0,Sunquick,"Concentrado laranja e manga, garrafa de 700 ml",,4.86,6.94,700,L,€/L,,,https://driveimg1.intermarche.com/pt/Content/images/boitmal/produit/zoom/A3803759170143DBE40106674B25806B.jpg,,,,,,,,2025-02-12T23:59:59.999999999Z,PROSPECTUS,9,2
51056,8006540614259,650.0,Fairy,Detergente líquido manual loiça ultra power,Embalagem de 650 ml,4.49,6.91,650,L,€/L,,,https://driveimg1.intermarche.com/pt/Content/images/boitmal/produit/zoom/013BD8DA7E562B3CB09BBCDE80C53A02.jpg,,,,,,,,2025-02-12T23:59:59.999999999Z,PROSPECTUS,9,2
52304,8006540346891,250.0,Pantene,Laca Cabelo Volume Perfeito,Embalagem de 250ml,3.74,14.96,250,L,€/L,,,https://driveimg1.intermarche.com/pt/Content/images/boitmal/produit/zoom/B4BC585D383475BEE87A7AE2CA305595.jpg,,,,,,,,2025-02-12T23:59:59.999999999Z,PROSPECTUS,9,2
52601,5601217137944,1710.0,Quanto,"Amaciador roupa concentrado rubi e jasmim, 95 doses",,3.99,2.33,1710,L,€/L,,,https://driveimg1.intermarche.com/pt/Content/images/boitmal/produit/zoom/F98E5B67EBAD53610C2B7527547160F8.jpg,,,,,,,,2025-02-12T23:59:59.999999999Z,PROSPECTUS,9,2
5273,5601164902343,7920.0,Super Bock,"Cerveja com álcool, pack 24 x 0.33 l",,17.49,2.21,7920,L,€/L,,,https://driveimg1.intermarche.com/pt/Content/images/boitmal/produit/zoom/B20818C9DD1836C39491D27565F038C6.jpg,,,,,,,,2025-02-12T23:59:59.999999999Z,PROSPECTUS,9,2
52880,8719200267794,450.0,Becel,"Creme vegetal de barrar com sabor a manteiga, 450g",,3.56,7.91,0,kg,€/Kg,,,https://driveimg1.intermarche.com/pt/Content/images/boitmal/produit/zoom/E2EFE8BE5E96AF9FCA9D840059BF696C.jpg,https://driveimg1.intermarche.com/pt/Content/images/boitmal/produit/zoom/287D301C66C180312FAA8A3BAE7EA710.jpg,https://driveimg1.intermarche.com/pt/Content/images/boitmal/produit/zoom/287D301C66C180312FAA8A3BAE7EA710.jpg,https://driveimg1.intermarche.com/pt/Content/images/boitmal/produit/zoom/287D301C66C180312FAA8A3BAE7EA710.jpg,,,,,2025-02-12T23:59:59.999999999Z,PROSPECTUS,9,2
53000,8410199025357,170.0,LayS,Batatas gourmet finissima 170 g,,1.59,9.35,0,kg,€/Kg,,,https://driveimg1.intermarche.com/pt/Content/images/boitmal/produit/zoom/C1F9A5A136798AD56EECF2676BEF2065.jpg,https://driveimg1.intermarche.com/pt/Content/images/boitmal/produit/zoom/477A3ECD46364DE018D2E409C1F73223.jpg,https://driveimg1.intermarche.com/pt/Content/images/boitmal/produit/zoom/477A3ECD46364DE018D2E409C1F73223.jpg,https://driveimg1.intermarche.com/pt/Content/images/boitmal/produit/zoom/477A3ECD46364DE018D2E409C1F73223.jpg,,,,,2025-02-12T23:59:59.999999999Z,PROSPECTUS,9,2
54244,8718951611528,50.0,Colgate,"Pasta de Dentes Criança 0 a 5 Anos, 50ml",,1.94,38.8,50,L,€/L,,,https://driveimg1.intermarche.com/pt/Content/images/boitmal/produit/zoom/10AE10B5777CA71F69E960B360440AB4.jpg,https://driveimg1.intermarche.com/pt/Content/images/boitmal/produit/zoom/D61030DA68A1574C75445A611ED36E39.jpg,https://driveimg1.intermarche.com/pt/Content/images/boitmal/produit/zoom/D61030DA68A1574C75445A611ED36E39.jpg,https://driveimg1.intermarche.com/pt/Content/images/boitmal/produit/zoom/D61030DA68A1574C75445A611ED36E39.jpg,,,,,2025-02-12T23:59:59.999999999Z,PROSPECTUS,9,2
54320,8718951559721,100.0,Colgate,"Pasta De Dentes Maximum Caries Protection, 100ml",,1.95,19.5,100,L,€/L,,,https://driveimg1.intermarche.com/pt/Content/images/boitmal/produit/zoom/FB112999317664A7E18AAA81FF2A5D06.jpg,https://driveimg1.intermarche.com/pt/Content/images/boitmal/produit/zoom/3694932EDFE660C6F958943C13CEE297.jpg,https://driveimg1.intermarche.com/pt/Content/images/boitmal/produit/zoom/3694932EDFE660C6F958943C13CEE297.jpg,https://driveimg1.intermarche.com/pt/Content/images/boitmal/produit/zoom/3694932EDFE660C6F958943C13CEE297.jpg,,,,,2025-02-12T23:59:59.999999999Z,PROSPECTUS,9,2
54321,8718951477957,100.0,Colgate,"Pasta De Dentes Tripla Ação, 100ml",,1.95,19.5,100,L,€/L,,,https://driveimg1.intermarche.com/pt/Content/images/boitmal/produit/zoom/314A8AD6D21192FE5E061EE56C598725.jpg,https://driveimg1.intermarche.com/pt/Content/images/boitmal/produit/zoom/9ADDEB220D16C8DAE54C517CBC09DC55.jpg,https://driveimg1.intermarche.com/pt/Content/images/boitmal/produit/zoom/9ADDEB220D16C8DAE54C517CBC09DC55.jpg,https://driveimg1.intermarche.com/pt/Content/images/boitmal/produit/zoom/9ADDEB220D16C8DAE54C517CBC09DC55.jpg,,,,,2025-02-12T23:59:59.999999999Z,PROSPECTUS,9,2
54361,8410104915186,,Finish,"Detergente Loiça Máquina Quantum Limão, 28 Pastilhas",,5.99,5.99,0,,€/Unidade,,,https://driveimg1.intermarche.com/pt/Content/images/boitmal/produit/zoom/AF6445EE2B2537230E8784866A377CB3.jpg,,,,,,,,2025-02-12T23:59:59.999999999Z,PROSPECTUS,9,2
54730,5053990119325,175.0,Pringles,"Aperitivos de queijo emmental, 175 g",,2.99,17.09,0,kg,€/Kg,,Tipo de stockagem,https://driveimg1.intermarche.com/pt/Content/images/boitmal/produit/zoom/B5E56CAB0954C3A145895B450D3DD6ED.jpg,,,,,,,,2025-02-12T23:59:59.999999999Z,PROSPECTUS,9,2
54736,5601164906181,4800.0,Somersby,"Sidra com álcool maçã, 24 x 20 cl",,14.99,3.12,4800,L,€/L,,,https://driveimg1.intermarche.com/pt/Content/images/boitmal/produit/zoom/0DBD53F924B92D1882681208CC1C9705.jpg,,,,,,,,2025-02-12T23:59:59.999999999Z,PROSPECTUS,9,2
54747,8436048963755,128.0,Artiach,"Bolacha filipinos caramelo salgado, 128 g",,1.49,11.64,0,kg,€/Kg,,,https://driveimg1.intermarche.com/pt/Content/images/boitmal/produit/zoom/A096E5EF050129B492D30511B774897C.jpg,,,,,,,,2025-02-12T23:59:59.999999999Z,PROSPECTUS,9,2
54790,8711327621176,770.0,Magnum,"8 gelados chocolate clássico, amêndoa e chocolate branco, 770 ml",,5.99,7.78,770,L,€/L,,Tipo de stockagem,https://driveimg1.intermarche.com/pt/Content/images/boitmal/produit/zoom/9E8AC0EAF965CDDF6107434D3A13539B.jpg,,,,,,,,2025-02-12T23:59:59.999999999Z,PROSPECTUS,9,2
8400,5601050033779,620.0,Danone,"Iogurte activia líquido cereais, embalagem de 4 x 155 g",,1.99,3.21,0,kg,€/Kg,,,https://driveimg1.intermarche.com/pt/Content/images/boitmal/produit/zoom/3AC3707CF655B8CC61D2C80E4828D7C8.jpg,,,,,,,,2025-02-12T23:59:59.999999999Z,PROSPECTUS,9,2
8802,5601244202363,400.0,Terra Nostra,"Queijo em fatias, embalagem de 400g",,4.09,10.23,0,kg,€/Kg,,,https://driveimg1.intermarche.com/pt/Content/images/boitmal/produit/zoom/035A5C69BE8C551B825128DC308F8F7B.jpg,,,,,,,,2025-02-12T23:59:59.999999999Z,PROSPECTUS,9,2
9250,5603089002214,200.0,Parmalat,"Nata uht para bater, embalagem de 200 ml",,0.91,4.55,200,L,€/L,,,https://driveimg1.intermarche.com/pt/Content/images/boitmal/produit/zoom/9A69EE65F8E834CFE40CA11D742ED343.jpg,,,,,,,,2025-02-12T23:59:59.999999999Z,PROSPECTUS,9,2
940,5601001322402,20.0,Nescafé,"Café solúvel nescafé, embalagem de 20g",,1.49,74.5,0,kg,€/Kg,,,https://driveimg1.intermarche.com/pt/Content/images/boitmal/produit/zoom/BCEBB6129FC84253AC3E2D01F300F9A9.jpg,,,,,,,,2025-02-12T23:59:59.999999999Z,PROSPECTUS,9,2
9809,5608527000418,750.0,Dona Ermelinda,"Vinho doc palmela branco, garrafa de 750 ml",,5.49,7.32,750,L,€/L,,,https://driveimg1.intermarche.com/pt/Content/images/boitmal/produit/zoom/1FDDF041D96430B5D392DF60F29C95A2.jpg,,,,,,,,2025-02-12T23:59:59.999999999Z,PROSPECTUS,9,2
989,5601029004014,120.0,Bom Petisco,"Atum posta em óleo, embalagem de 120g",,1.18,9.83,0,kg,€/Kg,,,https://driveimg1.intermarche.com/pt/Content/images/boitmal/produit/zoom/0EDE399096BE62933DCF2A734D746C1A.jpg,,,,,,,,2025-02-12T23:59:59.999999999Z,PROSPECTUS,9,2
41640,5604260301737,540.0,PorSi,Feijão encarnado em frasco,frasco de 540 g,0.85,1.57,0,kg,€/Kg,,,https://driveimg1.intermarche.com/pt/Content/images/boitmal/produit/zoom/C91F959C8FD02C2055DD0A1A4950A458.jpg,,,,,,,,2025-02-12T23:59:59.999999999Z,PROSPECTUS,9,2
8752,5601217102065,1000.0,Finish,"Sal para máquina de lavar loiça, embalagem de 1 kg",,1.89,1.89,0,kg,€/Kg,,,https://driveimg1.intermarche.com/pt/Content/images/boitmal/produit/zoom/D8090F73E97416F92FF4C25B1B1ED407.jpg,,,,,,,,2025-02-12T23:59:59.999999999Z,PROSPECTUS,9,2
44702,5053990155354,175.0,Pringles,"Snacks batata sour cream & onion, embalagem de 175g",,2.99,17.09,0,kg,€/Kg,,,https://driveimg1.intermarche.com/pt/Content/images/boitmal/produit/zoom/0C0E56E5BC42C468A1D6A594D5BD0C63.jpg,https://driveimg1.intermarche.com/pt/Content/images/boitmal/produit/zoom/3743B152C095FACA5BB155343DC8A7EE.jpg,https://driveimg1.intermarche.com/pt/Content/images/boitmal/produit/zoom/3743B152C095FACA5BB155343DC8A7EE.jpg,https://driveimg1.intermarche.com/pt/Content/images/boitmal/produit/zoom/3743B152C095FACA5BB155343DC8A7EE.jpg,https://driveimg1.intermarche.com/pt/Content/images/boitmal/produit/zoom/3743B152C095FACA5BB155343DC8A7EE.jpg,,,,2025-02-12T23:59:59.999999999Z,PROSPECTUS,9,2
11613,5601164864467,1320.0,Somersby,"Sidra maçã, pack 4 x 0.33 l",,3.89,2.95,1320,L,€/L,,,https://driveimg1.intermarche.com/pt/Content/images/boitmal/produit/zoom/F0118862B10C3F3FD894ACFE7A34A6C9.jpg,,,,,,,,2025-02-12T23:59:59.999999999Z,PROSPECTUS,9,2
48551,7613287300393,,Nescafé,Nescafe portion coffee systems nescafé dolce gusto 186 g,,8.99,8.99,30,,€/Unidade,,,https://driveimg1.intermarche.com/pt/Content/images/boitmal/produit/zoom/E649FC664013B58BF3328022DDE18A28.jpg,,,,,,,,2025-02-12T23:59:59.999999999Z,PROSPECTUS,9,2
43016,5601164862401,1200.0,Somersby,"Sidra de maçã, pack 6 x 0.2 l",,4.49,3.74,1200,L,€/L,,,https://driveimg1.intermarche.com/pt/Content/images/boitmal/produit/zoom/FCDFBF5D64A9352BB7E6E300DF12194B.jpg,,,,,,,,2025-02-12T23:59:59.999999999Z,PROSPECTUS,9,2
1310,5601151979969,140.0,Compal,"Compal da horta concentrado tomate, embalagem de 140g",,0.99,7.07,0,kg,€/Kg,,,https://driveimg1.intermarche.com/pt/Content/images/boitmal/produit/zoom/AFB213C2AE47899B42B45E2988A779B7.jpg,,,,,,,,2025-02-12T23:59:59.999999999Z,PROSPECTUS,9,2
1270,5601151023150,500.0,Compal,"Polpa de tomate com cebola e alho, embalagem de 500g",,1.39,2.78,0,kg,€/Kg,,,https://driveimg1.intermarche.com/pt/Content/images/boitmal/produit/zoom/195ABA90C0C8B2FE1D9EE0202B59D28C.jpg,,,,,,,,2025-02-12T23:59:59.999999999Z,PROSPECTUS,9,2
1465,5601286234773,250.0,Milaneza,"Massa de letras, embalagem de 250g",,0.62,2.48,0,kg,€/Kg,,,https://driveimg1.intermarche.com/pt/Content/images/boitmal/produit/zoom/93F4FB7CE3C81A4CA398AFB1F88C82DD.jpg,,,,,,,,2025-02-12T23:59:59.999999999Z,PROSPECTUS,9,2
49294,8436048962697,128.0,Artiach,Bolachas com Cobertura de Chocolate Branco,Embalagem de 128g,1.49,11.64,0,kg,€/Kg,,,https://driveimg1.intermarche.com/pt/Content/images/boitmal/produit/zoom/1240FF7CE8E201814B848996C75BE9C7.jpg,,,,,,,,2025-02-12T23:59:59.999999999Z,PROSPECTUS,9,2
1108,5601066300087,500.0,Nacional,"Massa de cotovelinhos, embalagem de 500g",,0.89,1.78,0,kg,€/Kg,,,https://driveimg1.intermarche.com/pt/Content/images/boitmal/produit/zoom/85D4AC87404986F6E33A67AEEDC0D0E8.jpg,,,,,,,,2025-02-12T23:59:59.999999999Z,PROSPECTUS,9,2
18350,8410320148245,80.0,Campofrio,Chouriço fatiado,Embalagem de 80g,1.59,19.88,0,kg,€/Kg,,,https://driveimg1.intermarche.com/pt/Content/images/boitmal/produit/zoom/C3DD6539D50EC6C28C822B12B80D5795.jpg,,,,,,,,2025-02-12T23:59:59.999999999Z,PROSPECTUS,9,2
49841,5601195106147,6000.0,Pedras Salgadas,"Água com gás, pack 6 x 1 litro",,4.98,0.83,6000,L,€/L,,,https://driveimg1.intermarche.com/pt/Content/images/boitmal/produit/zoom/0FBA50A2F57B1FB9707AB0BA4600B146.jpg,,,,,,,,2025-02-12T23:59:59.999999999Z,PROSPECTUS,9,2
2157,5604260327119,1500.0,PorSi,Ice tea de limão tetra,"Embalagem de 1,5 l",1.09,0.73,1500,L,€/L,,,https://driveimg1.intermarche.com/pt/Content/images/boitmal/produit/zoom/D2F53574823EB7C50818D696DC82BDDE.jpg,,,,,,,,2025-02-12T23:59:59.999999999Z,PROSPECTUS,9,2
37768,5604260296514,400.0,PorSi,Lasanha à Bolonhesa,Embalagem de 400 g,2.49,6.23,0,kg,€/Kg,,,https://driveimg1.intermarche.com/pt/Content/images/boitmal/produit/zoom/EAED8EAC3E3C589BFC55B562CBB15A69.jpg,,,,,,,,2025-02-12T23:59:59.999999999Z,PROSPECTUS,9,2
16003,5000116109630,300.0,Capitão Iglo,"12 douradinhos forníssimo, embalagem de 300g",,3.98,13.27,0,kg,€/Kg,,Tipo de stockagem,https://driveimg1.intermarche.com/pt/Content/images/boitmal/produit/zoom/544992A31EAE2C5ED6C344C7B21BC2DA.jpg,,,,,,,,2025-02-12T23:59:59.999999999Z,PROSPECTUS,9,3
43392,5604260311378,375.0,PorSi,Cereais bolas com mel,Embalagem de 375g,1.79,4.77,0,kg,€/Kg,,,https://driveimg1.intermarche.com/pt/Content/images/boitmal/produit/zoom/E686EAE4A3B1CBA594ADC6301BF9F075.jpg,,,,,,,,2025-02-12T23:59:59.999999999Z,PROSPECTUS,9,3
49542,5604260323906,1000.0,PorSi Viva Bem,Bebida de amêndoa s/ açúcar,Embalagem de 1 litro,1.35,1.35,1000,L,€/L,,,https://driveimg1.intermarche.com/pt/Content/images/boitmal/produit/zoom/F89BE6092FFDF79437CA524ACE479BA7.jpg,,,,,,,,2025-02-12T23:59:59.999999999Z,PROSPECTUS,9,3
2158,5604260327102,1500.0,PorSi,Ice tea pessego,"Embalagem de 1,5 l",1.09,0.73,1500,L,€/L,,,https://driveimg1.intermarche.com/pt/Content/images/boitmal/produit/zoom/7902D3E6072B539F34B796662F48BB69.jpg,,,,,,,,2025-02-12T23:59:59.999999999Z,PROSPECTUS,9,3
35983,5601027972735,700.0,Bimbo,Pão de forma torradas familiares,Embalagem de 700 g,1.99,2.84,0,kg,€/Kg,,,https://driveimg1.intermarche.com/pt/Content/images/boitmal/produit/zoom/6F4E1280EFC32C3DD99C945770A284F8.jpg,,,,,,,,2025-02-12T23:59:59.999999999Z,PROSPECTUS,9,3
16857,5603344531114,110.0,General,Atum natural,Embalagem de 110g,1.1,10.0,0,kg,€/Kg,,,https://driveimg1.intermarche.com/pt/Content/images/boitmal/produit/zoom/D147FF3405CBBBAF67756FEDE1B5317A.jpg,,,,,,,,2025-02-12T23:59:59.999999999Z,PROSPECTUS,9,3
1272,5601151060254,500.0,Compal,"Tomate triturado, embalagem de 500g",,1.39,2.78,0,kg,€/Kg,,,https://driveimg1.intermarche.com/pt/Content/images/boitmal/produit/zoom/F73D2E34D160FB2C4040DA3AD1BBEF87.jpg,,,,,,,,2025-02-12T23:59:59.999999999Z,PROSPECTUS,9,3
1281,5601151136140,1000.0,Compal,"Nectar vital equilibrio ananásemcoco, embalagem de 1l",,1.26,1.26,1000,L,€/L,,,https://driveimg1.intermarche.com/pt/Content/images/boitmal/produit/zoom/8767C13FE6BC314E1156E753BCDBEE55.jpg,,,,,,,,2025-02-12T23:59:59.999999999Z,PROSPECTUS,9,3
5093,5601050033755,620.0,Danone,"Iogurte activia líquido 0% morango/kiwi, embalagem de 4 x 155 g",,1.99,3.21,0,kg,€/Kg,,,https://driveimg1.intermarche.com/pt/Content/images/boitmal/produit/zoom/29B41AE598716D0550D815AA0FE86025.jpg,,,,,,,,2025-02-12T23:59:59.999999999Z,PROSPECTUS,9,3
2748,8410063044521,200.0,Pescanova,"Miolo de camarão cozido 40/60, 200 g",,6.39,31.95,0,kg,€/Kg,,Tipo de stockagem,https://driveimg1.intermarche.com/pt/Content/images/boitmal/produit/zoom/D50FF0C33F27025B364B2A0F02EC1F36.jpg,,,,,,,,2025-02-12T23:59:59.999999999Z,PROSPECTUS,9,3
47782,5604260319985,1000.0,PorSi Viva Bem,Bebida avelã,1 litro,1.29,1.29,1000,L,€/L,,,https://driveimg1.intermarche.com/pt/Content/images/boitmal/produit/zoom/094EAEBDE5D57C017BB756A541CFD9A9.jpg,,,,,,,,2025-02-12T23:59:59.999999999Z,PROSPECTUS,9,3
14227,5601043119015,500.0,Espiga,"Farinha de milho, embalagem de 500g",,0.94,1.88,0,kg,€/Kg,,,https://driveimg1.intermarche.com/pt/Content/images/boitmal/produit/zoom/3A94212450C6EA54B275D891253D59E7.jpg,,,,,,,,2025-02-12T23:59:59.999999999Z,PROSPECTUS,9,3
18161,5601164884465,1320.0,Somersby,Sidra frutos vermelhos,pack 4 x 0.33 l,3.89,2.95,1320,L,€/L,,,https://driveimg1.intermarche.com/pt/Content/images/boitmal/produit/zoom/507246A606E1CB1D17B01F2DC7199F50.jpg,,,,,,,,2025-02-12T23:59:59.999999999Z,PROSPECTUS,9,3
11974,5603722508752,200.0,Castelões,"Queijo em fatias original, embalagem de 200g",,2.09,10.45,0,kg,€/Kg,,,https://driveimg1.intermarche.com/pt/Content/images/boitmal/produit/zoom/9709716796DE3B121923F09B97DF17ED.jpg,,,,,,,,2025-02-12T23:59:59.999999999Z,PROSPECTUS,9,3
14344,3387390406719,150.0,Nestlé,"Barras de cereais nesquik, embalagem de 150g",,2.99,19.93,0,kg,€/Kg,,,https://driveimg1.intermarche.com/pt/Content/images/boitmal/produit/zoom/4878F7C89F5570C091D36337F3638AB8.jpg,,,,,,,,2025-02-12T23:59:59.999999999Z,PROSPECTUS,9,3
14372,8712100599392,550.0,Calvé,"Ketchup top down, embalagem de 550g",,2.89,5.25,0,kg,€/Kg,,,https://driveimg1.intermarche.com/pt/Content/images/boitmal/produit/zoom/6D3218F33B22BC3205033BC41E176600.jpg,https://driveimg1.intermarche.com/pt/Content/images/boitmal/produit/zoom/FE7F103C359D2D1FD7BF3FDC8DD381BA.jpg,https://driveimg1.intermarche.com/pt/Content/images/boitmal/produit/zoom/FE7F103C359D2D1FD7BF3FDC8DD381BA.jpg,https://driveimg1.intermarche.com/pt/Content/images/boitmal/produit/zoom/FE7F103C359D2D1FD7BF3FDC8DD381BA.jpg,,,,,2025-02-12T23:59:59.999999999Z,PROSPECTUS,9,3
1463,5601286232779,250.0,Milaneza,"Massa pevide, embalagem de 250g",,0.62,2.48,0,kg,€/Kg,,,https://driveimg1.intermarche.com/pt/Content/images/boitmal/produit/zoom/7FABF67C8683DAD5B618F045601E14A4.jpg,,,,,,,,2025-02-12T23:59:59.999999999Z,PROSPECTUS,9,3
20512,5601070000539,500.0,Cristal,"Vinagre de sidra, garrafa de 500 ml",,0.89,1.78,500,L,€/L,,,https://driveimg1.intermarche.com/pt/Content/images/boitmal/produit/zoom/088D2E6C27D5043C18AD10EB75A50F4E.jpg,,,,,,,,2025-02-12T23:59:59.999999999Z,PROSPECTUS,9,3
42165,5604260307586,200.0,PorSi Viva Bem,Creme culinário soja,Embalagem de 200 ml,0.99,4.95,200,L,€/L,,,https://driveimg1.intermarche.com/pt/Content/images/boitmal/produit/zoom/3088AAE479B32A9B5AAF6F16464F6A71.jpg,https://driveimg1.intermarche.com/pt/Content/images/boitmal/produit/zoom/84D9CD21A433B6316249CB71F439AA86.jpg,https://driveimg1.intermarche.com/pt/Content/images/boitmal/produit/zoom/84D9CD21A433B6316249CB71F439AA86.jpg,https://driveimg1.intermarche.com/pt/Content/images/boitmal/produit/zoom/84D9CD21A433B6316249CB71F439AA86.jpg,https://driveimg1.intermarche.com/pt/Content/images/boitmal/produit/zoom/84D9CD21A433B6316249CB71F439AA86.jpg,https://driveimg1.intermarche.com/pt/Content/images/boitmal/produit/zoom/84D9CD21A433B6316249CB71F439AA86.jpg,,,2025-02-12T23:59:59.999999999Z,PROSPECTUS,9,3
44763,5449000013231,1500.0,Sprite,"Refrigerante lima limão zero açúcar, garrafa 1.5 l",,0.99,0.66,1500,L,€/L,,,https://driveimg1.intermarche.com/pt/Content/images/boitmal/produit/zoom/CA978886592B1D4304FE94C81DC98A43.jpg,,,,,,,,2025-02-12T23:59:59.999999999Z,PROSPECTUS,9,3
53038,5601146700141,8750.0,Sagres,"Cerveja branca, 35 x 250ml",,15.99,1.83,8750,L,€/L,,,https://driveimg1.intermarche.com/pt/Content/images/boitmal/produit/zoom/4D119C7BDB384220284FE9FF15390BB6.jpg,,,,,,,,2025-02-12T23:59:59.999999999Z,PROSPECTUS,9,3
14653,5601119225442,110.0,Nobre,"Fiambre da perna extra fatias finas, embalagem de 110g",,1.99,18.09,0,kg,€/Kg,,,https://driveimg1.intermarche.com/pt/Content/images/boitmal/produit/zoom/7FD7D9E34952BFCF466D7D36B77539B0.jpg,,,,,,,,2025-02-12T23:59:59.999999999Z,PROSPECTUS,9,3
16493,8718951037939,500.0,Ajax,"Limpa vidros pistola, cristal, embalagem de 500 ml",,1.97,3.94,500,L,€/L,,,https://driveimg1.intermarche.com/pt/Content/images/boitmal/produit/zoom/B2152E81252C8B3ECCDB87063FC44E64.jpg,,,,,,,,2025-02-12T23:59:59.999999999Z,PROSPECTUS,9,3
2786,8410199150905,100.0,Cheetos,"Aperitivos rolitos, embalagem de 100g",,1.49,14.9,0,kg,€/Kg,,,https://driveimg1.intermarche.com/pt/Content/images/boitmal/produit/zoom/F470A36FD76D61EC69758C933CF291DA.jpg,,,,,,,,2025-02-12T23:59:59.999999999Z,PROSPECTUS,9,3
41623,5604260303588,4000.0,PorSi,Areia para gatos aglomerante compacta perfumada,Embalagem de 4 kg,3.99,1.0,0,kg,€/Kg,,,https://driveimg1.intermarche.com/pt/Content/images/boitmal/produit/zoom/643C2D97D6A503321FA315B5E172F9CE.jpg,,,,,,,,2025-02-12T23:59:59.999999999Z,PROSPECTUS,9,3
50389,8445290351401,,Nescafé,"Cápsulas café sical intensidade 7, 30 unidades",,8.99,8.99,30,,€/Unidade,,,https://driveimg1.intermarche.com/pt/Content/images/boitmal/produit/zoom/1FD786A7E143BB9E177424D49D5ABF95.jpg,,,,,,,,2025-02-12T23:59:59.999999999Z,PROSPECTUS,9,3
8068,5011417544679,400.0,Finish,Abrilhantador p/ máquina de lavar loiça,Garrafa de 400 ml,3.99,9.98,400,L,€/L,,,https://driveimg1.intermarche.com/pt/Content/images/boitmal/produit/zoom/5D045CC65EE222532216DB5B0BF2A582.jpg,,,,,,,,2025-02-12T23:59:59.999999999Z,PROSPECTUS,9,3
815,5000116106172,250.0,Capitão Iglo,"Douradinhos de frango, 10 unidades, embalagem de 250g",,3.49,13.96,0,kg,€/Kg,,Tipo de stockagem,https://driveimg1.intermarche.com/pt/Content/images/boitmal/produit/zoom/C5A8F3400BD1CDAA3A658C1B6BE7A4E1.jpg,,,,,,,,2025-02-12T23:59:59.999999999Z,PROSPECTUS,9,3
8201,5410316671118,700.0,Smirnoff,Vodka red,Garrafa de 700 ml,12.39,17.7,700,L,€/L,,,https://driveimg1.intermarche.com/pt/Content/images/boitmal/produit/zoom/5E1C2F2F2227574BAFE17233513E38CA.jpg,,,,,,,,2025-02-12T23:59:59.999999999Z,PROSPECTUS,9,3
942,5601001324109,100.0,Nescafé,"Café solúvel gold, embalagem de 100g",,5.7,57.0,0,kg,€/Kg,,,https://driveimg1.intermarche.com/pt/Content/images/boitmal/produit/zoom/56AF775E1D437B4623D4E42AE4DAA827.jpg,,,,,,,,2025-02-12T23:59:59.999999999Z,PROSPECTUS,9,3
12253,7622210293602,168.0,Triunfo,"Bolachas de manteiga, embalagem de 170g",,1.49,8.87,0,kg,€/Kg,,,https://driveimg1.intermarche.com/pt/Content/images/boitmal/produit/zoom/A82AA44F13232924ADB7909EA770597A.jpg,,,,,,,,2025-02-12T23:59:59.999999999Z,PROSPECTUS,9,3
1307,5601151962152,1000.0,Compal,"Polpa de tomate, embalagem de 1 kg",,2.09,2.09,0,kg,€/Kg,,,https://driveimg1.intermarche.com/pt/Content/images/boitmal/produit/zoom/7F25D2B47A4922FBF9D4F475FD193D2F.jpg,,,,,,,,2025-02-12T23:59:59.999999999Z,PROSPECTUS,9,3
18771,5449000022646,1500.0,Fanta,"Refrigerante com gás de uva, garrafa de 1,5 l",,0.99,0.66,1500,L,€/L,,,https://driveimg1.intermarche.com/pt/Content/images/boitmal/produit/zoom/8F70505C1EA8CC7907321F98EFB258F8.jpg,,,,,,,,2025-02-12T23:59:59.999999999Z,PROSPECTUS,9,3
23267,2895081000000,250.0,Queijaria das Pousadas,Queijo Curado Amanteigado,Vendido ao peso a partir de 250 g,2.47,9.89,0,,€/Kg,,,https://driveimg1.intermarche.com/pt/Content/images/boitmal/produit/zoom/31299D2048E391B35B5AA2780F6966F4.jpg,,,,,,,,2025-02-12T23:59:59.999999999Z,PROSPECTUS,9,3
35652,5603722517440,750.0,Mimosa,"Bebida cálcio sem lactose + proteína, embalagem de 3 x 250 ml",,2.69,3.59,750,L,€/L,,,https://driveimg1.intermarche.com/pt/Content/images/boitmal/produit/zoom/3BF01E4C848A88E512E9DE591C8608E4.jpg,https://driveimg1.intermarche.com/pt/Content/images/boitmal/produit/zoom/125C9D1092125B3BF7F626465A710366.jpg,https://driveimg1.intermarche.com/pt/Content/images/boitmal/produit/zoom/D55403D07574DB9841CBC2E986BD092B.jpg,https://driveimg1.intermarche.com/pt/Content/images/boitmal/produit/zoom/9CE43F9767873E3B88A8F371593A237D.jpg,,,,,2025-02-12T23:59:59.999999999Z,PROSPECTUS,9,3
37900,5601119305007,210.0,Nobre,"Salsicha hot dog, frasco de 250g",,2.39,11.38,0,kg,€/Kg,,,https://driveimg1.intermarche.com/pt/Content/images/boitmal/produit/zoom/68E53CA887C0767923F878238ADB6D84.jpg,,,,,,,,2025-02-12T23:59:59.999999999Z,PROSPECTUS,9,3
43214,5603722519796,400.0,Castelões,"Queijo curado fatias, embalagem de 2 x 200g",,3.89,9.73,0,kg,€/Kg,,,https://driveimg1.intermarche.com/pt/Content/images/boitmal/produit/zoom/649D651B4B5791A6D75ADB6F634902EB.jpg,,,,,,,,2025-02-12T23:59:59.999999999Z,PROSPECTUS,9,3
52381,8720181407154,1300.0,Cif,"Lava tudo perfumado lavanda, embalagem de 1,3l",,1.99,1.53,1300,L,€/L,,,https://driveimg1.intermarche.com/pt/Content/images/boitmal/produit/zoom/12443931DBE21DE904E26826F24E6B07.jpg,https://driveimg1.intermarche.com/pt/Content/images/boitmal/produit/zoom/935C662FEAE9FBF79977B0438F001CF1.jpg,,,,,,,2025-02-12T23:59:59.999999999Z,PROSPECTUS,9,3
540,3222270158428,1500.0,Friskies,Ração para gato adulto de interior,"Embalagem de 1,5 kg",5.84,3.89,0,kg,€/Kg,,,https://driveimg1.intermarche.com/pt/Content/images/boitmal/produit/zoom/CD7C5B2E4322F0515EAC25F0F1ADD782.jpg,,,,,,,,2025-02-12T23:59:59.999999999Z,PROSPECTUS,9,3
941,5601001322808,100.0,Nescafé,"Café solúvel, embalagem de 100g",,3.95,39.5,0,kg,€/Kg,,,https://driveimg1.intermarche.com/pt/Content/images/boitmal/produit/zoom/B063757FB22F6A33CD1F9CE6C13974A8.jpg,,,,,,,,2025-02-12T23:59:59.999999999Z,PROSPECTUS,9,3
10351,8411134103338,,Control,6 Preservativos Adapta Nature,,3.84,3.84,0,,€/Unidade,,,https://driveimg1.intermarche.com/pt/Content/images/boitmal/produit/zoom/48CE3E2F5F38469DD564602B7B9F53DF.jpg,https://driveimg1.intermarche.com/pt/Content/images/boitmal/produit/zoom/E904E0E3DEA92FC0A6E00A850118F1A2.jpg,,,,,,,2025-02-12T23:59:59.999999999Z,PROSPECTUS,9,3
1326,5601164113701,500.0,Super Bock,"Cerveja com álcool, lata, garrafa de 500 ml",,0.85,1.7,500,L,€/L,,,https://driveimg1.intermarche.com/pt/Content/images/boitmal/produit/zoom/0AB2770B97F8A4B3E443129A7F4E33FA.jpg,,,,,,,,2025-02-12T23:59:59.999999999Z,PROSPECTUS,9,3
1466,5601286235770,250.0,Milaneza,"Massa cuscus, embalagem de 250g",,0.62,2.48,0,kg,€/Kg,,,https://driveimg1.intermarche.com/pt/Content/images/boitmal/produit/zoom/606493A56C3149C89E86FD71CB1A6172.jpg,,,,,,,,2025-02-12T23:59:59.999999999Z,PROSPECTUS,9,3
20264,5000116110872,180.0,Iglo,"Crocantes frango parmesão e ervas, embalagem de 180g",,3.74,20.78,0,kg,€/Kg,,Tipo de stockagem,https://driveimg1.intermarche.com/pt/Content/images/boitmal/produit/zoom/FA238D0C01D11590AA8A8E09CE288246.jpg,,,,,,,,2025-02-12T23:59:59.999999999Z,PROSPECTUS,9,3
23590,5603722514142,1600.0,Agros,"Leite com chocolate, embalagem de 8x200 ml",,2.8,1.75,1600,L,€/L,,,https://driveimg1.intermarche.com/pt/Content/images/boitmal/produit/zoom/4B07C2A65AC5D9D66E12210391EDB136.jpg,,,,,,,,2025-02-12T23:59:59.999999999Z,PROSPECTUS,9,3
25538,7613035800281,1500.0,Friskies,Ração para gato esterilizado com peru,"Embalagem de 1,5 kg",5.84,3.89,0,kg,€/Kg,,,https://driveimg1.intermarche.com/pt/Content/images/boitmal/produit/zoom/FF9C78F9FCA49B5C5370D6F754BBF1C8.jpg,,,,,,,,2025-02-12T23:59:59.999999999Z,PROSPECTUS,9,3
2593,7622300366827,171.0,Triunfo,"Bolachas digestivas go maçã, embalagem de 170g",,1.49,8.71,0,kg,€/Kg,,,https://driveimg1.intermarche.com/pt/Content/images/boitmal/produit/zoom/659BBCAC39DF39F8F177E1A9DE86EA26.jpg,,,,,,,,2025-02-12T23:59:59.999999999Z,PROSPECTUS,9,3
27897,5604260326952,385.0,Labell,Condicionador Abacate e Karité Cabelos Secos,Embalagem de 385 ml,2.29,5.95,385,L,€/L,,,https://driveimg1.intermarche.com/pt/Content/images/boitmal/produit/zoom/2440E034AE7EDE430723A913429FCE83.jpg,,,,,,,,2025-02-12T23:59:59.999999999Z,PROSPECTUS,9,3
52079,8711327585782,330.0,Magnum,"Gelado mini double caramel e gold caramel billionaire, embalagem de 330 ml",,4.49,13.61,330,L,€/L,,Tipo de stockagem,https://driveimg1.intermarche.com/pt/Content/images/boitmal/produit/zoom/FEAEC9F2D0E413EBB73552CF9D06BA73.jpg,,,,,,,,2025-02-12T23:59:59.999999999Z,PROSPECTUS,9,3
52859,8410063094571,1000.0,Pescanova,"Peskitos pescada panada sem glúten, 1 kg",,7.49,7.49,0,kg,€/Kg,,Tipo de stockagem,https://driveimg1.intermarche.com/pt/Content/images/boitmal/produit/zoom/7BDF38BE112B6C73B2BBE43BC17C505D.jpg,https://driveimg1.intermarche.com/pt/Content/images/boitmal/produit/zoom/68AC33F24F2A838C3801DAA9F2505E5E.jpg,https://driveimg1.intermarche.com/pt/Content/images/boitmal/produit/zoom/68AC33F24F2A838C3801DAA9F2505E5E.jpg,https://driveimg1.intermarche.com/pt/Content/images/boitmal/produit/zoom/68AC33F24F2A838C3801DAA9F2505E5E.jpg,,,,,2025-02-12T23:59:59.999999999Z,PROSPECTUS,9,3
9374,5604260010295,750.0,Selecção de Enófilos,Vinho verde branco,Garrafa de 0.75 l,1.7,2.27,750,L,€/L,,,https://driveimg1.intermarche.com/pt/Content/images/boitmal/produit/zoom/BFB4B0CDB87EC33597BBBA2361EE4E24.jpg,,,,,,,,2025-02-12T23:59:59.999999999Z,PROSPECTUS,9,3
14458,7613034678607,90.0,Nestlé,"Fruta para bebé banana maçã +4 meses, embalagem de 90g",,0.63,7.0,0,kg,€/Kg,,,https://driveimg1.intermarche.com/pt/Content/images/boitmal/produit/zoom/0F3547F16577E97D821E3E9FDD9F17B9.jpg,,,,,,,,2025-02-12T23:59:59.999999999Z,PROSPECTUS,9,3
15741,7613034945808,1500.0,Friskies,Ração para gato bolas de pelo com frango,"Embalagem de 1,5kg",5.84,3.89,0,kg,€/Kg,,,https://driveimg1.intermarche.com/pt/Content/images/boitmal/produit/zoom/C4F10147F3FEEC714C8DFD0AEDE562BD.jpg,,,,,,,,2025-02-12T23:59:59.999999999Z,PROSPECTUS,9,3
20653,5449000003751,1500.0,Fanta,"Refrigerante com gás de ananás, garrafa de 1,5 l",,0.99,0.66,1500,L,€/L,,,https://driveimg1.intermarche.com/pt/Content/images/boitmal/produit/zoom/7C866989F63DB1C45337BB48FE7DF726.jpg,,,,,,,,2025-02-12T23:59:59.999999999Z,PROSPECTUS,9,3
21339,5603089007134,200.0,Parmalat,"Nata uht 0% lactose, embalagem de 200 ml",,1.09,5.45,200,L,€/L,,,https://driveimg1.intermarche.com/pt/Content/images/boitmal/produit/zoom/4DE276C95463646D95E7252C2976F63F.jpg,,,,,,,,2025-02-12T23:59:59.999999999Z,PROSPECTUS,9,3
21465,5449000085474,1500.0,Fanta,"Refrigerante com gás de maracujá, garrafa de 1,5 l",,0.99,0.66,1500,L,€/L,,,https://driveimg1.intermarche.com/pt/Content/images/boitmal/produit/zoom/713F7A2E8FF1504D7580CF5EB99232C0.jpg,,,,,,,,2025-02-12T23:59:59.999999999Z,PROSPECTUS,9,3
25375,5601050033441,620.0,Danone,"Activia líquido manga e papaia, embalagem de 4 x 155g",,1.99,3.21,0,kg,€/Kg,,,https://driveimg1.intermarche.com/pt/Content/images/boitmal/produit/zoom/69B1DCCC9C05220260C5D2E9F924831A.jpg,,,,,,,,2025-02-12T23:59:59.999999999Z,PROSPECTUS,9,3
35418,8410436321167,100.0,Sonasol,Bloco sanitário desinfetante eucalipto,Embalagem de 2 x 50 g,4.99,49.9,0,kg,€/Kg,,,https://driveimg1.intermarche.com/pt/Content/images/boitmal/produit/zoom/2218A2279726B6E8FC50ECCA7B714890.jpg,,,,,,,,2025-02-12T23:59:59.999999999Z,PROSPECTUS,9,3
36806,8001090639011,300.0,Pantene,Champô 3 em 1 anti-caspa,Embalagem de 300 ml,3.94,13.13,300,L,€/L,,,https://driveimg1.intermarche.com/pt/Content/images/boitmal/produit/zoom/63F1C2B8DA28084708D48EB2853A6BE4.jpg,,,,,,,,2025-02-12T23:59:59.999999999Z,PROSPECTUS,9,3
39305,5601195640122,1000.0,Pedras Salgadas,"Pedras maracujá, pack 4 x 25 cl",,1.99,1.99,1000,L,€/L,,,https://driveimg1.intermarche.com/pt/Content/images/boitmal/produit/zoom/4530A5F4C57E573DC822AE65FB3AE7F0.jpg,,,,,,,,2025-02-12T23:59:59.999999999Z,PROSPECTUS,9,3
49293,8436048962680,128.0,Artiach,Filipinos chocolate leite,Embalagem de 128g,1.49,11.64,0,kg,€/Kg,,,https://driveimg1.intermarche.com/pt/Content/images/boitmal/produit/zoom/E7DC7498034628B663C4AD4FDF70E987.jpg,,,,,,,,2025-02-12T23:59:59.999999999Z,PROSPECTUS,9,3
51369,5000116125791,1400.0,Capitão Iglo,"50 douradinhos de peixe ómega 3 iglo, embalagem de 1.4 kg",,13.99,9.99,0,kg,€/Kg,,Tipo de stockagem,https://driveimg1.intermarche.com/pt/Content/images/boitmal/produit/zoom/6C5BC15FEE115209F2EC3E0B9DBA1CCD.jpg,,,,,,,,2025-02-12T23:59:59.999999999Z,PROSPECTUS,9,3
53727,8006540213872,340.0,Fairy,Detergente Manual Loiça Jasmim Rosa,Embalagem de 340ml,1.59,4.68,340,L,€/L,,,https://driveimg1.intermarche.com/pt/Content/images/boitmal/produit/zoom/1AB552FD9F32E3C9F600BFDE936D2188.jpg,,,,,,,,2025-02-12T23:59:59.999999999Z,PROSPECTUS,9,3
10111,8410104402501,200.0,Vanish,"Pré-lavagem power gel, garrafa de 200 ml",,3.99,19.95,200,L,€/L,,,https://driveimg1.intermarche.com/pt/Content/images/boitmal/produit/zoom/43D4A166A3EF555D36A5BBF95FBB5D96.jpg,,,,,,,,2025-02-12T23:59:59.999999999Z,PROSPECTUS,9,3
12543,8715035110106,150.0,Kikkoman,"Molho de soja com dispenser, de 150 ml",,2.75,18.33,150,L,€/L,,,https://driveimg1.intermarche.com/pt/Content/images/boitmal/produit/zoom/3D3E630DEE5977CF2FC3BF40796FA65E.jpg,,,,,,,,2025-02-12T23:59:59.999999999Z,PROSPECTUS,9,3
15350,5604260266890,800.0,PorSi,Bacalhau posta asa branca,Embalagem de 800G,11.99,14.99,0,kg,€/Kg,,Tipo de stockagem,https://driveimg1.intermarche.com/pt/Content/images/boitmal/produit/zoom/AFC53C3DF09BEC28546B456B8B402B4C.jpg,,,,,,,,2025-02-12T23:59:59.999999999Z,PROSPECTUS,9,3
15619,5601164114708,330.0,Super Bock,"Cerveja com álcool, lata, garrafa de 330 ml",,0.64,1.94,330,L,€/L,,,https://driveimg1.intermarche.com/pt/Content/images/boitmal/produit/zoom/B88FE79083CF96AAFDD1A0527A80A782.jpg,,,,,,,,2025-02-12T23:59:59.999999999Z,PROSPECTUS,9,3
15800,7613035078369,125.0,Nescafé,"Cappuccino intenso, embalagem de 130g",,2.99,23.92,0,kg,€/Kg,,,https://driveimg1.intermarche.com/pt/Content/images/boitmal/produit/zoom/61DADA7427797DA3A992DAC69018853B.jpg,,,,,,,,2025-02-12T23:59:59.999999999Z,PROSPECTUS,9,3
25310,8410022011540,228.0,Bollycao,"4 bolos recheados com chocolate de leite, 228 g",,2.49,10.92,0,kg,€/Kg,,,https://driveimg1.intermarche.com/pt/Content/images/boitmal/produit/zoom/F258708F894549579352C7881FF76FA5.jpg,,,,,,,,2025-02-12T23:59:59.999999999Z,PROSPECTUS,9,3
2780,8410199002303,96.0,Cheetos,"Aperitivos palitos, embalagem de 100g",,1.49,15.52,0,kg,€/Kg,,,https://driveimg1.intermarche.com/pt/Content/images/boitmal/produit/zoom/35C90C106FCD999188F46A491D275892.jpg,,,,,,,,2025-02-12T23:59:59.999999999Z,PROSPECTUS,9,3
31906,4005900388537,150.0,Nivea,"Desodorizante pure & natural spray, 150 ml",,2.99,19.93,150,L,€/L,,,https://driveimg1.intermarche.com/pt/Content/images/boitmal/produit/zoom/A77E0FF1059640DB697D85A289690707.jpg,,,,,,,,2025-02-12T23:59:59.999999999Z,PROSPECTUS,9,3
32542,5609060007087,200.0,Delta,Café solúvel + cereais,Embalagem de 200 g,3.49,17.45,0,kg,€/Kg,,,https://driveimg1.intermarche.com/pt/Content/images/boitmal/produit/zoom/F9D0CD9AF58FE5C906C214D2AD623D92.jpg,,,,,,,,2025-02-12T23:59:59.999999999Z,PROSPECTUS,9,3
34117,8718951178779,500.0,Colgate,"Elixir tripla ação, 500 ml",,3.74,7.48,500,L,€/L,,,https://driveimg1.intermarche.com/pt/Content/images/boitmal/produit/zoom/A9385808BF4C2BA47D93E3622F7B35ED.jpg,,,,,,,,2025-02-12T23:59:59.999999999Z,PROSPECTUS,9,3
36722,5604260290642,,PorSi,"Esponja mágica tira manchas e riscos, 2 unidades",,1.19,1.19,0,,€/Unidade,,,https://driveimg1.intermarche.com/pt/Content/images/boitmal/produit/zoom/1245CAA6F5FD0C6C781B32C69C11BD34.jpg,,,,,,,,2025-02-12T23:59:59.999999999Z,PROSPECTUS,9,3
38312,8410104702663,,Finish,"Limpa máquinas de loiça limão, embalagem com 250 ml",,3.89,3.89,1,,€/Unidade,,,https://driveimg1.intermarche.com/pt/Content/images/boitmal/produit/zoom/543AF0EA0E513D87A0B6AA970DE2490B.jpg,,,,,,,,2025-02-12T23:59:59.999999999Z,PROSPECTUS,9,3
4362,3600541221147,200.0,Fructis,Creme tratamento hydra caracóis,Embalagem de 200 ml,3.49,17.45,200,L,€/L,,,https://driveimg1.intermarche.com/pt/Content/images/boitmal/produit/zoom/F41E1F1598E3D0E982BDFB3924B8C2FB.jpg,,,,,,,,2025-02-12T23:59:59.999999999Z,PROSPECTUS,9,3
43763,7613038110295,,Nescafé,"Cápsulas café ristretto napoli intensidade 13, 30 capsulas",,9.99,9.99,30,,€/Unidade,,,https://driveimg1.intermarche.com/pt/Content/images/boitmal/produit/zoom/ED8F7D7F4F41519AE941D5A6761C77F5.jpg,,,,,,,,2025-02-12T23:59:59.999999999Z,PROSPECTUS,9,3
46771,7613035027022,800.0,Purina One,"Ração para Cão Mini Júnior, 800 g",,4.79,5.99,0,kg,€/Kg,,,https://driveimg1.intermarche.com/pt/Content/images/boitmal/produit/zoom/5D2865182EB2C38580C4839CF6539EB7.jpg,,,,,,,,2025-02-12T23:59:59.999999999Z,PROSPECTUS,9,3
49295,8436048962673,128.0,Artiach,Filipinos chocolate negro,Embalagem de 128g,1.49,11.64,0,kg,€/Kg,,,https://driveimg1.intermarche.com/pt/Content/images/boitmal/produit/zoom/9433E602EC122D3C9E307ADA39E881E8.jpg,,,,,,,,2025-02-12T23:59:59.999999999Z,PROSPECTUS,9,3
52848,8410063094564,1000.0,Pescanova,"Nuggets pescada sem glúten, 1 kg",,7.49,7.49,0,kg,€/Kg,,Tipo de stockagem,https://driveimg1.intermarche.com/pt/Content/images/boitmal/produit/zoom/5276D77CD9BBF475970EE1C857741542.jpg,https://driveimg1.intermarche.com/pt/Content/images/boitmal/produit/zoom/16DCF1CA65B81C53FF13A02B354ADA88.jpg,https://driveimg1.intermarche.com/pt/Content/images/boitmal/produit/zoom/16DCF1CA65B81C53FF13A02B354ADA88.jpg,https://driveimg1.intermarche.com/pt/Content/images/boitmal/produit/zoom/16DCF1CA65B81C53FF13A02B354ADA88.jpg,,,,,2025-02-12T23:59:59.999999999Z,PROSPECTUS,9,3
16066,7509546064864,75.0,Colgate,"Pasta de dentes max white expert white, 75 ml",,4.11,54.8,75,L,€/L,,,https://driveimg1.intermarche.com/pt/Content/images/boitmal/produit/zoom/E256F6CE78FE32A69A0EF60F2634C3EF.jpg,,,,,,,,2025-02-12T23:59:59.999999999Z,PROSPECTUS,9,3
19608,7613035376861,90.0,Nestlé,Fruta para bebé maçã cenoura manga +6 meses,Embalagem de 90g,0.63,7.0,0,kg,€/Kg,,,https://driveimg1.intermarche.com/pt/Content/images/boitmal/produit/zoom/E13C913249530CE7ED9D191950EA3924.jpg,,,,,,,,2025-02-12T23:59:59.999999999Z,PROSPECTUS,9,3
20263,5000116110889,180.0,Iglo,"Crocantes de frango original, embalagem de 180g",,3.74,20.78,0,kg,€/Kg,,Tipo de stockagem,https://driveimg1.intermarche.com/pt/Content/images/boitmal/produit/zoom/9B2BC0EEC5724C42D02D0AAA44CCBB50.jpg,,,,,,,,2025-02-12T23:59:59.999999999Z,PROSPECTUS,9,3
35097,8711327315600,440.0,Magnum,"Gelado de chocolate branco e cookies, embalagem de 440 ml",,3.99,9.07,440,L,€/L,,Tipo de stockagem,https://driveimg1.intermarche.com/pt/Content/images/boitmal/produit/zoom/744EDC15FD38572D44883AF2941B2FB8.jpg,https://driveimg1.intermarche.com/pt/Content/images/boitmal/produit/zoom/053F7BCDF3B5574D77DAE8E6E99DA348.jpg,https://driveimg1.intermarche.com/pt/Content/images/boitmal/produit/zoom/053F7BCDF3B5574D77DAE8E6E99DA348.jpg,https://driveimg1.intermarche.com/pt/Content/images/boitmal/produit/zoom/053F7BCDF3B5574D77DAE8E6E99DA348.jpg,,,,,2025-02-12T23:59:59.999999999Z,PROSPECTUS,9,3
38569,5601043111385,500.0,Espiga,"Farinha de arroz, embalagem de 500g",,0.95,1.9,0,kg,€/Kg,,,https://driveimg1.intermarche.com/pt/Content/images/boitmal/produit/zoom/28DC7EE63C94ABC2441EEA0D7A9449BD.jpg,,,,,,,,2025-02-12T23:59:59.999999999Z,PROSPECTUS,9,3
41341,8711327391475,270.0,Magnum,"Gelado salted caramel & glazed almonds, embalagem de 3 x 90 ml",,3.59,13.3,270,L,€/L,,Tipo de stockagem,https://driveimg1.intermarche.com/pt/Content/images/boitmal/produit/zoom/B061834E1B04490C2C977A69794BF2B4.jpg,,,,,,,,2025-02-12T23:59:59.999999999Z,PROSPECTUS,9,3
46214,8710438112887,500.0,MCCAIN,"Batata palito forno express, embalagem de 500g",,2.39,4.78,0,kg,€/Kg,,Tipo de stockagem,https://driveimg1.intermarche.com/pt/Content/images/boitmal/produit/zoom/0228B7DA2D869BE6CC08EB6C3BA8A725.jpg,https://driveimg1.intermarche.com/pt/Content/images/boitmal/produit/zoom/BE4E51C3521B5F08FDF70D7B93729985.jpg,,,,,,,2025-02-12T23:59:59.999999999Z,PROSPECTUS,9,3
46737,4005900388957,150.0,Nivea Men,"Desodorizante spray protect & care, 150 ml",,3.45,23.0,150,L,€/L,,,https://driveimg1.intermarche.com/pt/Content/images/boitmal/produit/zoom/8EA5F22727C42ED9AFDAD1E445389534.jpg,,,,,,,,2025-02-12T23:59:59.999999999Z,PROSPECTUS,9,3
46828,5601195650121,1000.0,Pedras Salgadas,"Água com gás tangerina, pack 4 x 25 cl",,1.99,1.99,1000,L,€/L,,,https://driveimg1.intermarche.com/pt/Content/images/boitmal/produit/zoom/C741A105A5ADD4B4B95BF633150AA653.jpg,,,,,,,,2025-02-12T23:59:59.999999999Z,PROSPECTUS,9,3
47106,7613287613806,,Nescafé,"Café espresso buondi intenso, 16 cápsulas",,8.99,8.99,30,,€/Unidade,,,https://driveimg1.intermarche.com/pt/Content/images/boitmal/produit/zoom/E40A3E7241DABB11EAC194DA9AD5C029.jpg,,,,,,,,2025-02-12T23:59:59.999999999Z,PROSPECTUS,9,3
48834,8718951477896,75.0,Colgate,"Pasta dentífrica herbal, 75 ml",,1.99,26.53,75,L,€/L,,,https://driveimg1.intermarche.com/pt/Content/images/boitmal/produit/zoom/49AA8A03B3B014B043207C72387FF48F.jpg,,,,,,,,2025-02-12T23:59:59.999999999Z,PROSPECTUS,9,3
49995,8445290170736,800.0,NAN,Leite Transição Optipro 3 +10 Meses,Embalagem de 800g,11.59,14.49,0,kg,€/Kg,,,https://driveimg1.intermarche.com/pt/Content/images/boitmal/produit/zoom/04AEC96DB6A5F805D25E7E9E11EE5586.jpg,,,,,,,,2025-02-12T23:59:59.999999999Z,PROSPECTUS,9,3
51181,5601217137265,720.0,Quanto,"Perfumador de roupa azul, 36 doses",,3.49,4.85,720,L,€/L,,,https://driveimg1.intermarche.com/pt/Content/images/boitmal/produit/zoom/95E6BEEA038341803BF5F634198E2DF8.jpg,,,,,,,,2025-02-12T23:59:59.999999999Z,PROSPECTUS,9,3
51625,8445290109613,800.0,Purina One,Ração seca para gato indoor peru,Embalagem de 800g,5.59,6.99,0,kg,€/Kg,,,https://driveimg1.intermarche.com/pt/Content/images/boitmal/produit/zoom/3AEE8C01B23360874350D7A24BD612D4.jpg,,,,,,,,2025-02-12T23:59:59.999999999Z,PROSPECTUS,9,3
52598,5601217137975,1710.0,Quanto,"Amaciador roupa concentrado frutos silvestres, 95 doses",,3.99,2.33,1710,L,€/L,,,https://driveimg1.intermarche.com/pt/Content/images/boitmal/produit/zoom/1A92BA40F7151350053A912CC4251BEE.jpg,,,,,,,,2025-02-12T23:59:59.999999999Z,PROSPECTUS,9,3
53232,8445290759207,600.0,Nesquik,"Achocolatado em Pó, 600g",,3.99,6.65,0,kg,€/Kg,,,https://driveimg1.intermarche.com/pt/Content/images/boitmal/produit/zoom/8142D9ABDD247C983EB9286F596F2E87.jpg,https://driveimg1.intermarche.com/pt/Content/images/boitmal/produit/zoom/1E8F61743B1B3F44416834AAF4EBE584.jpg,https://driveimg1.intermarche.com/pt/Content/images/boitmal/produit/zoom/1E8F61743B1B3F44416834AAF4EBE584.jpg,https://driveimg1.intermarche.com/pt/Content/images/boitmal/produit/zoom/1E8F61743B1B3F44416834AAF4EBE584.jpg,,,,,2025-02-12T23:59:59.999999999Z,PROSPECTUS,9,3
579,3250390051138,2000.0,Paquito,"Néctar laranja, tetra",Embalagem de 2 l,1.99,1.0,2000,L,€/L,,,https://driveimg1.intermarche.com/pt/Content/images/boitmal/produit/zoom/54AC0D113964ECCAFF954CB6A9106104.jpg,,,,,,,,2025-02-12T23:59:59.999999999Z,PROSPECTUS,9,3
650,3250390258957,2000.0,Paquito,Nectar multivitaminas,Embalagem de 2 l,2.15,1.08,2000,L,€/L,,,https://driveimg1.intermarche.com/pt/Content/images/boitmal/produit/zoom/A2228AD58FA57101C5955DF25939C07E.jpg,,,,,,,,2025-02-12T23:59:59.999999999Z,PROSPECTUS,9,3
8315,5601028013307,,Renova,"Papel higiénico, compacto, extra xxl, folha dupla, 24 unidades",1 embalagem,11.79,11.79,0,,€/Unidade,,,https://driveimg1.intermarche.com/pt/Content/images/boitmal/produit/zoom/8841944F9F3703369828D4B2A56CAC2C.jpg,https://driveimg1.intermarche.com/pt/Content/images/boitmal/produit/zoom/F6866F63DEC5517DB1E2DC48AD701110.jpg,https://driveimg1.intermarche.com/pt/Content/images/boitmal/produit/zoom/52CEDF162CBC9A98A93B293FEE315F10.jpg,,,,,,2025-02-12T23:59:59.999999999Z,PROSPECTUS,9,3
8435,5601050033953,620.0,Danone,"Iogurte activia líquido 0% de pêssego/maracujá, embalagem de 4 x 155g",,1.99,3.21,0,kg,€/Kg,,,https://driveimg1.intermarche.com/pt/Content/images/boitmal/produit/zoom/8F87711D2EAC77ED611C3C3EAE26545D.jpg,,,,,,,,2025-02-12T23:59:59.999999999Z,PROSPECTUS,9,3
1138,5601082022796,250.0,Delta,Café em grão,Embalagem de 250g,2.89,11.56,0,kg,€/Kg,,,https://driveimg1.intermarche.com/pt/Content/images/boitmal/produit/zoom/A8B4C93555D2897E7B184C0C3550DF4C.jpg,,,,,,,,2025-02-12T23:59:59.999999999Z,PROSPECTUS,9,4
14373,7613034584236,100.0,Nescafé,"Café solúvel creme, embalagem de 100g",,3.83,38.3,0,kg,€/Kg,,,https://driveimg1.intermarche.com/pt/Content/images/boitmal/produit/zoom/48199761533FB8DB6A796A993ABA4535.jpg,,,,,,,,2025-02-12T23:59:59.999999999Z,PROSPECTUS,9,4
1464,5601286233776,250.0,Milaneza,"Massa de bagos, embalagem de 250g",,0.62,2.48,0,kg,€/Kg,,,https://driveimg1.intermarche.com/pt/Content/images/boitmal/produit/zoom/539D153DE9C377CF57F947CAA1EB45EB.jpg,,,,,,,,2025-02-12T23:59:59.999999999Z,PROSPECTUS,9,4
14723,8410063045139,800.0,Pescanova,"Camarão vannamei 40/48, embalagem de 800g",,8.69,10.86,0,kg,€/Kg,,Tipo de stockagem,https://driveimg1.intermarche.com/pt/Content/images/boitmal/produit/zoom/CF56AF8546EAE589D7E2D74E545BD302.jpg,,,,,,,,2025-02-12T23:59:59.999999999Z,PROSPECTUS,9,4
1611,5601736901293,250.0,Mar Ibérica,Cubos de tamboril,Embalagem de 250 g,3.39,13.56,0,kg,€/Kg,,Tipo de stockagem,https://driveimg1.intermarche.com/pt/Content/images/boitmal/produit/zoom/B7F6A60B0D063C4286B9079B713072D6.jpg,,,,,,,,2025-02-12T23:59:59.999999999Z,PROSPECTUS,9,4
16406,7622210352231,31.0,Royal,"Gelatina frutos tropicais 10kcal, 30g",,1.45,46.77,0,kg,€/Kg,,,https://driveimg1.intermarche.com/pt/Content/images/boitmal/produit/zoom/0B3BA156EC613D4E9D8ADDCBB32811AB.jpg,,,,,,,,2025-02-12T23:59:59.999999999Z,PROSPECTUS,9,4
16407,7622210352224,31.0,Royal,"Gelatina ananás 10kcal, embalagem de 30g",,1.45,46.77,0,kg,€/Kg,,,https://driveimg1.intermarche.com/pt/Content/images/boitmal/produit/zoom/0A257042CE178F542C5467E8BB39BB12.jpg,,,,,,,,2025-02-12T23:59:59.999999999Z,PROSPECTUS,9,4
1693,5603344681017,40.0,General,Filete de anchovas estendidas,Embalagem de 40g,1.64,41.0,0,kg,€/Kg,,,https://driveimg1.intermarche.com/pt/Content/images/boitmal/produit/zoom/06C9DE88EC4B1F1E75839FBBD4E50942.jpg,,,,,,,,2025-02-12T23:59:59.999999999Z,PROSPECTUS,9,4
1711,5604055118410,6000.0,Fastio,"Água mineral sem gás, pack 4 x 1.5 l",,2.19,0.37,6000,L,€/L,,,https://driveimg1.intermarche.com/pt/Content/images/boitmal/produit/zoom/ADF5F83607F39D07CF3C9F204186DB24.jpg,,,,,,,,2025-02-12T23:59:59.999999999Z,PROSPECTUS,9,4
17893,5601082039817,220.0,Delta Q,Café xl qharacter cápsulas,40 Cápsulas,14.99,68.14,0,kg,€/Kg,,,https://driveimg1.intermarche.com/pt/Content/images/boitmal/produit/zoom/A33D46B8BEAE0A6886B2052A87431B6E.jpg,,,,,,,,2025-02-12T23:59:59.999999999Z,PROSPECTUS,9,4
22936,5029053562094,,Scottex,"Papel higiénico acolchoado sensitive 3 folhas, 6 rolos",,2.79,2.79,0,,€/Unidade,,,https://driveimg1.intermarche.com/pt/Content/images/boitmal/produit/zoom/6F54FA0DDCEBB8C28AD86E199F6607D8.jpg,,,,,,,,2025-02-12T23:59:59.999999999Z,PROSPECTUS,9,4
24579,3600541946309,400.0,Fructis,Champô força e brilho,Embalagem com 400 ml,3.89,9.73,400,L,€/L,,,https://driveimg1.intermarche.com/pt/Content/images/boitmal/produit/zoom/B318411B1A658517F85A242ED66D26E5.jpg,,,,,,,,2025-02-12T23:59:59.999999999Z,PROSPECTUS,9,4
24583,3600541946262,400.0,Fructis,Champô hidra caracóis,Embalagem de 400 ml,3.89,9.73,400,L,€/L,,,https://driveimg1.intermarche.com/pt/Content/images/boitmal/produit/zoom/F45C286B6B8330CEB5E45C88E611688B.jpg,,,,,,,,2025-02-12T23:59:59.999999999Z,PROSPECTUS,9,4
2482,7613032584757,250.0,Cerelac,Papa infantil láctea 5 frutos +6 meses,Embalagem de 250g,3.19,12.76,0,kg,€/Kg,,,https://driveimg1.intermarche.com/pt/Content/images/boitmal/produit/zoom/3BA8FAB1CBB784A1F35D14E45DA423EA.jpg,,,,,,,,2025-02-12T23:59:59.999999999Z,PROSPECTUS,9,4
2500,7613033129025,250.0,Cerelac,"Papa infantil não láctea bolacha maria +6 meses, de 250g",,2.39,9.56,0,kg,€/Kg,,,https://driveimg1.intermarche.com/pt/Content/images/boitmal/produit/zoom/86F8E21230827C4A87CCDAA9CDA276AE.jpg,,,,,,,,2025-02-12T23:59:59.999999999Z,PROSPECTUS,9,4
2577,7622210252074,190.0,Triunfo,"Bolachas de aveia, embalagem de 190g",,1.49,7.84,0,kg,€/Kg,,,https://driveimg1.intermarche.com/pt/Content/images/boitmal/produit/zoom/AE3D9564668042C19B50FE39B27D13F1.jpg,,,,,,,,2025-02-12T23:59:59.999999999Z,PROSPECTUS,9,4
26485,3600542034074,400.0,Fructis,Champô Hidraliso,Embalagem de 400 ml,3.89,9.73,400,L,€/L,,,https://driveimg1.intermarche.com/pt/Content/images/boitmal/produit/zoom/0A5BF6BD4C0B7CE0E1D33260CCEBEAEB.jpg,,,,,,,,2025-02-12T23:59:59.999999999Z,PROSPECTUS,9,4
29236,4005900388971,50.0,Nivea Men,"Desodorizante roll on protect & care, 50 ml",,2.99,59.8,50,L,€/L,,,https://driveimg1.intermarche.com/pt/Content/images/boitmal/produit/zoom/8BB07C2766F09C527BF03F747056132A.jpg,,,,,,,,2025-02-12T23:59:59.999999999Z,PROSPECTUS,9,4
35616,7613037043914,100.0,Nestlé,"Descafeinado, embalagem de 100g",,4.28,42.8,0,kg,€/Kg,,,https://driveimg1.intermarche.com/pt/Content/images/boitmal/produit/zoom/67B7A960E664E041DCCA5B39B81AA598.jpg,,,,,,,,2025-02-12T23:59:59.999999999Z,PROSPECTUS,9,4
37990,8410063036175,1000.0,Pescanova,"Caprichos do mar sem glúten, embalagem de 1 kg",,5.99,5.99,0,kg,€/Kg,,Tipo de stockagem,https://driveimg1.intermarche.com/pt/Content/images/boitmal/produit/zoom/6895ADBC20BAA64ABF1A75EDB160FACB.jpg,,,,,,,,2025-02-12T23:59:59.999999999Z,PROSPECTUS,9,4
38002,8410199810656,75.0,Cheetos,"Snack de milho com queijo, embalagem de 75g",,1.49,19.87,0,kg,€/Kg,,,https://driveimg1.intermarche.com/pt/Content/images/boitmal/produit/zoom/A93518F637D0B70B9FA1BE29869B4223.jpg,,,,,,,,2025-02-12T23:59:59.999999999Z,PROSPECTUS,9,4
40889,7622201122645,114.0,Royal,"Gelatina de morango e framboesa, embalagem de 114g",,1.45,12.72,0,kg,€/Kg,,,https://driveimg1.intermarche.com/pt/Content/images/boitmal/produit/zoom/B15692ACC03EEF113428584D233CB12A.jpg,,,,,,,,2025-02-12T23:59:59.999999999Z,PROSPECTUS,9,4
41069,8410650171425,1500.0,Ultima,Ração seca gato esterilizado com salmão,Embalagem de 1.5 kg,9.94,6.63,0,kg,€/Kg,,,https://driveimg1.intermarche.com/pt/Content/images/boitmal/produit/zoom/DD83F89D122DCC905AAE152B5E5401B6.jpg,,,,,,,,2025-02-12T23:59:59.999999999Z,PROSPECTUS,9,4
41901,7613037677591,250.0,Cerelac,"Farinha láctea menos 40% açúcar, embalagem de 250g",,2.49,9.96,0,kg,€/Kg,,,https://driveimg1.intermarche.com/pt/Content/images/boitmal/produit/zoom/029375962274AEB82420915E9195E54A.jpg,,,,,,,,2025-02-12T23:59:59.999999999Z,PROSPECTUS,9,4
44313,5449000296238,1500.0,Fanta,"Fanta guaraná sem açúcar embalagem 1,5 l",,0.99,0.66,1500,L,€/L,,,https://driveimg1.intermarche.com/pt/Content/images/boitmal/produit/zoom/FB0C8116B1E2A9A481C6DFCAB4B2197E.jpg,,,,,,,,2025-02-12T23:59:59.999999999Z,PROSPECTUS,9,4
44704,5053990155941,175.0,Pringles,"Snacks batata hot & spicy, embalagem de 175g",,2.39,13.66,0,kg,€/Kg,,,https://driveimg1.intermarche.com/pt/Content/images/boitmal/produit/zoom/41DF960E12D56D310EB0CF45988973FA.jpg,https://driveimg1.intermarche.com/pt/Content/images/boitmal/produit/zoom/6928ADB37A9D879D8A1130CADC9B4CD3.jpg,https://driveimg1.intermarche.com/pt/Content/images/boitmal/produit/zoom/6928ADB37A9D879D8A1130CADC9B4CD3.jpg,https://driveimg1.intermarche.com/pt/Content/images/boitmal/produit/zoom/6928ADB37A9D879D8A1130CADC9B4CD3.jpg,,,,,2025-02-12T23:59:59.999999999Z,PROSPECTUS,9,4
44832,7613287235497,7.0,Cerelac,"Nutripuffs de banana 8 meses sem açúcar, embalagem de 7g",,0.57,81.43,0,kg,€/Kg,,,https://driveimg1.intermarche.com/pt/Content/images/boitmal/produit/zoom/6798487E853B53B30C64658DB94F26AA.jpg,,,,,,,,2025-02-12T23:59:59.999999999Z,PROSPECTUS,9,4
47691,5000204827712,250.0,Pronto,"Óleo cedro líquido, garrafa de 250 ml",,2.69,10.76,250,L,€/L,,,https://driveimg1.intermarche.com/pt/Content/images/boitmal/produit/zoom/F581A602B2481926AA09B58EF7B4C946.jpg,,,,,,,,2025-02-12T23:59:59.999999999Z,PROSPECTUS,9,4
47890,8718951434912,50.0,Aquafresh,Dentífrico júnior 7 a 12 anos,Embalagem de 50 ml,2.6,52.0,50,L,€/L,,,https://driveimg1.intermarche.com/pt/Content/images/boitmal/produit/zoom/69B50B84D28922C91B7AD5E5C7F61B21.jpg,,,,,,,,2025-02-12T23:59:59.999999999Z,PROSPECTUS,9,4
47981,5000116126828,360.0,Capitão Iglo,"12 douradinhos de peixe sem glúten, embalagem de 360g",,4.97,13.81,0,kg,€/Kg,,Tipo de stockagem,https://driveimg1.intermarche.com/pt/Content/images/boitmal/produit/zoom/E088C1996A4222DF68B662FD3DF061BC.jpg,,,,,,,,2025-02-12T23:59:59.999999999Z,PROSPECTUS,9,4
50027,5775345203373,700.0,Sunquick,"Concentrado laranja e pêssego, garrafa de 700 ml",,4.86,6.94,700,L,€/L,,,https://driveimg1.intermarche.com/pt/Content/images/boitmal/produit/zoom/2B7B8A70FBAF0A6CD4EF7DCD3A798DD6.jpg,,,,,,,,2025-02-12T23:59:59.999999999Z,PROSPECTUS,9,4
50654,7613287218797,110.0,Nestlé,"Saqueta de fruta banana e morango +12m, 110g",,0.73,6.64,0,kg,€/Kg,,,https://driveimg1.intermarche.com/pt/Content/images/boitmal/produit/zoom/F59987C4DA3FED323F3E6B858D23FD51.jpg,,,,,,,,2025-02-12T23:59:59.999999999Z,PROSPECTUS,9,4
51311,8410500028435,250.0,Yopro,"Yopro danone beber chocolate,  250 ml",,1.09,4.36,250,L,€/L,,,https://driveimg1.intermarche.com/pt/Content/images/boitmal/produit/zoom/9824D9521520F32ACBBA951BF67C2425.jpg,,,,,,,,2025-02-12T23:59:59.999999999Z,PROSPECTUS,9,4
51382,8434165608030,150.0,Cuétara,Cuetara marinheiros classicas  *9,Embalagem de 150g,1.59,10.6,0,kg,€/Kg,,,https://driveimg1.intermarche.com/pt/Content/images/boitmal/produit/zoom/3333EEF869CDC53A2CB138941A0845C5.jpg,,,,,,,,2025-02-12T23:59:59.999999999Z,PROSPECTUS,9,4
5163,5601119225459,110.0,Nobre,"Peito de peru fatias finas, embalagem de 110g",,2.39,21.73,0,kg,€/Kg,,,https://driveimg1.intermarche.com/pt/Content/images/boitmal/produit/zoom/974FB18B55CA4E77D8BC07F3A9C285B6.jpg,,,,,,,,2025-02-12T23:59:59.999999999Z,PROSPECTUS,9,4
51684,5604260326945,500.0,Labell,Champô abacate e karité cabelos secos,Embalagem de 500 ml,2.99,5.98,500,L,€/L,,,https://driveimg1.intermarche.com/pt/Content/images/boitmal/produit/zoom/0C8614BB8FF597BC2D6387789148F32E.jpg,,,,,,,,2025-02-12T23:59:59.999999999Z,PROSPECTUS,9,4
52024,8711327580343,330.0,Magnum,"Gelados mini double sunlover, embalagem de 330 ml",,4.49,13.61,330,L,€/L,,Tipo de stockagem,https://driveimg1.intermarche.com/pt/Content/images/boitmal/produit/zoom/072DE7ACC63CE75B8E6E3C11FAC99F00.jpg,,,,,,,,2025-02-12T23:59:59.999999999Z,PROSPECTUS,9,4
52378,8720181407130,1300.0,Cif,"Lava tudo vinagre, embalagem de 1,3l",,1.99,1.53,1300,L,€/L,,,https://driveimg1.intermarche.com/pt/Content/images/boitmal/produit/zoom/171393A645468062F81960E4867EA09F.jpg,https://driveimg1.intermarche.com/pt/Content/images/boitmal/produit/zoom/ACC8FB9EC20CE1255E2C2456FAF7B5E2.jpg,,,,,,,2025-02-12T23:59:59.999999999Z,PROSPECTUS,9,4
52881,8719200267190,450.0,Becel,"Creme vegetal para barrar original, 450g",,3.56,7.91,0,kg,€/Kg,,,https://driveimg1.intermarche.com/pt/Content/images/boitmal/produit/zoom/7D8CFDDFB89CBA606F61A06158439D60.jpg,https://driveimg1.intermarche.com/pt/Content/images/boitmal/produit/zoom/D67292663C5C1617E51BCDF904BF56A4.jpg,https://driveimg1.intermarche.com/pt/Content/images/boitmal/produit/zoom/D67292663C5C1617E51BCDF904BF56A4.jpg,,,,,,2025-02-12T23:59:59.999999999Z,PROSPECTUS,9,4
