identifier,produitEan13,capacite,marque,libelle,conditionnement,prix,unitPrice,volume,typeProduit_uniteByCode,unit_value,pictogrammes_0,pictogrammes_libelleCategorie,images_0,images_1,images_2,images_3,images_4,images_5,avantages_dateFin,avantages_categorie,nro_paginas,page,images_6,images_7
15161,5604260274246,1000.0,PorSi,Cenouras Programa Origens,Embalagem de 1 kg,0.89,0.89,0,kg,€/Kg,,,https://driveimg1.intermarche.com/pt/Content/images/boitmal/produit/zoom/558C3AC1450C10C8B2395D06441C5423.jpg,,,,,,2025-05-21T23:59:59.999999999+01:00,PROSPECTUS,11,1,,
15979,5601119242364,650.0,Nobre,"Salsichas de aves extra suculentas, frasco de 650g",,2.09,3.22,0,kg,€/Kg,,,https://driveimg1.intermarche.com/pt/Content/images/boitmal/produit/zoom/F9B3EEFB29AFDD46B059DC76A73501AE.jpg,,,,,,2025-05-21T23:59:59.999999999+01:00,PROSPECTUS,11,1,,
40819,5605566000133,5000.0,Penacova,"Água sem gás, garrafão de 5l",,1.08,0.22,5000,L,€/L,,,https://driveimg1.intermarche.com/pt/Content/images/boitmal/produit/zoom/A64C61020903C9B4015FF80D9F8314AF.jpg,,,,,,2025-05-21T23:59:59.999999999+01:00,PROSPECTUS,11,1,,
49291,5601119286672,100.0,Nobre,"Nobre extra suculento fiambre fatias clássicas, embalagem de 100g",,1.39,13.9,0,kg,€/Kg,,,https://driveimg1.intermarche.com/pt/Content/images/boitmal/produit/zoom/92EBF47D3DDAF9DE6B6D84F7C4FBE205.jpg,,,,,,2025-05-21T23:59:59.999999999+01:00,PROSPECTUS,11,1,,
13886,2891108000000,1000.0,Frango,Bife de Frango,Vendido ao peso a partir de 1 kg,5.99,5.99,0,,€/Kg,,,https://driveimg1.intermarche.com/pt/Content/images/boitmal/produit/zoom/519BDC237EE2CC43FB5B010D4FF5A15B.jpg,,,,,,2025-05-21T23:59:59.999999999+01:00,PROSPECTUS,11,1,,
54293,3600542520232,150.0,Ambre Solaire,"Protetor Solar Spray Sensitive Advanced Kids FPS 50+, 150ml",,13.29,88.6,150,L,€/L,,,https://driveimg1.intermarche.com/pt/Content/images/boitmal/produit/zoom/823D664A32141EB1950F7E443A75BE1D.jpg,https://driveimg1.intermarche.com/pt/Content/images/boitmal/produit/zoom/B22FF17D129E72CD96FF5C5A05B61151.jpg,https://driveimg1.intermarche.com/pt/Content/images/boitmal/produit/zoom/B22FF17D129E72CD96FF5C5A05B61151.jpg,https://driveimg1.intermarche.com/pt/Content/images/boitmal/produit/zoom/B22FF17D129E72CD96FF5C5A05B61151.jpg,,,2025-05-21T23:59:59.999999999+01:00,PROSPECTUS,11,1,,
22335,5000116110940,420.0,Capitão Iglo,"15 douradinhos, embalagem de 420g",,7.14,17.0,0,kg,€/Kg,,Tipo de stockagem,https://driveimg1.intermarche.com/pt/Content/images/boitmal/produit/zoom/3973A8C90F686ECB72E76C3B0A0492D4.jpg,,,,,,2025-05-21T23:59:59.999999999+01:00,PROSPECTUS,11,1,,
10273,8410436240130,50.0,Sonasol,Bloco sanitário blue activ higiene,Embalagem de 50 g,1.98,39.6,0,kg,€/Kg,,,https://driveimg1.intermarche.com/pt/Content/images/boitmal/produit/zoom/030C25BBFC0551A8A26341A0DB18F1E8.jpg,,,,,,2025-05-21T23:59:59.999999999+01:00,PROSPECTUS,11,1,,
13781,2892323000000,250.0,Fruta,Uva Red Globe,1 un = 250 gr  (aprox.),0.75,2.99,0,,€/Kg,,,https://driveimg1.intermarche.com/pt/Content/images/boitmal/produit/zoom/0CB9D5C0FE47F5D642EA2D42574AAC35.jpg,,,,,,2025-05-21T23:59:59.999999999+01:00,PROSPECTUS,11,1,,
3756,3250390211716,700.0,On/Off,Licor de whisky,"Garrafa de 0,70 l",6.39,9.13,700,L,€/L,,,https://driveimg1.intermarche.com/pt/Content/images/boitmal/produit/zoom/C421CAE610F9DC7C9BD5D62626C79C74.jpg,,,,,,2025-05-21T23:59:59.999999999+01:00,PROSPECTUS,11,1,,
51876,7613035464209,680.0,Purina Gourmet,Grmt gold svryckegigmvbf&tom612(8x85g)es,Embalagem de 680g,4.64,6.82,0,kg,€/Kg,,,https://driveimg1.intermarche.com/pt/Content/images/boitmal/produit/zoom/BC33495C40FA9F23F2CC3A4FB819EBA1.jpg,,,,,,2025-05-21T23:59:59.999999999+01:00,PROSPECTUS,11,1,,
2459,7613031497096,400.0,Nestlé,"Fruta para bebé maçã pera +4 meses, embalagem de 4 x 100g",,2.54,6.35,0,kg,€/Kg,,,https://driveimg1.intermarche.com/pt/Content/images/boitmal/produit/zoom/A3657AC5DA61941E17EE1AD603103EE0.jpg,,,,,,2025-05-21T23:59:59.999999999+01:00,PROSPECTUS,11,1,,
52600,5601217137951,1710.0,Quanto,"Amaciador roupa concentrado ouro e orquídea branca, 95 doses",,3.99,2.33,1710,L,€/L,,,https://driveimg1.intermarche.com/pt/Content/images/boitmal/produit/zoom/D5BBE20226E42754DBBAD723FC764C65.jpg,,,,,,2025-05-21T23:59:59.999999999+01:00,PROSPECTUS,11,1,,
52175,5449000217165,1980.0,Coca-Cola,"Refrigerante zero açúcar, pack lata 6 x 330 ml",,4.31,2.18,1980,L,€/L,,,https://driveimg1.intermarche.com/pt/Content/images/boitmal/produit/zoom/58FFEC9210E1D3C2B0DE2DA5552DC2F8.jpg,,,,,,2025-05-21T23:59:59.999999999+01:00,PROSPECTUS,11,1,,
35138,5603722517655,960.0,Mimosa,"Iogurte sólido aroma morango, ananás e banana, 8 x 120 g",,1.97,2.05,0,kg,€/Kg,,,https://driveimg1.intermarche.com/pt/Content/images/boitmal/produit/zoom/7070B93AC2DB23DCF61734D801E40E6D.jpg,,,,,,2025-05-21T23:59:59.999999999+01:00,PROSPECTUS,11,1,,
6267,8016825926687,75.0,Aquafresh,Pasta dentífrica menta fresca,Embalagem de 75 ml,1.84,24.53,75,L,€/L,,,https://driveimg1.intermarche.com/pt/Content/images/boitmal/produit/zoom/5AF61545461116CEF40994D7E37A4C54.jpg,,,,,,2025-05-21T23:59:59.999999999+01:00,PROSPECTUS,11,1,,
20845,4015400846789,,Dodot,Fraldas Recém Nascido Sensitive | Tamanho 2 - 4-8 kg,Embalagem c/ 58 unidades,12.69,12.69,0,,€/Unidade,,,https://driveimg1.intermarche.com/pt/Content/images/boitmal/produit/zoom/63EC8BDD23C53956A77A4B02EC337DBE.jpg,https://driveimg1.intermarche.com/pt/Content/images/boitmal/produit/zoom/DC6466B752B89E9E5AA5C794BD4F7833.jpg,https://driveimg1.intermarche.com/pt/Content/images/boitmal/produit/zoom/DC6466B752B89E9E5AA5C794BD4F7833.jpg,https://driveimg1.intermarche.com/pt/Content/images/boitmal/produit/zoom/DC6466B752B89E9E5AA5C794BD4F7833.jpg,https://driveimg1.intermarche.com/pt/Content/images/boitmal/produit/zoom/DC6466B752B89E9E5AA5C794BD4F7833.jpg,https://driveimg1.intermarche.com/pt/Content/images/boitmal/produit/zoom/DC6466B752B89E9E5AA5C794BD4F7833.jpg,2025-05-21T23:59:59.999999999+01:00,PROSPECTUS,11,1,,
25262,5000116112166,208.0,Capitão Iglo,"10 nuggets de frango, embalagem de 210g",,2.99,14.38,0,kg,€/Kg,,Tipo de stockagem,https://driveimg1.intermarche.com/pt/Content/images/boitmal/produit/zoom/CF1467DF1CD91C352F5C2C303E0557A7.jpg,,,,,,2025-05-21T23:59:59.999999999+01:00,PROSPECTUS,11,1,,
25542,7613035378681,115.0,Purina One,Snack de higiene oral diária para cão médio,Embalagem de 115 g,2.24,19.48,0,kg,€/Kg,,,https://driveimg1.intermarche.com/pt/Content/images/boitmal/produit/zoom/CC61BC096B4044BD95549C5F6B38B6BE.jpg,,,,,,2025-05-21T23:59:59.999999999+01:00,PROSPECTUS,11,1,,
13966,2696019000000,450.0,Padaria,Pão Regional Rio Maior Inteiro,1 unidade= 450 g,1.09,2.42,0,kg,€/Kg,,,https://driveimg1.intermarche.com/pt/Content/images/boitmal/produit/zoom/868CC38F01B8F1FD056036A7F49504A8.jpg,,,,,,2025-05-21T23:59:59.999999999+01:00,PROSPECTUS,11,1,,
13813,2892489000000,250.0,Legumes,Batata Doce,1 un = 250 gr  (aprox.),0.37,1.49,0,,€/Kg,,,https://driveimg1.intermarche.com/pt/Content/images/boitmal/produit/zoom/B0785A3D8A1A6773EB1FB43B119AC4D9.jpg,,,,,,2025-05-21T23:59:59.999999999+01:00,PROSPECTUS,11,1,,
5143,5601096201309,750.0,Casal Garcia,"Vinho verde branco, garrafa de 0.75 l",,4.69,6.25,750,L,€/L,,,https://driveimg1.intermarche.com/pt/Content/images/boitmal/produit/zoom/C499325EC5B55389E1608DCDF3310034.jpg,,,,,,2025-05-21T23:59:59.999999999+01:00,PROSPECTUS,11,1,,
8383,5601049132995,1000.0,Mimosa,"Leite uht meio gordo, embalagem de 1litro",,0.89,0.89,1000,L,€/L,,,https://driveimg1.intermarche.com/pt/Content/images/boitmal/produit/zoom/6FB52C843F677BD37D399D45BB10B38B.jpg,https://driveimg1.intermarche.com/pt/Content/images/boitmal/produit/zoom/AE810093A08CEBD60415DCC626CF5804.jpg,https://driveimg1.intermarche.com/pt/Content/images/boitmal/produit/zoom/A0562293538F541B1B99592AA046327B.jpg,,,,2025-05-21T23:59:59.999999999+01:00,PROSPECTUS,11,1,,
5923,5604260255665,,PorSi,"Rolos de cozinha compactos, branco, 2 unidades",Uma embalagem,0.89,0.89,0,,€/Unidade,,,https://driveimg1.intermarche.com/pt/Content/images/boitmal/produit/zoom/ADCF0EA34B91240A7A00AF42F5F8E9B0.jpg,,,,,,2025-05-21T23:59:59.999999999+01:00,PROSPECTUS,11,1,,
13893,2891043000000,1000.0,Porco,Entrecosto,Vendido ao peso a partir de 1 kg,4.99,4.99,0,,€/Kg,,,https://driveimg1.intermarche.com/pt/Content/images/boitmal/produit/zoom/AA05EE99D302D59771FCC108473E0700.jpg,,,,,,2025-05-21T23:59:59.999999999+01:00,PROSPECTUS,11,1,,
12888,2892090000000,500.0,Fruta,Manga Avião,1 un=500 gr (aprox.),2.0,3.99,0,,€/Kg,,,https://driveimg1.intermarche.com/pt/Content/images/boitmal/produit/zoom/A3E5B8447376E0E91C2C4BB7B1444B76.jpg,https://driveimg1.intermarche.com/pt/Content/images/boitmal/produit/zoom/842EA0C904154D230A3A6F63A245D264.jpg,,,,,2025-05-21T23:59:59.999999999+01:00,PROSPECTUS,11,1,,
36711,5604260294862,200.0,PorSi,Queijo edam fatias,Embalagem de 200 g,1.68,8.4,0,kg,€/Kg,,,https://driveimg1.intermarche.com/pt/Content/images/boitmal/produit/zoom/46DECF3B546FE1C267F5C56013613756.jpg,,,,,,2025-05-21T23:59:59.999999999+01:00,PROSPECTUS,11,1,,
1730,5604260000319,250.0,PorSi,"Massa cuscus, embalagem de 250g",,0.55,2.2,0,kg,€/Kg,,,https://driveimg1.intermarche.com/pt/Content/images/boitmal/produit/zoom/46EBB016676D295FEB6BDF8AF4C79600.jpg,,,,,,2025-05-21T23:59:59.999999999+01:00,PROSPECTUS,11,1,,
13894,2891044000000,1000.0,Porco,Entremeada sem Entrecosto,Vendido ao peso a partir de 1 kg,4.29,4.29,0,,€/Kg,,,https://driveimg1.intermarche.com/pt/Content/images/boitmal/produit/zoom/033DDCE7C7F9A9CD99F0A4BEB2F74462.jpg,,,,,,2025-05-21T23:59:59.999999999+01:00,PROSPECTUS,11,1,,
34240,2892497000000,250.0,Programa Origens,Cebola roxa categoria II,Vendido ao peso,0.4,1.59,0,,€/Kg,,,https://driveimg1.intermarche.com/pt/Content/images/boitmal/produit/zoom/F8F441E981475C78DFA8B7423332B5B4.jpg,,,,,,2025-05-21T23:59:59.999999999+01:00,PROSPECTUS,11,1,,
35947,5604260285716,,PorSi,Rolo de cozinha XXL,1 rolo,1.09,1.09,0,,€/Unidade,,,https://driveimg1.intermarche.com/pt/Content/images/boitmal/produit/zoom/B5A0A287774C2797FBCEA13262E75167.jpg,,,,,,2025-05-21T23:59:59.999999999+01:00,PROSPECTUS,11,1,,
36704,5604260300655,385.0,PorSi,Atum posta ao natural,Lata de 385 g,2.69,6.99,0,kg,€/Kg,,,https://driveimg1.intermarche.com/pt/Content/images/boitmal/produit/zoom/6E8F48924D1C68054BF8CC7FA6C97A49.jpg,,,,,,2025-05-21T23:59:59.999999999+01:00,PROSPECTUS,11,1,,
11961,5603722505607,1000.0,Mimosa,"Leite sem lactose meio gordo, de 1l",,1.14,1.14,1000,L,€/L,,,https://driveimg1.intermarche.com/pt/Content/images/boitmal/produit/zoom/A98ED8A0E5E675A3AC1A551BCE75B0AB.jpg,https://driveimg1.intermarche.com/pt/Content/images/boitmal/produit/zoom/4E57BFE09E8D859BDBE1705476BB9F1B.jpg,https://driveimg1.intermarche.com/pt/Content/images/boitmal/produit/zoom/E1F70144AAFCC0EAEBFF05614177D009.jpg,,,,2025-05-21T23:59:59.999999999+01:00,PROSPECTUS,11,1,,
1302,5601151700754,845.0,Compal,"Grão de bico, lata de 850g",,1.74,2.06,0,kg,€/Kg,,,https://driveimg1.intermarche.com/pt/Content/images/boitmal/produit/zoom/DA244D258ED9A9EF750825CAFFB70E24.jpg,,,,,,2025-05-21T23:59:59.999999999+01:00,PROSPECTUS,11,1,,
46299,5604260315048,500.0,PorSi,Legumes preparados para sopa de espinafres,500 g,1.99,3.98,0,kg,€/Kg,,,https://driveimg1.intermarche.com/pt/Content/images/boitmal/produit/zoom/B4E46060059C3A52994EEE6821B15826.jpg,,,,,,2025-05-21T23:59:59.999999999+01:00,PROSPECTUS,11,1,,
48238,8410199023094,170.0,LayS,"Lays gourmet corte fino, embalagem de 180 g",,2.69,15.82,0,kg,€/Kg,,,https://driveimg1.intermarche.com/pt/Content/images/boitmal/produit/zoom/AA6FA3F91FCD11341E4CD77B7FF49E06.jpg,,,,,,2025-05-21T23:59:59.999999999+01:00,PROSPECTUS,11,1,,
10900,3228021920191,250.0,President,"Manteiga fácil de barrar, embalagem de 250g",,3.56,14.24,0,kg,€/Kg,,,https://driveimg1.intermarche.com/pt/Content/images/boitmal/produit/zoom/AD6F66474E604C53FDAA16EA65E09D09.jpg,,,,,,2025-05-21T23:59:59.999999999+01:00,PROSPECTUS,11,1,,
1195,5601119230224,650.0,Nobre,"Salsichas extra suculentas, frasco de 650 g",,2.09,3.22,0,kg,€/Kg,,,https://driveimg1.intermarche.com/pt/Content/images/boitmal/produit/zoom/F74C2FC7C8B9C0B3ED0E43FFE3B59991.jpg,,,,,,2025-05-21T23:59:59.999999999+01:00,PROSPECTUS,11,1,,
1289,5601151313305,1000.0,Compal,"Néctar ananás, embalagem de 1l",,1.49,1.49,1000,L,€/L,,,https://driveimg1.intermarche.com/pt/Content/images/boitmal/produit/zoom/891E0B1998102BF54FA1B9B10C5308DA.jpg,,,,,,2025-05-21T23:59:59.999999999+01:00,PROSPECTUS,11,1,,
13981,2696138000000,60.0,Pastelaria,Pastel de Nata,60 g,0.39,6.5,0,kg,€/Kg,,,https://driveimg1.intermarche.com/pt/Content/images/boitmal/produit/zoom/EA9B10BF07D95E268418206A452F7022.jpg,,,,,,2025-05-21T23:59:59.999999999+01:00,PROSPECTUS,11,1,,
14908,2893723000000,600.0,Peixaria,Dourada Pequena,"Vendido ao peso, de 200 a 600 g",4.49,7.49,0,,€/Kg,,,https://driveimg1.intermarche.com/pt/Content/images/boitmal/produit/zoom/AFF5C8795A7F86F3C0C55DCFF44363C3.jpg,,,,,,2025-05-21T23:59:59.999999999+01:00,PROSPECTUS,11,1,,
1726,5604260000272,250.0,PorSi,"Massa pevide, embalagem de 250g",,0.55,2.2,0,kg,€/Kg,,,https://driveimg1.intermarche.com/pt/Content/images/boitmal/produit/zoom/A4A2080D7D2A6FF3E0E1E1CA80D0F6AC.jpg,,,,,,2025-05-21T23:59:59.999999999+01:00,PROSPECTUS,11,1,,
23278,5604260281282,250.0,PorSi,Salada toscana Programa Origens,embalagem de 250 g,1.49,5.96,0,kg,€/Kg,,,https://driveimg1.intermarche.com/pt/Content/images/boitmal/produit/zoom/829819BF310BA689C7002E0655E64BF5.jpg,,,,,,2025-05-21T23:59:59.999999999+01:00,PROSPECTUS,11,1,,
35431,2892038000000,500.0,Fruta,Maçã golden perlim categoria: II,Vendido ao peso a partir de 500 g,1.15,2.29,0,,€/Kg,,,https://driveimg1.intermarche.com/pt/Content/images/boitmal/produit/zoom/A5A43AE6B7B78DC5AE3DA67096CDA0C6.jpg,,,,,,2025-05-21T23:59:59.999999999+01:00,PROSPECTUS,11,1,,
38557,5601027004764,315.0,Manhãzitos,Manhãzitos® planetus 9x2 un.,Embalagem de 315g,2.94,9.33,0,kg,€/Kg,,,https://driveimg1.intermarche.com/pt/Content/images/boitmal/produit/zoom/C011546637B7E58FA3E5267C7A9C6DFA.jpg,,,,,,2025-05-21T23:59:59.999999999+01:00,PROSPECTUS,11,1,,
40743,5604260303236,2500.0,PorSi,Batata pré-frita palitos finos,Embalagem de 2.5 kg,4.49,1.8,0,kg,€/Kg,,Tipo de stockagem,https://driveimg1.intermarche.com/pt/Content/images/boitmal/produit/zoom/8C1F058D1E72F760AB403A89545663F3.jpg,,,,,,2025-05-21T23:59:59.999999999+01:00,PROSPECTUS,11,1,,
41601,5604260301515,,PorSi,Rolo de multiusos decor 3 folhas,1 unidade,4.69,4.69,0,,€/Unidade,,,https://driveimg1.intermarche.com/pt/Content/images/boitmal/produit/zoom/3267BCD45AAE35B19E63A46DF91D8031.jpg,,,,,,2025-05-21T23:59:59.999999999+01:00,PROSPECTUS,11,1,,
41622,5604260304585,5000.0,PorSi,Areia para gatos mineral perfumada,Embalagem de 5 kg,1.79,0.36,0,kg,€/Kg,,,https://driveimg1.intermarche.com/pt/Content/images/boitmal/produit/zoom/471523428A34BCB5DDD5150968022974.jpg,,,,,,2025-05-21T23:59:59.999999999+01:00,PROSPECTUS,11,1,,
49831,8445290157348,390.0,Nesquik,"Achocolatado em pó, embalagem de 390g",,4.99,12.79,0,kg,€/Kg,,,https://driveimg1.intermarche.com/pt/Content/images/boitmal/produit/zoom/1C8D0ADDD419DD646B2CF36E18D3378F.jpg,,,,,,2025-05-21T23:59:59.999999999+01:00,PROSPECTUS,11,1,,
50630,5603722521461,1208.0,Mimosa,"Iogurte magro liquido de ananas e manga, 8x151ml",,2.99,2.48,1208,L,€/L,,,https://driveimg1.intermarche.com/pt/Content/images/boitmal/produit/zoom/391469C60827762112BDD90CD5A7ACC1.jpg,,,,,,2025-05-21T23:59:59.999999999+01:00,PROSPECTUS,11,1,,
8382,5601049131998,1000.0,Mimosa,"Leite uht gordo, embalagem de 1litro",,1.05,1.05,1000,L,€/L,,,https://driveimg1.intermarche.com/pt/Content/images/boitmal/produit/zoom/5D46937192D7E0425B02DA44F0AF6CA9.jpg,https://driveimg1.intermarche.com/pt/Content/images/boitmal/produit/zoom/85426DF0A207BC5690BA7486D86DBCDC.jpg,https://driveimg1.intermarche.com/pt/Content/images/boitmal/produit/zoom/85C3489AE589A6300942C731BCB55282.jpg,,,,2025-05-21T23:59:59.999999999+01:00,PROSPECTUS,11,1,,
929,5601001187803,625.0,Nestlé,"Cereais chocapic, 625 g",,3.74,5.98,0,kg,€/Kg,,,https://driveimg1.intermarche.com/pt/Content/images/boitmal/produit/zoom/8DB31C1F3066D48D593AE11B75516670.jpg,,,,,,2025-05-21T23:59:59.999999999+01:00,PROSPECTUS,11,1,,
9315,5603722509544,1000.0,Mimosa,"Leite 0% lactose magro, de 1l",,1.14,1.14,1000,L,€/L,,,https://driveimg1.intermarche.com/pt/Content/images/boitmal/produit/zoom/0350D0DE44A653A9AB01722B06443E94.jpg,https://driveimg1.intermarche.com/pt/Content/images/boitmal/produit/zoom/DC5219EC1E15E09529E323B7D196FADA.jpg,https://driveimg1.intermarche.com/pt/Content/images/boitmal/produit/zoom/DC48BFFA4281D8016E9FB40168ED4485.jpg,,,,2025-05-21T23:59:59.999999999+01:00,PROSPECTUS,11,1,,
10161,8410199030900,85.0,LayS,"Aperitivos 3ds cones, embalagem de 90g",,1.19,14.0,0,kg,€/Kg,,,https://driveimg1.intermarche.com/pt/Content/images/boitmal/produit/zoom/CABD9E02E15FE0A39A1EB6AA89751DFE.jpg,,,,,,2025-05-21T23:59:59.999999999+01:00,PROSPECTUS,11,1,,
10509,8435250297955,256.0,Nestlé,"Iogurte mix in smarties baunilha, embalagem de 2 x 128 g",,2.09,8.16,0,kg,€/Kg,,,https://driveimg1.intermarche.com/pt/Content/images/boitmal/produit/zoom/5355941DC0922592DB9EDB46788FEE19.jpg,,,,,,2025-05-21T23:59:59.999999999+01:00,PROSPECTUS,11,1,,
1114,5601066300780,500.0,Nacional,"Massa de maçarrão riscado, embalagem de 500g",,0.89,1.78,0,kg,€/Kg,,,https://driveimg1.intermarche.com/pt/Content/images/boitmal/produit/zoom/6E823110DFCFAB922E5CE2EEC9376131.jpg,,,,,,2025-05-21T23:59:59.999999999+01:00,PROSPECTUS,11,1,,
11503,5601050019100,600.0,Danone,"Danacol frutos exóticos, embalagem de 6 x 100 g",,2.99,4.98,0,kg,€/Kg,,,https://driveimg1.intermarche.com/pt/Content/images/boitmal/produit/zoom/2A16EAD58E7A10ECD338C77C33D25273.jpg,,,,,,2025-05-21T23:59:59.999999999+01:00,PROSPECTUS,11,1,,
11688,5601244202318,200.0,Terra Nostra,"Queijo flamengo em fatias, embalagem de 200g",,2.25,11.25,0,kg,€/Kg,,,https://driveimg1.intermarche.com/pt/Content/images/boitmal/produit/zoom/3C8EE0938E0D052FB03D54FC94FFA0EF.jpg,,,,,,2025-05-21T23:59:59.999999999+01:00,PROSPECTUS,11,1,,
11963,5603722505775,250.0,Mimosa,"Manteiga sem sal, embalagem de 250g",,2.14,8.56,0,kg,€/Kg,,,https://driveimg1.intermarche.com/pt/Content/images/boitmal/produit/zoom/9BCF64C54A7D7626D65710EBF82436CC.jpg,https://driveimg1.intermarche.com/pt/Content/images/boitmal/produit/zoom/1EA90F949357E7F98D48732996035C6E.jpg,https://driveimg1.intermarche.com/pt/Content/images/boitmal/produit/zoom/1F0AD169BB42B947BB5B96F6E89FDECD.jpg,,,,2025-05-21T23:59:59.999999999+01:00,PROSPECTUS,11,1,,
11967,5601049612336,250.0,Mimosa,"Manteiga com sal, embalagem de 250g",,2.14,8.56,0,kg,€/Kg,,,https://driveimg1.intermarche.com/pt/Content/images/boitmal/produit/zoom/2C2D066D904F137421CA4F472DC07738.jpg,https://driveimg1.intermarche.com/pt/Content/images/boitmal/produit/zoom/B59AE74FD0DBE6C3112F001AFF69E867.jpg,https://driveimg1.intermarche.com/pt/Content/images/boitmal/produit/zoom/BB9196C3025886DBB6F20EDD70A1CA7A.jpg,,,,2025-05-21T23:59:59.999999999+01:00,PROSPECTUS,11,1,,
12070,5604260246335,1000.0,PorSi Viva Bem,Bebida de soja e chocolate,Embalagem de 1 l,0.94,0.94,1000,L,€/L,,,https://driveimg1.intermarche.com/pt/Content/images/boitmal/produit/zoom/6E5A8C1B2A856DA9E7A8855C518C120A.jpg,,,,,,2025-05-21T23:59:59.999999999+01:00,PROSPECTUS,11,1,,
12471,8435257040868,640.0,Nestlé,"Iogurte líquido yoggi morango/banana, embalagem de 4 x 160g",,1.99,3.11,0,kg,€/Kg,,,https://driveimg1.intermarche.com/pt/Content/images/boitmal/produit/zoom/E92C48D7A1A5BA67322D0E6250F5BAFF.jpg,,,,,,2025-05-21T23:59:59.999999999+01:00,PROSPECTUS,11,1,,
1294,5601151450758,845.0,Compal,"Feijão manteiga, lata de 850g",,1.74,2.06,0,kg,€/Kg,,,https://driveimg1.intermarche.com/pt/Content/images/boitmal/produit/zoom/C80A38D3334A10E9F1DDCDBE8105CD22.jpg,,,,,,2025-05-21T23:59:59.999999999+01:00,PROSPECTUS,11,1,,
13373,2893800000000,750.0,Bacalhau,Bacalhau Corrente da Noruega,1 un= 750 g (aprox.),6.97,9.29,0,,€/Kg,,,https://driveimg1.intermarche.com/pt/Content/images/boitmal/produit/zoom/D74E09EC00B79A52E13EB6B9341BD6BA.jpg,,,,,,2025-05-21T23:59:59.999999999+01:00,PROSPECTUS,11,1,,
13852,2891020000000,100.0,Novilho,Fígado,1 un = 100 gr (aprox.),0.6,5.99,0,,€/Kg,,,https://driveimg1.intermarche.com/pt/Content/images/boitmal/produit/zoom/7F21D014BF856223502CE366D77F0F5C.jpg,,,,,,2025-05-21T23:59:59.999999999+01:00,PROSPECTUS,11,1,,
1414,5601252106639,750.0,Gallo,"Azeite virgem delicado, garrafa de 750 ml",,5.49,7.32,750,L,€/L,,,https://driveimg1.intermarche.com/pt/Content/images/boitmal/produit/zoom/EA9D73D4CD22667C67FAED0003FD80DC.jpg,,,,,,2025-05-21T23:59:59.999999999+01:00,PROSPECTUS,11,1,,
1415,5601252106653,750.0,Gallo,"Azeite virgem extra clássico, garrafa de 750 ml",,6.49,8.65,750,L,€/L,,,https://driveimg1.intermarche.com/pt/Content/images/boitmal/produit/zoom/DC87DA4316A72232830F32E3BEBD6BCD.jpg,,,,,,2025-05-21T23:59:59.999999999+01:00,PROSPECTUS,11,1,,
14858,2696002000000,250.0,PorSi,Baguete,250 g,0.46,1.84,0,kg,€/Kg,,,https://driveimg1.intermarche.com/pt/Content/images/boitmal/produit/zoom/E4FC9EECB7B8225F27BCA96C630D54A7.jpg,,,,,,2025-05-21T23:59:59.999999999+01:00,PROSPECTUS,11,1,,
15156,2892099000000,500.0,Fruta,Papaia Avião,1 un = 500 g (aprox.),2.0,3.99,0,,€/Kg,,,https://driveimg1.intermarche.com/pt/Content/images/boitmal/produit/zoom/103067E524772C956478A94460D63E34.jpg,,,,,,2025-05-21T23:59:59.999999999+01:00,PROSPECTUS,11,1,,
17013,7613033823886,250.0,Nestum,Nestum 5 cereais,Embalagem de 250g,2.24,8.96,0,kg,€/Kg,,,https://driveimg1.intermarche.com/pt/Content/images/boitmal/produit/zoom/55D8589D3232C35CE7023AECB9A4A628.jpg,,,,,,2025-05-21T23:59:59.999999999+01:00,PROSPECTUS,11,1,,
17229,5602125000160,300.0,Legumes,"Cogumelo branco, embalagem de 300g",,1.39,4.63,0,kg,€/Kg,,,https://driveimg1.intermarche.com/pt/Content/images/boitmal/produit/zoom/66BAD1DC458E812967002A5594A14E2C.jpg,,,,,,2025-05-21T23:59:59.999999999+01:00,PROSPECTUS,11,1,,
1725,5604260000265,250.0,PorSi,"Massa bagos, 250g",,0.55,2.2,0,kg,€/Kg,,,https://driveimg1.intermarche.com/pt/Content/images/boitmal/produit/zoom/974FF28C753808191257D3DE1EC63B00.jpg,,,,,,2025-05-21T23:59:59.999999999+01:00,PROSPECTUS,11,1,,
1815,5604260030552,250.0,PorSi,"Massa de letras, embalagem de 250g",,0.55,2.2,0,kg,€/Kg,,,https://driveimg1.intermarche.com/pt/Content/images/boitmal/produit/zoom/ADD207FFC4765928155A6C2D6E490CBF.jpg,,,,,,2025-05-21T23:59:59.999999999+01:00,PROSPECTUS,11,1,,
32408,5601050034967,600.0,Danone,"Danacol aveia, embalagem de 6 x 100g",,2.99,4.98,0,kg,€/Kg,,,https://driveimg1.intermarche.com/pt/Content/images/boitmal/produit/zoom/5CE656F263120C59B9C0953B21D516B7.jpg,,,,,,2025-05-21T23:59:59.999999999+01:00,PROSPECTUS,11,1,,
36784,5604260292011,,PorSi,Rolo de cozinha branco folha dupla,8 rolos,3.99,3.99,0,,€/Unidade,,,https://driveimg1.intermarche.com/pt/Content/images/boitmal/produit/zoom/63084BC31E938E361258D1D5E8291D38.jpg,,,,,,2025-05-21T23:59:59.999999999+01:00,PROSPECTUS,11,1,,
37574,8717163836835,2000.0,Lipton,"Ice tea de pêssego sem açúcar, garrafa de 2l",,1.99,1.0,2000,L,€/L,,,https://driveimg1.intermarche.com/pt/Content/images/boitmal/produit/zoom/B0D164F35BECC5A6CA9E515D71ED323C.jpg,,,,,,2025-05-21T23:59:59.999999999+01:00,PROSPECTUS,11,1,,
438,8722700140139,20.0,Lipton,"20 saquetas infusão de cidreira, embalagem de 20g",,1.49,74.5,0,kg,€/Kg,,,https://driveimg1.intermarche.com/pt/Content/images/boitmal/produit/zoom/75772B648D442A3C0BB5D4E8A4601B76.jpg,,,,,,2025-05-21T23:59:59.999999999+01:00,PROSPECTUS,11,1,,
45710,5604260316083,750.0,PorSi,Lagartos,Embalagem de 750g,2.69,3.59,0,kg,€/Kg,,,https://driveimg1.intermarche.com/pt/Content/images/boitmal/produit/zoom/E62AB16E208995F8147153D8AAED2E99.jpg,https://driveimg1.intermarche.com/pt/Content/images/boitmal/produit/zoom/5E3C03CB98C9B9C3C80B8228AC7B4EE9.jpg,https://driveimg1.intermarche.com/pt/Content/images/boitmal/produit/zoom/5E3C03CB98C9B9C3C80B8228AC7B4EE9.jpg,https://driveimg1.intermarche.com/pt/Content/images/boitmal/produit/zoom/5E3C03CB98C9B9C3C80B8228AC7B4EE9.jpg,https://driveimg1.intermarche.com/pt/Content/images/boitmal/produit/zoom/5E3C03CB98C9B9C3C80B8228AC7B4EE9.jpg,,2025-05-21T23:59:59.999999999+01:00,PROSPECTUS,11,1,,
47004,5604260319237,1500.0,PorSi,"Iogurte tipo grego natural,  12 x 125 g",,4.49,2.99,0,kg,€/Kg,,,https://driveimg1.intermarche.com/pt/Content/images/boitmal/produit/zoom/6E0AFE6E9DD1C82BA35308A7C2D6B6B4.jpg,,,,,,2025-05-21T23:59:59.999999999+01:00,PROSPECTUS,11,1,,
47102,5603722520198,250.0,Mimosa,"Manteiga com sal e sem lactose, embalagem de 250g",,2.44,9.76,0,kg,€/Kg,,,https://driveimg1.intermarche.com/pt/Content/images/boitmal/produit/zoom/93C16F859411D0EBAFBF43E49FD1DA1B.jpg,https://driveimg1.intermarche.com/pt/Content/images/boitmal/produit/zoom/03F85375587D6FDFB4925819A11BDAE0.jpg,https://driveimg1.intermarche.com/pt/Content/images/boitmal/produit/zoom/851EE75BBBA7A9986AE9578DEC17E3F9.jpg,,,,2025-05-21T23:59:59.999999999+01:00,PROSPECTUS,11,1,,
48011,5603722520068,800.0,Agros,"Leite com chocolate meio gordo sem lactose, 4 x 200 ml",,1.99,2.49,800,L,€/L,,,https://driveimg1.intermarche.com/pt/Content/images/boitmal/produit/zoom/534AAD13A7F896FDBA98EB7001B680B9.jpg,,,,,,2025-05-21T23:59:59.999999999+01:00,PROSPECTUS,11,1,,
49545,2706799000000,1100.0,PorSi,Frango aberto para churrasco,Embalagem com 1.1 kg (aprox.),3.83,3.48,0,,€/Kg,,,https://driveimg1.intermarche.com/pt/Content/images/boitmal/produit/zoom/60684C48E5570F56CA28A1727B0F160B.jpg,,,,,,2025-05-21T23:59:59.999999999+01:00,PROSPECTUS,11,1,,
49820,5603722520716,750.0,Mimosa,"Leite uht proteína café, pack 3 x 250 ml",,2.69,3.59,750,L,€/L,,,https://driveimg1.intermarche.com/pt/Content/images/boitmal/produit/zoom/48F4EA7A4852E9424196C65A31FE2582.jpg,https://driveimg1.intermarche.com/pt/Content/images/boitmal/produit/zoom/411D145ABC465CAC7D63421217C7C4BA.jpg,https://driveimg1.intermarche.com/pt/Content/images/boitmal/produit/zoom/D603E1E636FFDC97D12DCCB329B68EBF.jpg,https://driveimg1.intermarche.com/pt/Content/images/boitmal/produit/zoom/5B12A42DD54A8419BEE9956642FA18F9.jpg,,,2025-05-21T23:59:59.999999999+01:00,PROSPECTUS,11,1,,
50657,7622201723767,150.0,Philadelphia,Queijo Creme Original,Embalagem de 150g,1.79,11.93,0,kg,€/Kg,,,https://driveimg1.intermarche.com/pt/Content/images/boitmal/produit/zoom/20323EE24C6F48A7328A69B95A2AA090.jpg,,,,,,2025-05-21T23:59:59.999999999+01:00,PROSPECTUS,11,1,,
51913,3073781193190,250.0,A Vaca Que Ri,"Queijo fundido light, 250g",,2.95,11.8,0,kg,€/Kg,,,https://driveimg1.intermarche.com/pt/Content/images/boitmal/produit/zoom/E15DBF8C50BC3B8710D45A825CD776C9.jpg,,,,,,2025-05-21T23:59:59.999999999+01:00,PROSPECTUS,11,1,,
52171,5449000217189,1980.0,Coca-Cola,Coca-cola sabor original,Pack 6x330 ml,4.49,2.27,1980,L,€/L,,,https://driveimg1.intermarche.com/pt/Content/images/boitmal/produit/zoom/336CEDBCCB7EF720ED08209839FA8640.jpg,,,,,,2025-05-21T23:59:59.999999999+01:00,PROSPECTUS,11,1,,
5244,5601151510759,845.0,Compal,"Feijão encarnado, lata de 850g",,1.74,2.06,0,kg,€/Kg,,,https://driveimg1.intermarche.com/pt/Content/images/boitmal/produit/zoom/DE636824D87F41FA8614ED32FEFF81FF.jpg,,,,,,2025-05-21T23:59:59.999999999+01:00,PROSPECTUS,11,1,,
5247,5601151720752,845.0,Compal,"Feijão frade, lata de 850g",,1.74,2.06,0,kg,€/Kg,,,https://driveimg1.intermarche.com/pt/Content/images/boitmal/produit/zoom/748A199E3B15682C5E3E960F2EBA8A1A.jpg,,,,,,2025-05-21T23:59:59.999999999+01:00,PROSPECTUS,11,1,,
52934,5603722522550,600.0,Agros,"Bebida láctea café, 3 x 200ml",,1.85,3.08,600,L,€/L,,,https://driveimg1.intermarche.com/pt/Content/images/boitmal/produit/zoom/933624CF1FEE0BDFC20D8185815B8800.jpg,,,,,,2025-05-21T23:59:59.999999999+01:00,PROSPECTUS,11,1,,
544,3228881083326,30.0,Lipton,"20 saquetas chá noite tranquila, embalagem de 30g",,2.09,69.67,0,kg,€/Kg,,,https://driveimg1.intermarche.com/pt/Content/images/boitmal/produit/zoom/918429936BF1A7F518EA4E4A9580CA69.jpg,,,,,,2025-05-21T23:59:59.999999999+01:00,PROSPECTUS,11,1,,
54799,5603722521263,604.0,Mimosa,Iogurte magro liquido frutos silvestres 4 x 151 ml,,1.54,2.55,604,L,€/L,,,https://driveimg1.intermarche.com/pt/Content/images/boitmal/produit/zoom/783E43940BBBFF2CB63BFFCCB1232BA5.jpg,,,,,,2025-05-21T23:59:59.999999999+01:00,PROSPECTUS,11,1,,
54807,5603722521249,604.0,Mimosa,"Iogurte magro liquido frutos tropicais, 4 x 151 ml",,1.54,2.55,604,L,€/L,,,https://driveimg1.intermarche.com/pt/Content/images/boitmal/produit/zoom/C77456F505DA2CCD8DCF28975C13CB45.jpg,,,,,,2025-05-21T23:59:59.999999999+01:00,PROSPECTUS,11,1,,
7537,3600541358485,400.0,Garnier,"Água facial micelar , 400 ml",,4.54,11.35,400,L,€/L,,,https://driveimg1.intermarche.com/pt/Content/images/boitmal/produit/zoom/DF345BFB935247CE9B92646755C19746.jpg,,,,,,2025-05-21T23:59:59.999999999+01:00,PROSPECTUS,11,1,,
8534,5601119957183,120.0,Campofrio,"Peito peru forno lenha fatias clássicas, embalagem de 120g",,2.19,18.25,0,kg,€/Kg,,,https://driveimg1.intermarche.com/pt/Content/images/boitmal/produit/zoom/623D6B2EB3EE61B2128AE1B5E62C0910.jpg,,,,,,2025-05-21T23:59:59.999999999+01:00,PROSPECTUS,11,1,,
1010,5601038300091,240.0,Knorr,"Caldo de galinha 24 cubos, embalagem de 240g",,2.49,10.38,0,kg,€/Kg,,,https://driveimg1.intermarche.com/pt/Content/images/boitmal/produit/zoom/4E25834255892D5C9C1047A286FE9847.jpg,,,,,,2025-05-21T23:59:59.999999999+01:00,PROSPECTUS,11,1,,
10111,8410104402501,200.0,Vanish,"Pré-lavagem power gel, garrafa de 200 ml",,3.99,19.95,200,L,€/L,,,https://driveimg1.intermarche.com/pt/Content/images/boitmal/produit/zoom/43D4A166A3EF555D36A5BBF95FBB5D96.jpg,,,,,,2025-05-21T23:59:59.999999999+01:00,PROSPECTUS,11,1,,
1116,5601066301152,500.0,Nacional,"Massa de cotovelos, embalagem de 500g",,0.89,1.78,0,kg,€/Kg,,,https://driveimg1.intermarche.com/pt/Content/images/boitmal/produit/zoom/8DDB0C745E67458BAC26BBF8F8ADAE50.jpg,,,,,,2025-05-21T23:59:59.999999999+01:00,PROSPECTUS,11,1,,
11501,5601049612084,125.0,Mimosa,"Manteiga com sal, embalagem de 130g",,1.34,10.72,0,kg,€/Kg,,,https://driveimg1.intermarche.com/pt/Content/images/boitmal/produit/zoom/C0A3DF0B7623AAEE8B7C1B9626AECDDA.jpg,https://driveimg1.intermarche.com/pt/Content/images/boitmal/produit/zoom/1207D37BB442FDD5C918BE023189F00C.jpg,,,,,2025-05-21T23:59:59.999999999+01:00,PROSPECTUS,11,1,,
12066,5604260194063,1000.0,PorSi Viva Bem,Bebida de soja com cálcio,Embalagem de 1 litro,0.79,0.79,1000,L,€/L,,,https://driveimg1.intermarche.com/pt/Content/images/boitmal/produit/zoom/16537218BB43EA3E7F5AFCEAEC229452.jpg,,,,,,2025-05-21T23:59:59.999999999+01:00,PROSPECTUS,11,1,,
1212,5601119950481,420.0,Nobre,"Refeição caseira almôndegas, embalagem de 420g",,2.99,7.12,0,kg,€/Kg,,,https://driveimg1.intermarche.com/pt/Content/images/boitmal/produit/zoom/337528A4932DEE68006A1ECADBCE182B.jpg,,,,,,2025-05-21T23:59:59.999999999+01:00,PROSPECTUS,11,1,,
12287,8001480020740,1000.0,Neoblanc,Lixívia para roupa delicada,Embalagem de 1 l,2.49,2.49,1000,L,€/L,,,https://driveimg1.intermarche.com/pt/Content/images/boitmal/produit/zoom/B1AA92884F53E1F3150553EF5EFC8256.jpg,,,,,,2025-05-21T23:59:59.999999999+01:00,PROSPECTUS,11,2,,
12379,8410285015354,250.0,Président,"Chantilly , embalagem de 250 g",,2.69,10.76,0,kg,€/Kg,,,https://driveimg1.intermarche.com/pt/Content/images/boitmal/produit/zoom/E0C73A85F9CF705E2D07E158861B3F39.jpg,,,,,,2025-05-21T23:59:59.999999999+01:00,PROSPECTUS,11,2,,
12519,8712100417054,416.0,HellmannS,"Maionese, frasco, embalagem de 420g",,3.14,7.55,0,kg,€/Kg,,,https://driveimg1.intermarche.com/pt/Content/images/boitmal/produit/zoom/6AB870EF622544FC82599432CC32DE9B.jpg,https://driveimg1.intermarche.com/pt/Content/images/boitmal/produit/zoom/6731B805B2B4B445CCCFD0D614219E37.jpg,https://driveimg1.intermarche.com/pt/Content/images/boitmal/produit/zoom/6731B805B2B4B445CCCFD0D614219E37.jpg,https://driveimg1.intermarche.com/pt/Content/images/boitmal/produit/zoom/6731B805B2B4B445CCCFD0D614219E37.jpg,,,2025-05-21T23:59:59.999999999+01:00,PROSPECTUS,11,2,,
1269,5601151021750,845.0,Compal,"Feijão preto, lata de 850g",,1.74,2.06,845,L,€/L,,,https://driveimg1.intermarche.com/pt/Content/images/boitmal/produit/zoom/9B352604A3E93D2F850CFCA0A305498A.jpg,,,,,,2025-05-21T23:59:59.999999999+01:00,PROSPECTUS,11,2,,
1277,5601151122204,1000.0,Compal,"Néctar clássico laranja, embalagem de 1l",,1.49,1.49,1000,L,€/L,,,https://driveimg1.intermarche.com/pt/Content/images/boitmal/produit/zoom/FFA575FB36486FB910B07FE306015FF4.jpg,,,,,,2025-05-21T23:59:59.999999999+01:00,PROSPECTUS,11,2,,
1296,5601151543306,1000.0,Compal,"Néctar de pêra, embalagem de 1l",,1.49,1.49,1000,L,€/L,,,https://driveimg1.intermarche.com/pt/Content/images/boitmal/produit/zoom/20D6CCFACD44697943FB8CAF67B7E4F5.jpg,,,,,,2025-05-21T23:59:59.999999999+01:00,PROSPECTUS,11,2,,
13112,2893091000000,400.0,Peixaria,Chicharro Fresco,1 un= 400 g (aprox.),2.4,5.99,0,,€/Kg,,,https://driveimg1.intermarche.com/pt/Content/images/boitmal/produit/zoom/FB568BCCF7F0742E8CF1174087C1CF25.jpg,,,,,,2025-05-21T23:59:59.999999999+01:00,PROSPECTUS,11,2,,
1328,5601165005760,15.0,Lipton,"10 saquetas infusão de cidreira, embalagem de 20g",,0.74,49.33,0,kg,€/Kg,,,https://driveimg1.intermarche.com/pt/Content/images/boitmal/produit/zoom/8EA72609B2FBFE9A06C9099CA2FDB5E1.jpg,,,,,,2025-05-21T23:59:59.999999999+01:00,PROSPECTUS,11,2,,
13529,2893521000000,1000.0,Peixaria,Pescada do Chile Congelada Nº3,1 un= 1 kg (aprox.),9.59,9.59,0,,€/Kg,,Avantages !,https://driveimg1.intermarche.com/pt/Content/images/boitmal/produit/zoom/40D57D35BBDBDF72027C959F41A6E90C.jpg,,,,,,2025-05-21T23:59:59.999999999+01:00,PROSPECTUS,11,2,,
13537,2893529000000,250.0,Peixaria,Sardinha Congelada,1 un = 250 gr  (aprox.),1.0,3.99,0,,€/Kg,,Avantages !,https://driveimg1.intermarche.com/pt/Content/images/boitmal/produit/zoom/20CBBBB0702ADDE0888E404D1EC78925.jpg,,,,,,2025-05-21T23:59:59.999999999+01:00,PROSPECTUS,11,2,,
13561,2893555000000,400.0,Peixaria,Red Fish Congelado,,1.8,4.49,0,,€/Kg,,Avantages !,https://driveimg1.intermarche.com/pt/Content/images/boitmal/produit/zoom/6B51C5A0022242B4A2691EFB27EE24DC.jpg,,,,,,2025-05-21T23:59:59.999999999+01:00,PROSPECTUS,11,2,,
13577,2893572000000,200.0,Peixaria,Pota Inteira Congelada,1 un= 200 gr (aprox.),1.0,4.99,0,,€/Kg,,Avantages !,https://driveimg1.intermarche.com/pt/Content/images/boitmal/produit/zoom/B2D6321EA80C5271A6C9DE3162C36D95.jpg,,,,,,2025-05-21T23:59:59.999999999+01:00,PROSPECTUS,11,2,,
1416,5601252106677,750.0,Gallo,"Azeite virgem extra suave, garrafa de 750 ml",,6.49,8.65,750,L,€/L,,,https://driveimg1.intermarche.com/pt/Content/images/boitmal/produit/zoom/3F82CF1DB5B3AE32B260B436777564A3.jpg,,,,,,2025-05-21T23:59:59.999999999+01:00,PROSPECTUS,11,2,,
1420,5601252107131,250.0,Gallo,"Vinagre balsâmico modena, garrafa de 250 ml",,1.69,6.76,250,L,€/L,,,https://driveimg1.intermarche.com/pt/Content/images/boitmal/produit/zoom/3BCA292B56E66BEBFC003AE7946066AE.jpg,,,,,,2025-05-21T23:59:59.999999999+01:00,PROSPECTUS,11,2,,
14340,3387390326291,141.0,Nestlé,"Barras fitness com morango, embalagem de 140g",,2.39,16.95,0,kg,€/Kg,,,https://driveimg1.intermarche.com/pt/Content/images/boitmal/produit/zoom/3A9BF700A100B0328316208A3B97640F.jpg,,,,,,2025-05-21T23:59:59.999999999+01:00,PROSPECTUS,11,2,,
14862,2696029000000,70.0,Padaria,Carcaça Rústica 70 g,,0.2,2.86,0,kg,€/Kg,,,https://driveimg1.intermarche.com/pt/Content/images/boitmal/produit/zoom/6A03940B6FE85C788180114F1E701715.jpg,,,,,,2025-05-21T23:59:59.999999999+01:00,PROSPECTUS,11,2,,
1538,5601489134153,500.0,Du Bois de la Roche,"Bolachas crackers sem sal, embalagem de 500g",,2.99,5.98,0,kg,€/Kg,,,https://driveimg1.intermarche.com/pt/Content/images/boitmal/produit/zoom/A3AED4DA2D1415C7EB643F2D474CEC29.jpg,,,,,,2025-05-21T23:59:59.999999999+01:00,PROSPECTUS,11,2,,
1540,5601489136157,500.0,Du Bois de la Roche,"Bolachas crackers integral, embalagem de 500g",,2.99,5.98,0,kg,€/Kg,,,https://driveimg1.intermarche.com/pt/Content/images/boitmal/produit/zoom/A16DC8F44B525FAEA7B327A4AD3CFA23.jpg,,,,,,2025-05-21T23:59:59.999999999+01:00,PROSPECTUS,11,2,,
1542,5601489300152,150.0,Du Bois de la Roche,"Palmiers, embalagem de 150g",,1.24,8.27,0,kg,€/Kg,,,https://driveimg1.intermarche.com/pt/Content/images/boitmal/produit/zoom/17803E7BE50A16D1AE691E64F5E7BF2C.jpg,,,,,,2025-05-21T23:59:59.999999999+01:00,PROSPECTUS,11,2,,
1552,5601517181104,250.0,Paladin,"Vinagre balsâmico, spray",Garrafa de 250 ml,1.49,5.96,250,L,€/L,,,https://driveimg1.intermarche.com/pt/Content/images/boitmal/produit/zoom/F6A79509E79FD898F8F0846270BA2BEA.jpg,,,,,,2025-05-21T23:59:59.999999999+01:00,PROSPECTUS,11,2,,
1571,5601517380026,250.0,Paladin,"Mostarda, top down",Embalagem de 250g,1.59,6.36,0,kg,€/Kg,,,https://driveimg1.intermarche.com/pt/Content/images/boitmal/produit/zoom/357AFCC703B6B016C884652F438C5614.jpg,,,,,,2025-05-21T23:59:59.999999999+01:00,PROSPECTUS,11,2,,
16125,7613036668408,330.0,Nestlé,Cereais bio chocapic,Embalagem de 330g,3.59,10.88,0,kg,€/Kg,,Produtos Bio,https://driveimg1.intermarche.com/pt/Content/images/boitmal/produit/zoom/D001C020A8F3509104D966AD7B261DD6.jpg,,,,,,2025-05-21T23:59:59.999999999+01:00,PROSPECTUS,11,2,,
16492,8718951037847,500.0,Ajax,"Limpa vidros pistola, tripla acção, embalagem de 500 ml",,1.97,3.94,500,L,€/L,,,https://driveimg1.intermarche.com/pt/Content/images/boitmal/produit/zoom/835152AD536CA633AE488A10E244161F.jpg,,,,,,2025-05-21T23:59:59.999999999+01:00,PROSPECTUS,11,2,,
1677,5602711001311,1000.0,Rar,"Açúcar granulado embalado em papel, 1kg",,1.29,1.29,0,kg,€/Kg,,,https://driveimg1.intermarche.com/pt/Content/images/boitmal/produit/zoom/B32F457E1AFE2BD9F726B62129876B87.jpg,,,,,,2025-05-21T23:59:59.999999999+01:00,PROSPECTUS,11,2,,
17893,5601082039817,220.0,Delta Q,Café xl qharacter cápsulas,40 Cápsulas,15.99,72.68,0,kg,€/Kg,,,https://driveimg1.intermarche.com/pt/Content/images/boitmal/produit/zoom/A33D46B8BEAE0A6886B2052A87431B6E.jpg,,,,,,2025-05-21T23:59:59.999999999+01:00,PROSPECTUS,11,2,,
17969,8410104156695,,Air Wick,Recarga ambientador elétrico delícias de verão,,3.59,3.59,1,,€/Unidade,,,https://driveimg1.intermarche.com/pt/Content/images/boitmal/produit/zoom/6FDA4F526BE600B71E3CC2981419E972.jpg,,,,,,2025-05-21T23:59:59.999999999+01:00,PROSPECTUS,11,2,,
1819,5604260031634,150.0,PorSi,"Bolachas starship tradicional, 150g",,1.19,7.93,0,kg,€/Kg,,,https://driveimg1.intermarche.com/pt/Content/images/boitmal/produit/zoom/CABC3D20B1CC9C514379C2FAC0BED85E.jpg,,,,,,2025-05-21T23:59:59.999999999+01:00,PROSPECTUS,11,2,,
1820,5604260031658,150.0,PorSi,Bolachas starship chocolate,Embalagem de 150g,1.19,7.93,0,kg,€/Kg,,,https://driveimg1.intermarche.com/pt/Content/images/boitmal/produit/zoom/B78F035B380AE4F85AF3DBBE7AF5EFF4.jpg,,,,,,2025-05-21T23:59:59.999999999+01:00,PROSPECTUS,11,2,,
19585,8435257033822,720.0,Longa vida,"Iogurte magro natural, embalagem de 6 x 120g",,2.29,3.18,0,kg,€/Kg,,,https://driveimg1.intermarche.com/pt/Content/images/boitmal/produit/zoom/0343709B1D70140B7336A86F6CAA12F8.jpg,,,,,,2025-05-21T23:59:59.999999999+01:00,PROSPECTUS,11,2,,
2198,5604260264742,125.0,PorSi,Cappucinno,Embalagem de 125 g,2.19,17.52,0,kg,€/Kg,,,https://driveimg1.intermarche.com/pt/Content/images/boitmal/produit/zoom/7A75C1A53AB12261C7716520366AA7E7.jpg,,,,,,2025-05-21T23:59:59.999999999+01:00,PROSPECTUS,11,2,,
2281,5604260270118,55.0,PorSi,Café em Cápsulas veneza,10 Unidades,2.29,41.64,0,kg,€/Kg,,,https://driveimg1.intermarche.com/pt/Content/images/boitmal/produit/zoom/D116B291766A226D4C93852C6F88B818.jpg,,,,,,2025-05-21T23:59:59.999999999+01:00,PROSPECTUS,11,2,,
23353,5000116112197,375.0,Capitão Iglo,"18 nuggets de frango, embalagem de 380g",,4.99,13.31,0,kg,€/Kg,,Tipo de stockagem,https://driveimg1.intermarche.com/pt/Content/images/boitmal/produit/zoom/F26C89B365D9DC17E138C74AB049DE6B.jpg,,,,,,2025-05-21T23:59:59.999999999+01:00,PROSPECTUS,11,2,,
24410,8710908859502,750.0,Cif,"Spray power&shine multiusos com lixívia, de 750 ml",,2.69,3.59,750,L,€/L,,,https://driveimg1.intermarche.com/pt/Content/images/boitmal/produit/zoom/BC1FC8E39B43E72D32F4657C6D001534.jpg,,,,,,2025-05-21T23:59:59.999999999+01:00,PROSPECTUS,11,2,,
24412,8410436297660,1300.0,Sonasol,"Lava tudo aloe vera e flores brancas, 1,3l",,2.09,1.61,1300,L,€/L,,,https://driveimg1.intermarche.com/pt/Content/images/boitmal/produit/zoom/1CF7718543DB6BCDD620E4F3293279BF.jpg,,,,,,2025-05-21T23:59:59.999999999+01:00,PROSPECTUS,11,2,,
24415,8410436299961,1300.0,Sonasol,"Lava tudo lavanda, 1,3l",,2.09,1.61,1300,L,€/L,,,https://driveimg1.intermarche.com/pt/Content/images/boitmal/produit/zoom/7357FEB6EC6D53B795AF0EA5889F5ADF.jpg,,,,,,2025-05-21T23:59:59.999999999+01:00,PROSPECTUS,11,2,,
24748,8410104124649,1000.0,Finish,"Detergente líquido para máquina lavar loiça gel tudo em 1 limão, de 1 l",,9.49,9.49,1000,L,€/L,,,https://driveimg1.intermarche.com/pt/Content/images/boitmal/produit/zoom/350E35F90B7D257D3A471C43A79AD891.jpg,,,,,,2025-05-21T23:59:59.999999999+01:00,PROSPECTUS,11,2,,
2520,7613033822827,250.0,Nestum,"Cereais mel com cereais integrais, embalagem de 250g",,2.24,8.96,0,kg,€/Kg,,,https://driveimg1.intermarche.com/pt/Content/images/boitmal/produit/zoom/50987E91B590C03F84755178E67E5C7E.jpg,,,,,,2025-05-21T23:59:59.999999999+01:00,PROSPECTUS,11,2,,
25783,8714100667569,61.0,Knorr,Noodles galinha,Embalagem de 60g,0.84,13.77,0,kg,€/Kg,,,https://driveimg1.intermarche.com/pt/Content/images/boitmal/produit/zoom/E529FFAC22E4D5C7973ADAD96806025F.jpg,,,,,,2025-05-21T23:59:59.999999999+01:00,PROSPECTUS,11,2,,
27345,5601517310443,75.0,Paladin,"Priri piri sacana ai ai, de 80 ml",,2.39,31.87,75,L,€/L,,,https://driveimg1.intermarche.com/pt/Content/images/boitmal/produit/zoom/A8760785CBDF2B56852236AE9A9EA5B3.jpg,,,,,,2025-05-21T23:59:59.999999999+01:00,PROSPECTUS,11,2,,
28609,5604260282951,55.0,PorSi,Café em cápsulas ristreto,Embalagem de 55g,2.29,41.64,0,kg,€/Kg,,,https://driveimg1.intermarche.com/pt/Content/images/boitmal/produit/zoom/98A2B27B97561600F2789C49300E14CC.jpg,,,,,,2025-05-21T23:59:59.999999999+01:00,PROSPECTUS,11,2,,
29366,8710447376133,435.0,Cif,"Spray fornos e grelhadores, 435 ml",,2.49,5.72,435,L,€/L,,,https://driveimg1.intermarche.com/pt/Content/images/boitmal/produit/zoom/0983FC0F3C1B5D9C271D56B3C7E3A30E.jpg,,,,,,2025-05-21T23:59:59.999999999+01:00,PROSPECTUS,11,2,,
29717,5604260246328,100.0,PorSi Viva Bem,Bebida de Soja Baunilha,1 l,0.94,9.4,100,L,€/L,,,https://driveimg1.intermarche.com/pt/Content/images/boitmal/produit/zoom/E894C778C537C2728FC25CE8A311F2EA.jpg,,,,,,2025-05-21T23:59:59.999999999+01:00,PROSPECTUS,11,2,,
30897,5413149232754,,Swiffer,"Recarga Panos para Madeira, 18 unidades",,3.59,3.59,0,,€/Unidade,,,https://driveimg1.intermarche.com/pt/Content/images/boitmal/produit/zoom/62B7DF14C04929DBF630D3093695BADD.jpg,,,,,,2025-05-21T23:59:59.999999999+01:00,PROSPECTUS,11,2,,
33532,8410375110228,150.0,Bonduelle,"Milho doce, 150 g",,1.09,7.27,0,kg,€/Kg,,,https://driveimg1.intermarche.com/pt/Content/images/boitmal/produit/zoom/D0EEA0C89CFBBF992B36A2468831EAC1.jpg,,,,,,2025-05-21T23:59:59.999999999+01:00,PROSPECTUS,11,2,,
34090,8711200407583,28.0,Lipton,"Infusão silhueta com cavalinha, 20 saquetas",,2.09,74.64,0,kg,€/Kg,,,https://driveimg1.intermarche.com/pt/Content/images/boitmal/produit/zoom/4C498F0606E03EBC587933086A2E4CE4.jpg,,,,,,2025-05-21T23:59:59.999999999+01:00,PROSPECTUS,11,2,,
35418,8410436321167,100.0,Sonasol,Bloco sanitário desinfetante eucalipto,Embalagem de 2 x 50 g,2.99,29.9,0,kg,€/Kg,,,https://driveimg1.intermarche.com/pt/Content/images/boitmal/produit/zoom/2218A2279726B6E8FC50ECCA7B714890.jpg,,,,,,2025-05-21T23:59:59.999999999+01:00,PROSPECTUS,11,2,,
35753,8001841240640,270.0,Pantene,Creme para pentear caracóis,270 ml,5.99,22.19,270,L,€/L,,,https://driveimg1.intermarche.com/pt/Content/images/boitmal/produit/zoom/574B3E314AF635DCDB9A6448E3C017C1.jpg,,,,,,2025-05-21T23:59:59.999999999+01:00,PROSPECTUS,11,2,,
36263,5601027973060,480.0,Bimbo,Pão de forma integral,Embalagem de 480 g,1.89,3.94,0,kg,€/Kg,,,https://driveimg1.intermarche.com/pt/Content/images/boitmal/produit/zoom/34F016B3F162809D8E0423F1C3245DFD.jpg,,,,,,2025-05-21T23:59:59.999999999+01:00,PROSPECTUS,11,2,,
36680,5604260292189,,PorSi,Rolo de cozinha reciclado,4 rolos,1.99,1.99,0,,€/Unidade,,,https://driveimg1.intermarche.com/pt/Content/images/boitmal/produit/zoom/2F1008C44368076AFCBAF50D17A4C3D3.jpg,,,,,,2025-05-21T23:59:59.999999999+01:00,PROSPECTUS,11,2,,
37900,5601119305007,210.0,Nobre,"Salsicha hot dog, frasco de 250g",,2.39,11.38,0,kg,€/Kg,,,https://driveimg1.intermarche.com/pt/Content/images/boitmal/produit/zoom/68E53CA887C0767923F878238ADB6D84.jpg,,,,,,2025-05-21T23:59:59.999999999+01:00,PROSPECTUS,11,2,,
37987,5601809011539,550.0,Riberalves,Lombos de bacalhau 4 meses de cura,Embalagem de 550 g,13.99,25.44,0,kg,€/Kg,,Tipo de stockagem,https://driveimg1.intermarche.com/pt/Content/images/boitmal/produit/zoom/9C6DE71E12945881D3F9808E35022C27.jpg,,,,,,2025-05-21T23:59:59.999999999+01:00,PROSPECTUS,11,2,,
38148,5603722519123,1000.0,Milhafre,Leite de Pastagem Biológico Meio Gordo,1 litro,1.18,1.18,1000,L,€/L,,Produtos Bio,https://driveimg1.intermarche.com/pt/Content/images/boitmal/produit/zoom/DCB3EAE989BC2DDA8E3D76C140D59BA5.jpg,,,,,,2025-05-21T23:59:59.999999999+01:00,PROSPECTUS,11,2,,
40974,8711327407121,2000.0,Lipton,Ice tea de limão zero açúcar garrafa 2 l,,1.99,1.0,2000,L,€/L,,,https://driveimg1.intermarche.com/pt/Content/images/boitmal/produit/zoom/01B1D0B046262E5013625D98284F67D4.jpg,,,,,,2025-05-21T23:59:59.999999999+01:00,PROSPECTUS,11,2,,
41819,5601082047737,,Delta Q,Café XL Deqafeinatus intensidade 1,40 cápsulas,14.99,14.99,0,,€/Unidade,,,https://driveimg1.intermarche.com/pt/Content/images/boitmal/produit/zoom/7C9048D70006F117EC54BB13DF259BB8.jpg,,,,,,2025-05-21T23:59:59.999999999+01:00,PROSPECTUS,11,2,,
42154,5604260304707,340.0,PorSi,Fiambre da perna extra,Pack Poupança de 2 x 170 g,3.29,9.68,0,kg,€/Kg,,,https://driveimg1.intermarche.com/pt/Content/images/boitmal/produit/zoom/522CF7C8AF248AB65F1CD031BC66A250.jpg,,,,,,2025-05-21T23:59:59.999999999+01:00,PROSPECTUS,11,2,,
43429,5604260310982,1500.0,PorSi,"Detergente para máquina de loiça, gel",Embalagem de 1.5 litros,4.15,2.77,1500,L,€/L,,,https://driveimg1.intermarche.com/pt/Content/images/boitmal/produit/zoom/12FD93B645E13B18088E1CE2D096C3A3.jpg,,,,,,2025-05-21T23:59:59.999999999+01:00,PROSPECTUS,11,2,,
44702,5053990155354,175.0,Pringles,"Snacks batata sour cream & onion, embalagem de 175g",,2.39,13.66,0,kg,€/Kg,,,https://driveimg1.intermarche.com/pt/Content/images/boitmal/produit/zoom/0C0E56E5BC42C468A1D6A594D5BD0C63.jpg,https://driveimg1.intermarche.com/pt/Content/images/boitmal/produit/zoom/3743B152C095FACA5BB155343DC8A7EE.jpg,https://driveimg1.intermarche.com/pt/Content/images/boitmal/produit/zoom/3743B152C095FACA5BB155343DC8A7EE.jpg,https://driveimg1.intermarche.com/pt/Content/images/boitmal/produit/zoom/3743B152C095FACA5BB155343DC8A7EE.jpg,https://driveimg1.intermarche.com/pt/Content/images/boitmal/produit/zoom/3743B152C095FACA5BB155343DC8A7EE.jpg,,2025-05-21T23:59:59.999999999+01:00,PROSPECTUS,11,2,,
45773,5054563087829,75.0,Aquafresh,"Pasta dentífrica eucalipto, lima e menta",Embalagem de 75ml,1.84,24.53,75,L,€/L,,,https://driveimg1.intermarche.com/pt/Content/images/boitmal/produit/zoom/1F94A046F2A6C727F7B6BE2D468B428F.jpg,,,,,,2025-05-21T23:59:59.999999999+01:00,PROSPECTUS,11,2,,
46301,5604260315055,500.0,PorSi,Legumes preparados para sopa Juliana,500 g,1.79,3.58,0,kg,€/Kg,,,https://driveimg1.intermarche.com/pt/Content/images/boitmal/produit/zoom/C8B9F35C887D4AB5CF80F554261F6BA1.jpg,,,,,,2025-05-21T23:59:59.999999999+01:00,PROSPECTUS,11,2,,
46302,5604260315079,500.0,PorSi,Legumes preparados para sopa portuguesa,500 g,1.79,3.58,0,kg,€/Kg,,,https://driveimg1.intermarche.com/pt/Content/images/boitmal/produit/zoom/1A36BC451DEA5EEDBB93050B8108C46F.jpg,,,,,,2025-05-21T23:59:59.999999999+01:00,PROSPECTUS,11,2,,
46652,3083681137996,600.0,Bonduelle,"Lentilhas, embalagem de 600g",,2.59,4.32,0,kg,€/Kg,,,https://driveimg1.intermarche.com/pt/Content/images/boitmal/produit/zoom/342160236AFF7A5B92155F0E89C8A9A0.jpg,,,,,,2025-05-21T23:59:59.999999999+01:00,PROSPECTUS,11,2,,
46787,5604260318827,,PorSi,Cueca de Incontinência Adulto L,Embalagem com 14 unidades,12.49,12.49,0,,€/Unidade,,,https://driveimg1.intermarche.com/pt/Content/images/boitmal/produit/zoom/82FB54B364278481CEBCB0C6CF4662CF.jpg,,,,,,2025-05-21T23:59:59.999999999+01:00,PROSPECTUS,11,2,,
47635,8412600018316,300.0,Bimbo,Bimbo® bagels clássico 4 un.,Embalagem de 300g,2.34,7.8,0,kg,€/Kg,,,https://driveimg1.intermarche.com/pt/Content/images/boitmal/produit/zoom/E29B7F13889FE8AF18A9C1C0F8DAA10D.jpg,,,,,,2025-05-21T23:59:59.999999999+01:00,PROSPECTUS,11,2,,
48084,5604260318711,,PorSi,Rolo papel cozinha branco compacto,Embalagem de 4 unidades,2.09,2.09,4,,€/Unidade,,,https://driveimg1.intermarche.com/pt/Content/images/boitmal/produit/zoom/127E28913A9286A9872BA676705A5A01.jpg,,,,,,2025-05-21T23:59:59.999999999+01:00,PROSPECTUS,11,2,,
48231,5604260314119,125.0,PorSi,Paté de frango,Frasco com 125 g,1.29,10.32,0,kg,€/Kg,,,https://driveimg1.intermarche.com/pt/Content/images/boitmal/produit/zoom/DB526D2FA3A49A78197DB29E52648613.jpg,,,,,,2025-05-21T23:59:59.999999999+01:00,PROSPECTUS,11,2,,
48233,5604260314133,125.0,PorSi,Paté de pato,Frasco com 125 g,1.79,14.32,0,kg,€/Kg,,,https://driveimg1.intermarche.com/pt/Content/images/boitmal/produit/zoom/3C526BC8A58260AAAB6E48DA444656D7.jpg,,,,,,2025-05-21T23:59:59.999999999+01:00,PROSPECTUS,11,2,,
483,3033710046645,400.0,Nestlé,"Fruta para bebé maçã manga +6 meses, embalagem de 4 x 100g",,2.54,6.35,0,kg,€/Kg,,,https://driveimg1.intermarche.com/pt/Content/images/boitmal/produit/zoom/B957252E4468B4428B54FDF0DEC950C2.jpg,,,,,,2025-05-21T23:59:59.999999999+01:00,PROSPECTUS,11,2,,
48922,8006540417072,300.0,Pantene,Máscara Caracóis Perfeitos,300 ml,4.94,16.47,300,L,€/L,,,https://driveimg1.intermarche.com/pt/Content/images/boitmal/produit/zoom/025366923064A3F3F548E755A8D57055.jpg,,,,,,2025-05-21T23:59:59.999999999+01:00,PROSPECTUS,11,2,,
49289,5601119586680,100.0,Nobre,Chourição nobre fatias 100g,,1.39,13.9,0,kg,€/Kg,,,https://driveimg1.intermarche.com/pt/Content/images/boitmal/produit/zoom/CC4D667E9192B91005E734AD628C1A57.jpg,,,,,,2025-05-21T23:59:59.999999999+01:00,PROSPECTUS,11,2,,
49460,7613287300362,99.0,Nescafé,Café Buondi Intensidade 8,16 cápsulas,6.39,64.55,0,kg,€/Kg,,,https://driveimg1.intermarche.com/pt/Content/images/boitmal/produit/zoom/E4BCDB4A1998B45DA9767B093A961A1E.jpg,,,,,,2025-05-21T23:59:59.999999999+01:00,PROSPECTUS,11,2,,
50458,5603722521003,160.0,Mimosa,"Manteiga com sal, 160g",,2.24,14.0,0,kg,€/Kg,,,https://driveimg1.intermarche.com/pt/Content/images/boitmal/produit/zoom/09C6645B0E41FE4C659D6FBAFCE3C138.jpg,,,,,,2025-05-21T23:59:59.999999999+01:00,PROSPECTUS,11,2,,
50633,5603722522093,1000.0,Mimosa,"Leite proteína magro, de 1 l",,1.99,1.99,1000,L,€/L,,,https://driveimg1.intermarche.com/pt/Content/images/boitmal/produit/zoom/6B3DD836E20E6F895C08910BC3E5990D.jpg,,,,,,2025-05-21T23:59:59.999999999+01:00,PROSPECTUS,11,2,,
50658,7622201724443,150.0,Philadelphia,Queijo creme philadelphia light 150g,,1.79,11.93,0,kg,€/Kg,,,https://driveimg1.intermarche.com/pt/Content/images/boitmal/produit/zoom/8FABEA35481B05FDB647E4BD69595A1D.jpg,,,,,,2025-05-21T23:59:59.999999999+01:00,PROSPECTUS,11,2,,
51113,8720181262784,500.0,Cif,"Limpa casa banho spray higiene c/ lixívia, 500 ml",,2.89,5.78,500,L,€/L,,,https://driveimg1.intermarche.com/pt/Content/images/boitmal/produit/zoom/8CA4C0BAC8A169ADEC56BAD426803345.jpg,,,,,,2025-05-21T23:59:59.999999999+01:00,PROSPECTUS,11,2,,
51181,5601217137265,720.0,Quanto,"Perfumador de roupa azul, 36 doses",,3.49,4.85,720,L,€/L,,,https://driveimg1.intermarche.com/pt/Content/images/boitmal/produit/zoom/95E6BEEA038341803BF5F634198E2DF8.jpg,,,,,,2025-05-21T23:59:59.999999999+01:00,PROSPECTUS,11,2,,
51749,8410104895518,750.0,Vanish,"Aditivo tira nódoas gel oxi advance white, garrafa de 750 ml",,5.99,7.99,750,L,€/L,,,https://driveimg1.intermarche.com/pt/Content/images/boitmal/produit/zoom/073B44CF155CF838A930F87E2100F32C.jpg,,,,,,2025-05-21T23:59:59.999999999+01:00,PROSPECTUS,11,2,,
51896,8719200253377,400.0,Planta,"Creme vegetal para barrar original, 400g",,2.54,6.35,0,kg,€/Kg,,,https://driveimg1.intermarche.com/pt/Content/images/boitmal/produit/zoom/0265DFAAA6CC23B5D28B5523E860ECEF.jpg,,,,,,2025-05-21T23:59:59.999999999+01:00,PROSPECTUS,11,2,,
52054,7622201735111,360.0,Royal,"Gelatina pronta morango, embalagem de 360g",,1.49,4.14,0,kg,€/Kg,,,https://driveimg1.intermarche.com/pt/Content/images/boitmal/produit/zoom/EB1CEE9F607073D91EDE9AFDB9893EB1.jpg,,,,,,2025-05-21T23:59:59.999999999+01:00,PROSPECTUS,11,2,,
5272,5601164902312,4800.0,Super Bock,"Cerveja com álcool, pack 24 x 0.20 l",,9.99,2.08,4800,L,€/L,,,https://driveimg1.intermarche.com/pt/Content/images/boitmal/produit/zoom/A98E5FF8E5DDF166F2B333F0EE0114E7.jpg,https://driveimg1.intermarche.com/pt/Content/images/boitmal/produit/zoom/C2C2858ADC421F33AF17C6115D108100.jpg,,,,,2025-05-21T23:59:59.999999999+01:00,PROSPECTUS,11,2,,
53051,3083681145816,375.0,Bonduelle,"Beringelas à mediterrânea, 375g",,2.9,7.73,0,kg,€/Kg,,,https://driveimg1.intermarche.com/pt/Content/images/boitmal/produit/zoom/806BDE86E639D466FA9A6B15230444B5.jpg,,,,,,2025-05-21T23:59:59.999999999+01:00,PROSPECTUS,11,2,,
53349,5000204314595,250.0,Pronto,"Limpa Móveis, 250ml",,3.39,13.56,250,L,€/L,,,https://driveimg1.intermarche.com/pt/Content/images/boitmal/produit/zoom/B67A395061B35EF34EAA1625DF9B6EA1.jpg,https://driveimg1.intermarche.com/pt/Content/images/boitmal/produit/zoom/1D217222CE95C7E20C669A2882D0AEE6.jpg,https://driveimg1.intermarche.com/pt/Content/images/boitmal/produit/zoom/1D217222CE95C7E20C669A2882D0AEE6.jpg,,,,2025-05-21T23:59:59.999999999+01:00,PROSPECTUS,11,2,,
53358,3600542509381,340.0,Garnier,"Máscara Ultra Suave Tesouros de Mel, 340ml",,4.74,13.94,340,L,€/L,,,https://driveimg1.intermarche.com/pt/Content/images/boitmal/produit/zoom/14B3FB306114639FE6C5C48E3445FB72.jpg,,,,,,2025-05-21T23:59:59.999999999+01:00,PROSPECTUS,11,2,,
54277,3600542571982,400.0,Garnier,"Shampoo Ultra Suave Água de Arroz, 400ml",,3.76,9.4,400,L,€/L,,,https://driveimg1.intermarche.com/pt/Content/images/boitmal/produit/zoom/BCD88ADADB3465B3B2A59EA32CB5BB9E.jpg,,,,,,2025-05-21T23:59:59.999999999+01:00,PROSPECTUS,11,2,,
54296,3600542573726,40.0,Ambre Solaire,"Protetor Solar Fluído Anti-Imperfeições FPS 50+, 40ml",,12.24,306.0,40,L,€/L,,,https://driveimg1.intermarche.com/pt/Content/images/boitmal/produit/zoom/E7BA0962C9046E2E08D5B5418B3126A1.jpg,https://driveimg1.intermarche.com/pt/Content/images/boitmal/produit/zoom/74CB16E7DB2931570D598DA83604C474.jpg,https://driveimg1.intermarche.com/pt/Content/images/boitmal/produit/zoom/74CB16E7DB2931570D598DA83604C474.jpg,,,,2025-05-21T23:59:59.999999999+01:00,PROSPECTUS,11,2,,
54308,5601217137999,,Air Wick,"Recarga Duo Lavanda Camomila, 2un.",,5.19,5.19,0,,€/Unidade,,,https://driveimg1.intermarche.com/pt/Content/images/boitmal/produit/zoom/78C110CAA5EF024A4EA96E5945825BCD.jpg,https://driveimg1.intermarche.com/pt/Content/images/boitmal/produit/zoom/DCF3D5D0D3FA3177E549BA42D5B2070C.jpg,https://driveimg1.intermarche.com/pt/Content/images/boitmal/produit/zoom/DCF3D5D0D3FA3177E549BA42D5B2070C.jpg,https://driveimg1.intermarche.com/pt/Content/images/boitmal/produit/zoom/DCF3D5D0D3FA3177E549BA42D5B2070C.jpg,,,2025-05-21T23:59:59.999999999+01:00,PROSPECTUS,11,2,,
54319,8720182782502,750.0,Cif,"Limpa vidros spray power & shine, 750ml",,2.69,3.59,750,L,€/L,,,https://driveimg1.intermarche.com/pt/Content/images/boitmal/produit/zoom/EECC36EE19F0AB73B7C01CA2753577ED.jpg,,,,,,2025-05-21T23:59:59.999999999+01:00,PROSPECTUS,11,2,,
54361,8410104915186,,Finish,"Detergente Loiça Máquina Quantum Limão, 28 Pastilhas",,5.99,5.99,0,,€/Unidade,,,https://driveimg1.intermarche.com/pt/Content/images/boitmal/produit/zoom/AF6445EE2B2537230E8784866A377CB3.jpg,,,,,,2025-05-21T23:59:59.999999999+01:00,PROSPECTUS,11,2,,
54604,8720181471636,720.0,Dove,"Gel de banho fresh care, 720ml",,7.99,11.1,720,L,€/L,,,https://driveimg1.intermarche.com/pt/Content/images/boitmal/produit/zoom/A04F69573CB714F101DE27F9EF62ED87.jpg,,,,,,2025-05-21T23:59:59.999999999+01:00,PROSPECTUS,11,2,,
54663,5063270103852,44.0,Lipton,"Infusão maçã e canela, 20 unidades",,2.09,47.5,0,kg,€/Kg,,,https://driveimg1.intermarche.com/pt/Content/images/boitmal/produit/zoom/9CD994251C84A780234FD1771466A4F8.jpg,,,,,,2025-05-21T23:59:59.999999999+01:00,PROSPECTUS,11,2,,
54795,5603722521225,604.0,Mimosa,"Iogurte magro liquido morango, 4x151 ml",,1.54,2.55,604,L,€/L,,,https://driveimg1.intermarche.com/pt/Content/images/boitmal/produit/zoom/075603ECF4916B645B9AA45146480552.jpg,,,,,,2025-05-21T23:59:59.999999999+01:00,PROSPECTUS,11,2,,
54802,5603722521539,604.0,Mimosa,"Iogurte liquido morango, 4 x 151 ml",,1.44,2.38,604,L,€/L,,,https://driveimg1.intermarche.com/pt/Content/images/boitmal/produit/zoom/FB51425211E1948B683D88C51AE1A4C5.jpg,,,,,,2025-05-21T23:59:59.999999999+01:00,PROSPECTUS,11,2,,
54894,8700216443814,325.0,Pantene,"Champô Pro-V Active Nutri-Plex Caracóis Perfeitos, 325ml",,3.94,12.12,325,L,€/L,,,https://driveimg1.intermarche.com/pt/Content/images/boitmal/produit/zoom/2CFDF04ECD7279040CD660975322260E.jpg,,,,,,2025-05-21T23:59:59.999999999+01:00,PROSPECTUS,11,2,,
54908,8720181468452,720.0,Dove,"Gel De Banho Silky Velvet, 720ml",,7.99,11.1,720,L,€/L,,,https://driveimg1.intermarche.com/pt/Content/images/boitmal/produit/zoom/B4B8973AC1CFAE2318D36A45878739E2.jpg,,,,,,2025-05-21T23:59:59.999999999+01:00,PROSPECTUS,11,2,,
5952,5604260266975,750.0,PorSi,Creme abrasivo de limão,Embalagem de 750 ml,1.19,1.59,750,L,€/L,,,https://driveimg1.intermarche.com/pt/Content/images/boitmal/produit/zoom/7CC9BEECF39A3B46832B54494A33E2E3.jpg,,,,,,2025-05-21T23:59:59.999999999+01:00,PROSPECTUS,11,2,,
5977,5604260274086,,PorSi,"Acendalha branca, 32 cubos",,1.15,1.15,0,,€/Unidade,,,https://driveimg1.intermarche.com/pt/Content/images/boitmal/produit/zoom/5D848885F4F58352BFD5FA139BD7FC0A.jpg,https://driveimg1.intermarche.com/pt/Content/images/boitmal/produit/zoom/1FFF9F1373872F7DE961EE146FD1DAB4.jpg,https://driveimg1.intermarche.com/pt/Content/images/boitmal/produit/zoom/1FFF9F1373872F7DE961EE146FD1DAB4.jpg,,,,2025-06-11T23:59:59.999999999+01:00,PROSPECTUS,11,2,,
6377,8410108125857,,Evax,Penso Diário Salva Slip,50 Unidades,2.54,2.54,0,,€/Unidade,,,https://driveimg1.intermarche.com/pt/Content/images/boitmal/produit/zoom/1DEB48EF641757554EEB9A48091A1615.jpg,,,,,,2025-05-21T23:59:59.999999999+01:00,PROSPECTUS,11,2,,
6460,8410436216777,53.0,Sonasol,Bloco Sanitário Poder Activo Floral,Embalagem de 50 g,1.98,37.36,0,kg,€/Kg,,,https://driveimg1.intermarche.com/pt/Content/images/boitmal/produit/zoom/428A90D17C72E1CEA455915A18AE3510.jpg,,,,,,2025-05-21T23:59:59.999999999+01:00,PROSPECTUS,11,2,,
6580,8412400193015,1000.0,Mr. Muscle,"Desentupidor canos, 1 l",,5.99,5.99,1000,L,€/L,,,https://driveimg1.intermarche.com/pt/Content/images/boitmal/produit/zoom/E4CBB8829ACC4E9939AAEA434FE9EF72.jpg,,,,,,2025-05-21T23:59:59.999999999+01:00,PROSPECTUS,11,2,,
6819,8712566125982,420.0,Olá,"Gelado perna de pau, embalagem de 6 x 70 ml",,2.99,7.12,420,L,€/L,,Tipo de stockagem,https://driveimg1.intermarche.com/pt/Content/images/boitmal/produit/zoom/CDB6594198A7D84CB46AB7CA0CA9C95D.jpg,https://driveimg1.intermarche.com/pt/Content/images/boitmal/produit/zoom/CDF3DFE8D09454EBB2363B5EF224B65F.jpg,https://driveimg1.intermarche.com/pt/Content/images/boitmal/produit/zoom/CDF3DFE8D09454EBB2363B5EF224B65F.jpg,https://driveimg1.intermarche.com/pt/Content/images/boitmal/produit/zoom/CDF3DFE8D09454EBB2363B5EF224B65F.jpg,,,2025-05-21T23:59:59.999999999+01:00,PROSPECTUS,11,2,,
7043,2894074000000,150.0,Campofrio,Peito de peru forno lenha,1 un = 150 gr (aprox.),2.25,14.99,0,,€/Kg,,,https://driveimg1.intermarche.com/pt/Content/images/boitmal/produit/zoom/EF3CEFEECAD2391EED6F65839052F87D.jpg,,,,,,2025-05-21T23:59:59.999999999+01:00,PROSPECTUS,11,2,,
7050,2894090000000,150.0,Campofrio,Peito frango forno de lenha,1 un = 150 gr (aprox.),2.25,14.99,0,,€/Kg,,,https://driveimg1.intermarche.com/pt/Content/images/boitmal/produit/zoom/6772968344189119743079B1997DCA88.jpg,,,,,,2025-05-21T23:59:59.999999999+01:00,PROSPECTUS,11,3,,
7550,3600541550087,400.0,Garnier,Champô Ultra Suave tesouros de mel,Embalagem de 400 ml,3.76,9.4,400,L,€/L,,,https://driveimg1.intermarche.com/pt/Content/images/boitmal/produit/zoom/9E0A30A6E488599D224D7FC06927B67E.jpg,,,,,,2025-05-21T23:59:59.999999999+01:00,PROSPECTUS,11,3,,
8312,5604260318728,,PorSi,Rolos de papel multiusos 2 folhas,1 unidade,3.49,3.49,0,,€/Unidade,,,https://driveimg1.intermarche.com/pt/Content/images/boitmal/produit/zoom/2CC07BB275A924BB79BAF68BD05975F4.jpg,,,,,,2025-05-21T23:59:59.999999999+01:00,PROSPECTUS,11,3,,
8318,5601028014540,,Renova,"Rolos de cozinha compactos, branco, máxima absorção, xxl",1 unidade,1.19,1.19,0,,€/Unidade,,,https://driveimg1.intermarche.com/pt/Content/images/boitmal/produit/zoom/BC7BADCD8E43838B553974D430A7EFB9.jpg,,,,,,2025-05-21T23:59:59.999999999+01:00,PROSPECTUS,11,3,,
8384,5601049133992,1000.0,Mimosa,"Leite uht magro, embalagem de 1litro",,0.89,0.89,1000,L,€/L,,,https://driveimg1.intermarche.com/pt/Content/images/boitmal/produit/zoom/128AB814EBA9C0783B386EB2E0A38CC9.jpg,https://driveimg1.intermarche.com/pt/Content/images/boitmal/produit/zoom/8C350978140C257D0AAD7365CD133F0C.jpg,https://driveimg1.intermarche.com/pt/Content/images/boitmal/produit/zoom/B9BED9F397071733FB4D36CBE39ECDBA.jpg,,,,2025-05-21T23:59:59.999999999+01:00,PROSPECTUS,11,3,,
8397,5601050016017,600.0,Danone,"Danacol morango, embalagem de 6 x 100 g",,2.99,4.98,0,kg,€/Kg,,,https://driveimg1.intermarche.com/pt/Content/images/boitmal/produit/zoom/F76543BD64340CC9668C447CAE3F75A1.jpg,,,,,,2025-05-21T23:59:59.999999999+01:00,PROSPECTUS,11,3,,
8537,5601119957206,120.0,Campofrio,"Peito frango forno lenha fatias clássicas, embalagem de 120g",,2.19,18.25,0,kg,€/Kg,,,https://driveimg1.intermarche.com/pt/Content/images/boitmal/produit/zoom/A5EDB423B7786C27645C35469FF56E84.jpg,,,,,,2025-05-21T23:59:59.999999999+01:00,PROSPECTUS,11,3,,
8538,5601119957213,120.0,Campofrio,"Peito frango forno lenha fatias finas, embalagem de 120g",,2.19,18.25,0,kg,€/Kg,,,https://driveimg1.intermarche.com/pt/Content/images/boitmal/produit/zoom/73C7285F6ACF8A124F339DF62D4EEA07.jpg,,,,,,2025-05-21T23:59:59.999999999+01:00,PROSPECTUS,11,3,,
927,5601001180903,380.0,Nestlé,Cereais chocapic,Embalagem de 375 g,2.39,6.29,0,kg,€/Kg,,,https://driveimg1.intermarche.com/pt/Content/images/boitmal/produit/zoom/EA69C754779AF0C6F4DD36E6F3A8C272.jpg,,,,,,2025-05-21T23:59:59.999999999+01:00,PROSPECTUS,11,3,,
972,5601024030056,750.0,Oliveira da Serra,"Azeite extra virgem, azeitonas verdes, garrafa de 750 ml",,6.79,9.05,750,L,€/L,,,https://driveimg1.intermarche.com/pt/Content/images/boitmal/produit/zoom/2775848F23153ACAF6624BDC341B21AA.jpg,,,,,,2025-05-21T23:59:59.999999999+01:00,PROSPECTUS,11,3,,
973,5601024105020,1000.0,Fula,Óleo alimentar,Embalagem 1L,2.02,2.02,1000,L,€/L,,,https://driveimg1.intermarche.com/pt/Content/images/boitmal/produit/zoom/322383F88535C8A24498724B92188318.jpg,,,,,,2025-05-21T23:59:59.999999999+01:00,PROSPECTUS,11,3,,
13817,2892582000000,250.0,Legumes,Pimento Verde,1 un = 250 gr  (aprox.),0.65,2.59,0,,€/Kg,,,https://driveimg1.intermarche.com/pt/Content/images/boitmal/produit/zoom/65E0131049B6BD4E669549F70B795EC0.jpg,,,,,,2025-05-21T23:59:59.999999999+01:00,PROSPECTUS,11,3,,
1011,5601043111019,1000.0,Branca de neve,"Farinha para bolos fina, embalagem de 1 kg",,1.39,1.39,0,kg,€/Kg,,,https://driveimg1.intermarche.com/pt/Content/images/boitmal/produit/zoom/D6747B38ADBB658B352D698D9667A42C.jpg,,,,,,2025-05-21T23:59:59.999999999+01:00,PROSPECTUS,11,3,,
1120,5601066301718,500.0,Nacional,"Massa de espirais, embalagem de 500g",,0.89,1.78,0,kg,€/Kg,,,https://driveimg1.intermarche.com/pt/Content/images/boitmal/produit/zoom/B50E4B0B2C4856A819A2FF672D887104.jpg,,,,,,2025-05-21T23:59:59.999999999+01:00,PROSPECTUS,11,3,,
978,5601024134136,750.0,Oliveira da Serra,Azeite,Embalagem de 750 ml,4.49,5.99,750,L,€/L,,,https://driveimg1.intermarche.com/pt/Content/images/boitmal/produit/zoom/9CC9A85673AA0BF0B09481F106398AA6.jpg,,,,,,2025-05-21T23:59:59.999999999+01:00,PROSPECTUS,11,3,,
5522,5601692071429,1000.0,Bom sucesso,"Arroz carolino, embalagem de 1 kg",,1.24,1.24,0,kg,€/Kg,,,https://driveimg1.intermarche.com/pt/Content/images/boitmal/produit/zoom/64C611B9FD96C1B21C6DBAF861284476.jpg,,,,,,2025-05-21T23:59:59.999999999+01:00,PROSPECTUS,11,3,,
10095,8435257040899,640.0,Nestlé,"Iogurte líquido yoggi morango, embalagem de 4 x 160g",,1.99,3.11,0,kg,€/Kg,,,https://driveimg1.intermarche.com/pt/Content/images/boitmal/produit/zoom/BCBB1C4518CDF8045B46EB41CD173E54.jpg,,,,,,2025-05-21T23:59:59.999999999+01:00,PROSPECTUS,11,3,,
1439,5601260127107,1000.0,Cigala,"Arroz vaporizado, embalagem de 1 kg",,1.38,1.38,0,kg,€/Kg,,,https://driveimg1.intermarche.com/pt/Content/images/boitmal/produit/zoom/4B2862217CBB7515902C0E411B46053F.jpg,,,,,,2025-05-21T23:59:59.999999999+01:00,PROSPECTUS,11,3,,
9311,5603722502064,250.0,Mimosa,"Manteiga fácil de barrar, embalagem de 250g",,2.19,8.76,0,kg,€/Kg,,,https://driveimg1.intermarche.com/pt/Content/images/boitmal/produit/zoom/FEF75CFD36A5CE8709DF5D4930F11917.jpg,https://driveimg1.intermarche.com/pt/Content/images/boitmal/produit/zoom/A8C47E9F1F12DFE2439D3530C38E2D87.jpg,https://driveimg1.intermarche.com/pt/Content/images/boitmal/produit/zoom/2EE410FD3A0147BBB442FA96902FFF46.jpg,,,,2025-05-21T23:59:59.999999999+01:00,PROSPECTUS,11,3,,
10094,8435257040776,640.0,Nestlé,"Iogurte líquido yoggi banana, embalagem de 4 x 160 g",,1.99,3.11,0,kg,€/Kg,,,https://driveimg1.intermarche.com/pt/Content/images/boitmal/produit/zoom/6885FCEF2FEF4752D565E64A3BDEE242.jpg,,,,,,2025-05-21T23:59:59.999999999+01:00,PROSPECTUS,11,3,,
13048,2893561000000,250.0,Marisco,Ameijoa Branca Vietnamita Congelada,Vendido a partir de 250 gr  (aprox.),0.5,1.99,0,,€/Kg,,Avantages !,https://driveimg1.intermarche.com/pt/Content/images/boitmal/produit/zoom/EB1BC296FF41180E6F3E1626AD4F78AA.jpg,,,,,,2025-05-21T23:59:59.999999999+01:00,PROSPECTUS,11,3,,
45700,5604260314249,,PorSi,Detergente maquina loiça tudo em 1 limão,Embalagem de 40 cápsulas,4.59,4.59,0,,€/Unidade,,,https://driveimg1.intermarche.com/pt/Content/images/boitmal/produit/zoom/E2AF666FA080D39884D54C761B4D071C.jpg,,,,,,2025-05-21T23:59:59.999999999+01:00,PROSPECTUS,11,3,,
20101,5601010131231,120.0,Ramirez,"Atum em azeite, embalagem de 120g",,1.49,12.42,0,kg,€/Kg,,,https://driveimg1.intermarche.com/pt/Content/images/boitmal/produit/zoom/4E16DC667779622705519F8CE1EA40F5.jpg,,,,,,2025-05-21T23:59:59.999999999+01:00,PROSPECTUS,11,3,,
1413,5601252106615,750.0,Gallo,"Azeite subtil, garrafa de 750 ml",,4.99,6.65,750,L,€/L,,,https://driveimg1.intermarche.com/pt/Content/images/boitmal/produit/zoom/15A5982897D183B94BC206320162E4EC.jpg,,,,,,2025-05-21T23:59:59.999999999+01:00,PROSPECTUS,11,3,,
29738,8410436324533,1300.0,Sonasol,"Lava Tudo Flores Montanha, 1.3 l",,2.09,1.61,1300,L,€/L,,,https://driveimg1.intermarche.com/pt/Content/images/boitmal/produit/zoom/13FBFB2C777E7C44B0340328520A2D41.jpg,,,,,,2025-05-21T23:59:59.999999999+01:00,PROSPECTUS,11,3,,
8800,5601244201922,200.0,Terra Nostra,"Queijo em fatias redução de gordura, embalagem de 200g",,2.35,11.75,0,kg,€/Kg,,,https://driveimg1.intermarche.com/pt/Content/images/boitmal/produit/zoom/6B2399E90B535FA164E40698DA708319.jpg,,,,,,2025-05-21T23:59:59.999999999+01:00,PROSPECTUS,11,3,,
15962,5601252107056,250.0,Gallo,"Azeite virgem extra clássico, garrafa de 250 ml",,2.59,10.36,250,L,€/L,,,https://driveimg1.intermarche.com/pt/Content/images/boitmal/produit/zoom/09BE807A8C54B481888F449279BB53A1.jpg,,,,,,2025-05-21T23:59:59.999999999+01:00,PROSPECTUS,11,3,,
1108,5601066300087,500.0,Nacional,"Massa de cotovelinhos, embalagem de 500g",,0.89,1.78,0,kg,€/Kg,,,https://driveimg1.intermarche.com/pt/Content/images/boitmal/produit/zoom/85D4AC87404986F6E33A67AEEDC0D0E8.jpg,,,,,,2025-05-21T23:59:59.999999999+01:00,PROSPECTUS,11,3,,
44701,5053990156009,175.0,Pringles,"Snacks batata original, embalagem de 175g",,2.39,13.66,0,kg,€/Kg,,,https://driveimg1.intermarche.com/pt/Content/images/boitmal/produit/zoom/BE87AADF1BA674A5818FDF008937F90A.jpg,https://driveimg1.intermarche.com/pt/Content/images/boitmal/produit/zoom/843E1395B62C4B40E91467CF90852642.jpg,https://driveimg1.intermarche.com/pt/Content/images/boitmal/produit/zoom/843E1395B62C4B40E91467CF90852642.jpg,https://driveimg1.intermarche.com/pt/Content/images/boitmal/produit/zoom/843E1395B62C4B40E91467CF90852642.jpg,,,2025-05-21T23:59:59.999999999+01:00,PROSPECTUS,11,3,,
13585,2893580000000,250.0,Marisco,Gambão Congelado 20/30,Vendido a partir de 250 (aprox.),2.5,9.99,0,,€/Kg,,Avantages !,https://driveimg1.intermarche.com/pt/Content/images/boitmal/produit/zoom/8045A02528560B0A77B8815B2FADD1B4.jpg,,,,,,2025-05-21T23:59:59.999999999+01:00,PROSPECTUS,11,3,,
37443,7613037040869,250.0,Nestum,"Nestum zero espelta/aveia, embalagem de 250g",,2.24,8.96,0,kg,€/Kg,,,https://driveimg1.intermarche.com/pt/Content/images/boitmal/produit/zoom/BF80E2BF1A95765256612BEC5A65D8DD.jpg,,,,,,2025-05-21T23:59:59.999999999+01:00,PROSPECTUS,11,3,,
43848,5604260309986,1000.0,PorSi,Abrilhantador maquina loiça,Garrafa de 1 l,1.39,1.39,1000,L,€/L,,,https://driveimg1.intermarche.com/pt/Content/images/boitmal/produit/zoom/6F09E195333B91055576C428921B7F15.jpg,,,,,,2025-05-21T23:59:59.999999999+01:00,PROSPECTUS,11,3,,
7324,3228020390131,250.0,President,"Manteiga magra meio sal, embalagem de 250g",,2.59,10.36,0,kg,€/Kg,,,https://driveimg1.intermarche.com/pt/Content/images/boitmal/produit/zoom/331DC0C2868698A1CF61BBA910E6E1D6.jpg,,,,,,2025-05-21T23:59:59.999999999+01:00,PROSPECTUS,11,3,,
20967,5601027002593,175.0,Manhãzitos,5 manhãzitos choco chips,Embalagem de 175 g,2.24,12.8,0,kg,€/Kg,,,https://driveimg1.intermarche.com/pt/Content/images/boitmal/produit/zoom/6EB4FB571FE310CEFF50998F54BCFA17.jpg,,,,,,2025-05-21T23:59:59.999999999+01:00,PROSPECTUS,11,3,,
50405,8445290489173,900.0,Cerelac,"Papa Infantil 12 meses, 900g",,6.29,6.99,0,kg,€/Kg,,,https://driveimg1.intermarche.com/pt/Content/images/boitmal/produit/zoom/79C2E535CBAB06EFF8E7EE2B8A2191BC.jpg,,,,,,2025-05-21T23:59:59.999999999+01:00,PROSPECTUS,11,3,,
10175,8410375110211,300.0,Bonduelle,Milho tenro e doce,Embalagem de 300 g,1.74,5.8,0,kg,€/Kg,,,https://driveimg1.intermarche.com/pt/Content/images/boitmal/produit/zoom/7DBD23167EE67669947EBE9FBBED55C3.jpg,,,,,,2025-05-21T23:59:59.999999999+01:00,PROSPECTUS,11,3,,
10597,8712100326356,360.0,Olá,"Gelado fizz limão, embalagem de 6 x 60 ml",,2.99,8.31,360,L,€/L,,Tipo de stockagem,https://driveimg1.intermarche.com/pt/Content/images/boitmal/produit/zoom/234F906CA10C5C87A7F2D2188B0A37DA.jpg,,,,,,2025-05-21T23:59:59.999999999+01:00,PROSPECTUS,11,3,,
17873,8718951037885,500.0,Ajax,"Limpa vidros recarga tripla ação, 500 ml",,1.79,3.58,500,L,€/L,,,https://driveimg1.intermarche.com/pt/Content/images/boitmal/produit/zoom/D0A7A0C399BF07DEEA9FD446034A3D4F.jpg,,,,,,2025-05-21T23:59:59.999999999+01:00,PROSPECTUS,11,3,,
23590,5603722514142,1600.0,Agros,"Leite com chocolate, embalagem de 8x200 ml",,2.88,1.8,1600,L,€/L,,,https://driveimg1.intermarche.com/pt/Content/images/boitmal/produit/zoom/4B07C2A65AC5D9D66E12210391EDB136.jpg,,,,,,2025-05-21T23:59:59.999999999+01:00,PROSPECTUS,11,3,,
48528,5604260318704,,PorSi,Rolo cozinha,4 unidades,1.85,1.85,0,,€/Unidade,,,https://driveimg1.intermarche.com/pt/Content/images/boitmal/produit/zoom/6011F700CE1AB2210172B90DB56C825B.jpg,,,,,,2025-05-21T23:59:59.999999999+01:00,PROSPECTUS,11,3,,
5521,5601692071214,1000.0,Bom sucesso,"Arroz agulha, embalagem de 1 kg",,1.29,1.29,0,kg,€/Kg,,,https://driveimg1.intermarche.com/pt/Content/images/boitmal/produit/zoom/393929D01B09747982258DD594BE66FB.jpg,,,,,,2025-05-21T23:59:59.999999999+01:00,PROSPECTUS,11,3,,
9113,5601989001566,750.0,Monte Velho,"Vinho branco alentejo, garrafa de 750 ml",,3.99,5.32,750,L,€/L,,,https://driveimg1.intermarche.com/pt/Content/images/boitmal/produit/zoom/7B25882D8E40FB5175386823B109A8BD.jpg,,,,,,2025-05-21T23:59:59.999999999+01:00,PROSPECTUS,11,3,,
18618,5601027004870,210.0,Manhãzitos,Manhãzitos -50% açúcares,Embalagem 6x2 unidades,2.44,11.62,0,kg,€/Kg,,,https://driveimg1.intermarche.com/pt/Content/images/boitmal/produit/zoom/08521722BDB8760A47A03446C3145802.jpg,,,,,,2025-05-21T23:59:59.999999999+01:00,PROSPECTUS,11,3,,
46128,3083681137811,450.0,Bonduelle,"Milho sem resíduos de pesticidas, embalagem de 450g",,2.59,5.76,0,kg,€/Kg,,,https://driveimg1.intermarche.com/pt/Content/images/boitmal/produit/zoom/EC051C59563F4690C90E354F78286A70.jpg,,,,,,2025-05-21T23:59:59.999999999+01:00,PROSPECTUS,11,3,,
15886,5601027003859,210.0,Manhãzitos,Manhãzitos original,Embalagem 6x2 unidades,2.44,11.62,0,kg,€/Kg,,,https://driveimg1.intermarche.com/pt/Content/images/boitmal/produit/zoom/E3BD264A0F36C19CDFE09BE15A0F5910.jpg,,,,,,2025-05-21T23:59:59.999999999+01:00,PROSPECTUS,11,3,,
17114,5000116110148,320.0,Capitão Iglo,"4 hamburguers vaca sem glúten, embalagem de 320g",,4.49,14.03,0,kg,€/Kg,,Tipo de stockagem,https://driveimg1.intermarche.com/pt/Content/images/boitmal/produit/zoom/F31F98EC751272F860D1F790EE53DF35.jpg,,,,,,2025-05-21T23:59:59.999999999+01:00,PROSPECTUS,11,3,,
24414,8410436297691,1300.0,Sonasol,"Lava tudo camomila e flor de laranjeira, 1,3l",,2.09,1.61,1300,L,€/L,,,https://driveimg1.intermarche.com/pt/Content/images/boitmal/produit/zoom/C67C521AD0B096D9F596A17B56363CA4.jpg,,,,,,2025-05-21T23:59:59.999999999+01:00,PROSPECTUS,11,3,,
33482,5604260285105,250.0,PorSi,Limpa máquinas de loiça tripla ação,Embalagem de 250 ml,1.29,5.16,250,L,€/L,,,https://driveimg1.intermarche.com/pt/Content/images/boitmal/produit/zoom/99B8637072C5A86DCEC578261824F85F.jpg,,,,,,2025-05-21T23:59:59.999999999+01:00,PROSPECTUS,11,3,,
50377,8445290351357,,Nescafé,"Dolce gusto sical espresso cafés 99.2 g, embalagem de 16 unidades",,6.39,6.39,16,,€/Unidade,,,https://driveimg1.intermarche.com/pt/Content/images/boitmal/produit/zoom/44FD43160B41B883D60D056B524E6B93.jpg,,,,,,2025-05-21T23:59:59.999999999+01:00,PROSPECTUS,11,3,,
50629,5603722521454,1208.0,Mimosa,"Iogurte magro liquido de morango e framboesa, 8 x 151ml",,2.99,2.48,1208,L,€/L,,,https://driveimg1.intermarche.com/pt/Content/images/boitmal/produit/zoom/AB607BD866F448FA21D3247580B1F4C6.jpg,,,,,,2025-05-21T23:59:59.999999999+01:00,PROSPECTUS,11,3,,
10842,2895207000000,250.0,Santiago,Queijo 3 Igrejas Cura 2m Pimentão,Vendido ao peso a partir de 250 gr,3.0,11.99,0,,€/Kg,,,https://driveimg1.intermarche.com/pt/Content/images/boitmal/produit/zoom/2F11F4EC63EB49EF2522FB61028743A0.jpg,,,,,,2025-05-21T23:59:59.999999999+01:00,PROSPECTUS,11,3,,
10943,3250390679653,250.0,Páturages,Queijo mascarpone,Embalagem 250G,1.99,7.96,0,kg,€/Kg,,,https://driveimg1.intermarche.com/pt/Content/images/boitmal/produit/zoom/7BF95190459CB8AA8642905249F654FA.jpg,,,,,,2025-05-21T23:59:59.999999999+01:00,PROSPECTUS,11,3,,
22395,8712100745614,412.0,HellmannS,"Mionese top down, embalagem de 410g",,3.14,7.62,0,kg,€/Kg,,,https://driveimg1.intermarche.com/pt/Content/images/boitmal/produit/zoom/69FC39D7436E837B71E260D76DC0DC69.jpg,https://driveimg1.intermarche.com/pt/Content/images/boitmal/produit/zoom/8441A970BF19CB238C08CCCD9712CAB2.jpg,https://driveimg1.intermarche.com/pt/Content/images/boitmal/produit/zoom/8441A970BF19CB238C08CCCD9712CAB2.jpg,https://driveimg1.intermarche.com/pt/Content/images/boitmal/produit/zoom/8441A970BF19CB238C08CCCD9712CAB2.jpg,,,2025-05-21T23:59:59.999999999+01:00,PROSPECTUS,11,3,,
34329,5999884034469,250.0,Hell,Bebida energética hell,Garrafa de 250 ml,0.79,3.16,250,L,€/L,,,https://driveimg1.intermarche.com/pt/Content/images/boitmal/produit/zoom/1075218D3A34A21E3FA52C7E6942C8C8.jpg,,,,,,2025-05-21T23:59:59.999999999+01:00,PROSPECTUS,11,3,,
37543,5604260296774,200.0,PorSi,Queijo ilha ralado,Embalagem de 200g,1.99,9.95,0,kg,€/Kg,,,https://driveimg1.intermarche.com/pt/Content/images/boitmal/produit/zoom/9FBECDCECB2D26C4C6D8C14744B77AAB.jpg,https://driveimg1.intermarche.com/pt/Content/images/boitmal/produit/zoom/786CD9798812C344295A787A5E37A388.jpg,https://driveimg1.intermarche.com/pt/Content/images/boitmal/produit/zoom/786CD9798812C344295A787A5E37A388.jpg,https://driveimg1.intermarche.com/pt/Content/images/boitmal/produit/zoom/786CD9798812C344295A787A5E37A388.jpg,,,2025-05-21T23:59:59.999999999+01:00,PROSPECTUS,11,3,,
43428,5604260304738,250.0,PorSi,Limpa máquinas de loiça limão,Embalagem de 250 ml,1.29,5.16,250,L,€/L,,,https://driveimg1.intermarche.com/pt/Content/images/boitmal/produit/zoom/D3D3C8E9CC2232B06DE27F0A6F1A935B.jpg,,,,,,2025-05-21T23:59:59.999999999+01:00,PROSPECTUS,11,3,,
47979,5604260312740,,PorSi,Detergentes máquina lavar loiça ecológico,26 pastilhas,3.46,3.46,0,,€/Unidade,,,https://driveimg1.intermarche.com/pt/Content/images/boitmal/produit/zoom/78BEBFE1DB31B8C2D02C89E6CE3251D4.jpg,,,,,,2025-05-21T23:59:59.999999999+01:00,PROSPECTUS,11,3,,
48775,2769516000000,200.0,PorSi,"Preguinhos de Porco Finíssimos, embalagem de 200g (aprox.)",,1.6,7.98,0,,€/Kg,,,https://driveimg1.intermarche.com/pt/Content/images/boitmal/produit/zoom/3DD3775BE4F1F4161B469D1F01BAB9D5.jpg,,,,,,2025-05-21T23:59:59.999999999+01:00,PROSPECTUS,11,3,,
11650,5601192201104,200.0,Agros,Nata uht 200 ml,,0.87,4.35,200,L,€/L,,,https://driveimg1.intermarche.com/pt/Content/images/boitmal/produit/zoom/478AC7EFE77B8590BBD8EF6C88C17807.jpg,,,,,,2025-05-21T23:59:59.999999999+01:00,PROSPECTUS,11,3,,
17892,5601082039800,220.0,Delta Q,Café xl qalidus cápsulas,Embalagem de 220g,15.99,72.68,0,kg,€/Kg,,,https://driveimg1.intermarche.com/pt/Content/images/boitmal/produit/zoom/CC1942C4B68078F0368F602F327C039D.jpg,,,,,,2025-05-21T23:59:59.999999999+01:00,PROSPECTUS,11,3,,
24411,8410436297752,1300.0,Sonasol,"Lava tudo rosas e jasmim, 1,3l",,2.09,1.61,1300,L,€/L,,,https://driveimg1.intermarche.com/pt/Content/images/boitmal/produit/zoom/A8DAC5F038BB6C2FB23FB3C7F35CC590.jpg,,,,,,2025-05-21T23:59:59.999999999+01:00,PROSPECTUS,11,3,,
24413,8410436297783,1300.0,Sonasol,"Lava tudo PH neutro, embalagem de 1,3l",,2.09,1.61,1300,L,€/L,,,https://driveimg1.intermarche.com/pt/Content/images/boitmal/produit/zoom/40B27BFEEAC61B53B8E103581B41FECE.jpg,,,,,,2025-05-21T23:59:59.999999999+01:00,PROSPECTUS,11,3,,
2518,7613033814693,400.0,Nestlé,"Fruta para bebé 7 frutos +6 meses, embalagem de 4 x 100g",,2.54,6.35,0,kg,€/Kg,,,https://driveimg1.intermarche.com/pt/Content/images/boitmal/produit/zoom/18CF4010C8E037B64FBADB6A5A35AF8F.jpg,,,,,,2025-05-21T23:59:59.999999999+01:00,PROSPECTUS,11,3,,
35089,5604260287246,,PorSi,"Acendalha ecológicas, 32 cubos",,0.99,0.99,0,,€/Unidade,,,https://driveimg1.intermarche.com/pt/Content/images/boitmal/produit/zoom/3C3A545F046A9053ADD48AE98FE47946.jpg,,,,,,2025-06-11T23:59:59.999999999+01:00,PROSPECTUS,11,3,,
36952,7613036862295,,Nescafé,"Café em cápsulas dolce gusto intenso, 16 cápsulas",,5.85,5.85,16,,€/Unidade,,,https://driveimg1.intermarche.com/pt/Content/images/boitmal/produit/zoom/E961429E3414F1C39643E5CB1F2C82A7.jpg,,,,,,2025-05-21T23:59:59.999999999+01:00,PROSPECTUS,11,3,,
4335,3600540829160,50.0,Narta men,"Desodorizante roll-on, invisimax",Embalagem de 50 ml,2.69,53.8,50,L,€/L,,,https://driveimg1.intermarche.com/pt/Content/images/boitmal/produit/zoom/A48BB816DCCE142F5DC4F8D9E2CEC850.jpg,,,,,,2025-05-21T23:59:59.999999999+01:00,PROSPECTUS,11,3,,
45326,5604260314256,,PorSi,Detergentes máquina lavar loiça next generation,30 pastilhas,5.54,5.54,0,,€/Unidade,,,https://driveimg1.intermarche.com/pt/Content/images/boitmal/produit/zoom/3877597C67E67FAF94A364481248DE61.jpg,,,,,,2025-05-21T23:59:59.999999999+01:00,PROSPECTUS,11,3,,
48157,5604260321261,1000.0,PorSi Viva Bem,Bebida de soja s/ açúcar,Embalagem de 1 litro,0.79,0.79,1000,L,€/L,,,https://driveimg1.intermarche.com/pt/Content/images/boitmal/produit/zoom/7C840C9AA80A8A587DE7E0362CD9F3E4.jpg,,,,,,2025-05-21T23:59:59.999999999+01:00,PROSPECTUS,11,3,,
11685,5601244202042,150.0,Terra Nostra,"Queijo flamengo, ralado, embalagem de 150g",,1.69,11.27,0,kg,€/Kg,,,https://driveimg1.intermarche.com/pt/Content/images/boitmal/produit/zoom/351CF2EDB4693C51DD474646AFC9D95E.jpg,,,,,,2025-05-21T23:59:59.999999999+01:00,PROSPECTUS,11,3,,
14315,8712566108626,525.0,Olá,"Callippo super mix, embalagem de 5 x 105 ml",,2.99,5.7,525,L,€/L,,Tipo de stockagem,https://driveimg1.intermarche.com/pt/Content/images/boitmal/produit/zoom/50F911D6BFEB14E2AB81FFF28A0267B6.jpg,,,,,,2025-05-21T23:59:59.999999999+01:00,PROSPECTUS,11,3,,
14854,2891117000000,2350.0,PorSi,Pato inteiro com miúdos,1 un = 2.250 kg (aprox.),10.53,4.48,0,,€/Kg,,,https://driveimg1.intermarche.com/pt/Content/images/boitmal/produit/zoom/E5F2031D60089F4C13D404725928D593.jpg,,,,,,2025-05-21T23:59:59.999999999+01:00,PROSPECTUS,11,3,,
25735,5000116112173,208.0,Capitão Iglo,"10 nuggets peito de frango e queijo, embalagem de 210g",,3.49,16.78,0,kg,€/Kg,,Tipo de stockagem,https://driveimg1.intermarche.com/pt/Content/images/boitmal/produit/zoom/C51CDDEB144DBFB12E5D153B5560BAD5.jpg,,,,,,2025-05-21T23:59:59.999999999+01:00,PROSPECTUS,11,3,,
2676,8410000809831,160.0,Artiach,"Bolachas chiquilin ositos de mel, embalagem de 160g",,1.69,10.56,0,kg,€/Kg,,,https://driveimg1.intermarche.com/pt/Content/images/boitmal/produit/zoom/7F651091C0FC8F1A45FAC9DC89A926AB.jpg,,,,,,2025-05-21T23:59:59.999999999+01:00,PROSPECTUS,11,3,,
28640,5054563030948,75.0,Aquafresh,Dentífrico Tripla Proteção,Embalagem de 75 ml,1.84,24.53,75,L,€/L,,,https://driveimg1.intermarche.com/pt/Content/images/boitmal/produit/zoom/3F822B9D22CAC67DC8DBD8698E3FBBBD.jpg,,,,,,2025-05-21T23:59:59.999999999+01:00,PROSPECTUS,11,3,,
30173,5607238032022,330.0,Casa de Mateus,"Doce de morango, embalagem de 330g",,2.59,7.85,0,kg,€/Kg,,,https://driveimg1.intermarche.com/pt/Content/images/boitmal/produit/zoom/2D6070A1F1EB4D27068EDD936E4C7823.jpg,,,,,,2025-05-21T23:59:59.999999999+01:00,PROSPECTUS,11,3,,
35983,5601027972735,700.0,Bimbo,Pão de forma torradas familiares,Embalagem de 700 g,1.99,2.84,0,kg,€/Kg,,,https://driveimg1.intermarche.com/pt/Content/images/boitmal/produit/zoom/6F4E1280EFC32C3DD99C945770A284F8.jpg,,,,,,2025-05-21T23:59:59.999999999+01:00,PROSPECTUS,11,3,,
419,8718114882536,50.0,Knorr,"Sopa de cebola, embalagem de 50g",,1.6,32.0,0,kg,€/Kg,,,https://driveimg1.intermarche.com/pt/Content/images/boitmal/produit/zoom/40DE8A4B0CCB6E254052E81CFB00180A.jpg,,,,,,2025-05-21T23:59:59.999999999+01:00,PROSPECTUS,11,3,,
43847,5604260303601,2000.0,PorSi,Sal para maquina loica 2k,Embalagem de 2 kg,0.79,0.4,0,kg,€/Kg,,,https://driveimg1.intermarche.com/pt/Content/images/boitmal/produit/zoom/D82E0D3BEDB9300391E79B76131FD377.jpg,https://driveimg1.intermarche.com/pt/Content/images/boitmal/produit/zoom/B794A5967EB64687E479EB017EFD747A.jpg,,,,,2025-05-21T23:59:59.999999999+01:00,PROSPECTUS,11,3,,
44809,7613035593756,1000.0,Nesquik,"Achocolatado em saco, embalagem de 1 kg",,6.59,6.59,0,kg,€/Kg,,,https://driveimg1.intermarche.com/pt/Content/images/boitmal/produit/zoom/B72BED7B45B21CF0D0F77A499251A582.jpg,,,,,,2025-05-21T23:59:59.999999999+01:00,PROSPECTUS,11,3,,
46298,5604260315062,500.0,PorSi,Legumes preparados para sopa de nabiça,500 g,1.79,3.58,0,kg,€/Kg,,,https://driveimg1.intermarche.com/pt/Content/images/boitmal/produit/zoom/C7E92A1C95B18E68353D28EC91F2F9BD.jpg,,,,,,2025-05-21T23:59:59.999999999+01:00,PROSPECTUS,11,3,,
47034,8714100827666,160.0,Knorr,"Caldo galinha receita económica, embalagem de 160g",,1.29,8.06,0,kg,€/Kg,,,https://driveimg1.intermarche.com/pt/Content/images/boitmal/produit/zoom/54D2297B42302C9BEB14DE9BF8F6F3CF.jpg,,,,,,2025-05-21T23:59:59.999999999+01:00,PROSPECTUS,11,3,,
51779,5604260327089,,PorSi,Detergentes máquina lavar loiça,60 pastilhas,3.79,3.79,0,,€/Unidade,,,https://driveimg1.intermarche.com/pt/Content/images/boitmal/produit/zoom/5D0E62FF3D9A0C755640BCC5F7832DD7.jpg,,,,,,2025-05-21T23:59:59.999999999+01:00,PROSPECTUS,11,3,,
8068,5011417544679,400.0,Finish,Abrilhantador p/ máquina de lavar loiça,Garrafa de 400 ml,3.99,9.98,400,L,€/L,,,https://driveimg1.intermarche.com/pt/Content/images/boitmal/produit/zoom/5D045CC65EE222532216DB5B0BF2A582.jpg,,,,,,2025-05-21T23:59:59.999999999+01:00,PROSPECTUS,11,3,,
9111,5601989001412,750.0,Monte Velho,"Vinho regional alentejano tinto, garrafa de 0.75 l",,3.89,5.19,750,L,€/L,,,https://driveimg1.intermarche.com/pt/Content/images/boitmal/produit/zoom/5313E203A06105D1BF7A5AD8308AD864.jpg,,,,,,2025-05-21T23:59:59.999999999+01:00,PROSPECTUS,11,3,,
10639,8712566395514,61.0,Knorr,"Sopa gourmet, cogumelos, embalagem de 60g",,1.99,32.62,0,kg,€/Kg,,,https://driveimg1.intermarche.com/pt/Content/images/boitmal/produit/zoom/37AB5E4154A122936DBF40F8E46CCD3D.jpg,,,,,,2025-05-21T23:59:59.999999999+01:00,PROSPECTUS,11,3,,
10859,3023290400395,230.0,Nestlé,"Iogurte mix in kit kat, embalagem de 2 x 115g",,2.09,9.09,0,kg,€/Kg,,,https://driveimg1.intermarche.com/pt/Content/images/boitmal/produit/zoom/46A338E8D7EAC63B8EF63808F7DF5998.jpg,,,,,,2025-05-21T23:59:59.999999999+01:00,PROSPECTUS,11,3,,
16493,8718951037939,500.0,Ajax,"Limpa vidros pistola, cristal, embalagem de 500 ml",,1.97,3.94,500,L,€/L,,,https://driveimg1.intermarche.com/pt/Content/images/boitmal/produit/zoom/B2152E81252C8B3ECCDB87063FC44E64.jpg,,,,,,2025-05-21T23:59:59.999999999+01:00,PROSPECTUS,11,3,,
16933,5604260277292,55.0,PorSi,Café em cápsulas fortíssimo,Embalagem de 55g,2.29,41.64,0,kg,€/Kg,,,https://driveimg1.intermarche.com/pt/Content/images/boitmal/produit/zoom/D2685B35A81DF08A80F802272D6D4C46.jpg,,,,,,2025-05-21T23:59:59.999999999+01:00,PROSPECTUS,11,3,,
19586,8435257028057,720.0,Longa vida,"Iogurte aroma 0% tutti fruti/coco, embalagem de 6 x 120g",,2.29,3.18,0,kg,€/Kg,,,https://driveimg1.intermarche.com/pt/Content/images/boitmal/produit/zoom/6FEC33DAE59256CBE3074F3F03199908.jpg,,,,,,2025-05-21T23:59:59.999999999+01:00,PROSPECTUS,11,3,,
29739,8410436324502,1300.0,Sonasol,"Lava Tudo Leite de Amêndoa, 1.3 l",,2.09,1.61,1300,L,€/L,,,https://driveimg1.intermarche.com/pt/Content/images/boitmal/produit/zoom/F0C3F7396A3707DA471842E1F133DA93.jpg,,,,,,2025-05-21T23:59:59.999999999+01:00,PROSPECTUS,11,3,,
30477,3083681070187,225.0,Bonduelle,"Milho doce, embalagem 3 x 75g",,1.78,7.91,0,kg,€/Kg,,,https://driveimg1.intermarche.com/pt/Content/images/boitmal/produit/zoom/21305BEE4D64377736F1C50D030AC0E3.jpg,,,,,,2025-05-21T23:59:59.999999999+01:00,PROSPECTUS,11,3,,
45405,3023290053508,150.0,Lindahls,"Pudim de baunilha + proteína, 150g",,1.49,9.93,0,kg,€/Kg,,,https://driveimg1.intermarche.com/pt/Content/images/boitmal/produit/zoom/CD482C5BF61320A2B85EA62D20469CB9.jpg,,,,,,2025-05-21T23:59:59.999999999+01:00,PROSPECTUS,11,3,,
49475,5601146570027,3750.0,Sagres,"Cerveja com álcool, pack 15 x 25 cl",,7.99,2.13,3750,L,€/L,,,https://driveimg1.intermarche.com/pt/Content/images/boitmal/produit/zoom/6F54A04F24F5E288DCF8E2FC9D030060.jpg,,,,,,2025-05-21T23:59:59.999999999+01:00,PROSPECTUS,11,3,,
51960,7622201735036,360.0,Royal,"Gelatina pronta tropical sem açúcar, 360g",,1.59,4.42,0,kg,€/Kg,,,https://driveimg1.intermarche.com/pt/Content/images/boitmal/produit/zoom/1F0658D68801762658A0CA910FD6D93C.jpg,,,,,,2025-05-21T23:59:59.999999999+01:00,PROSPECTUS,11,3,,
14344,3387390406719,150.0,Nestlé,"Barras de cereais nesquik, embalagem de 150g",,2.39,15.93,0,kg,€/Kg,,,https://driveimg1.intermarche.com/pt/Content/images/boitmal/produit/zoom/4878F7C89F5570C091D36337F3638AB8.jpg,,,,,,2025-05-21T23:59:59.999999999+01:00,PROSPECTUS,11,3,,
30181,5607238032107,345.0,Casa de Mateus,"Geleia de morango, embalagem de 345g",,2.99,8.67,0,kg,€/Kg,,,https://driveimg1.intermarche.com/pt/Content/images/boitmal/produit/zoom/B386B3AED2791B1ABC3F8E529297B645.jpg,,,,,,2025-05-21T23:59:59.999999999+01:00,PROSPECTUS,11,3,,
37444,7613036955799,250.0,Nestum,"Nestum zero mel, embalagem de 250g",,2.24,8.96,0,kg,€/Kg,,,https://driveimg1.intermarche.com/pt/Content/images/boitmal/produit/zoom/5B200610F8E9504D3552A7693F67BE32.jpg,,,,,,2025-05-21T23:59:59.999999999+01:00,PROSPECTUS,11,3,,
41447,5601082047812,,Delta Q,Café mythiq,Embalagem com 40 cápsulas,15.99,15.99,0,,€/Unidade,,,https://driveimg1.intermarche.com/pt/Content/images/boitmal/produit/zoom/B58BECEDE4BA3A9AAD2A25898792041E.jpg,,,,,,2025-05-21T23:59:59.999999999+01:00,PROSPECTUS,11,3,,
4315,3600540542861,400.0,Garnier,Champô Ultra Suave de abacate & karité,Embalagem de 400 ml,3.76,9.4,400,L,€/L,,,https://driveimg1.intermarche.com/pt/Content/images/boitmal/produit/zoom/5D548857F0BA2FC243E68F54B6437483.jpg,,,,,,2025-05-21T23:59:59.999999999+01:00,PROSPECTUS,11,3,,
47636,8412600018323,300.0,Bimbo,Bimbo® bagels sementes 4 un.,Embalagem de 300g,2.34,7.8,0,kg,€/Kg,,,https://driveimg1.intermarche.com/pt/Content/images/boitmal/produit/zoom/BF6C29E8954E6CC8FE9F7A9ADC699919.jpg,,,,,,2025-05-21T23:59:59.999999999+01:00,PROSPECTUS,11,3,,
48393,2757509000000,200.0,PorSi,"Bifinhos do Lombo de Porco Finíssimos, embalagem de 200g (aprox.)",,1.6,7.98,0,,€/Kg,,,https://driveimg1.intermarche.com/pt/Content/images/boitmal/produit/zoom/27981781C3C214C992EEFDB89F8AAD1B.jpg,,,,,,2025-05-21T23:59:59.999999999+01:00,PROSPECTUS,11,4,,
52015,7622201747442,360.0,Royal,"Gelatina pronta ananás sem açúcar, 360g",,1.59,4.42,0,kg,€/Kg,,,https://driveimg1.intermarche.com/pt/Content/images/boitmal/produit/zoom/6AA035845DC1CC2A0779179B0CC4F846.jpg,,,,,,2025-05-21T23:59:59.999999999+01:00,PROSPECTUS,11,4,,
52601,5601217137944,1710.0,Quanto,"Amaciador roupa concentrado rubi e jasmim, 95 doses",,3.99,2.33,1710,L,€/L,,,https://driveimg1.intermarche.com/pt/Content/images/boitmal/produit/zoom/F98E5B67EBAD53610C2B7527547160F8.jpg,,,,,,2025-05-21T23:59:59.999999999+01:00,PROSPECTUS,11,4,,
52883,8719200267824,1000.0,Planta,"Creme vegetal para barrar original, 1 kg",,4.99,4.99,0,kg,€/Kg,,,https://driveimg1.intermarche.com/pt/Content/images/boitmal/produit/zoom/936FEB2670E44E85562B9564D40B3E6A.jpg,https://driveimg1.intermarche.com/pt/Content/images/boitmal/produit/zoom/CBB4812E883E0A943660F7C5BD667E18.jpg,https://driveimg1.intermarche.com/pt/Content/images/boitmal/produit/zoom/CBB4812E883E0A943660F7C5BD667E18.jpg,,,,2025-05-21T23:59:59.999999999+01:00,PROSPECTUS,11,4,,
10512,8435250439577,232.0,Nestlé,"Iogurte mix in nesquik, embalagem de 2 x 115g",,2.09,9.01,0,kg,€/Kg,,,https://driveimg1.intermarche.com/pt/Content/images/boitmal/produit/zoom/6C2207480393D760FBF1824B2B4CD877.jpg,,,,,,2025-05-21T23:59:59.999999999+01:00,PROSPECTUS,11,4,,
14337,3387390320008,141.0,Nestlé,"Barras fitness com chocolate, embalagem de 140g",,2.39,16.95,0,kg,€/Kg,,,https://driveimg1.intermarche.com/pt/Content/images/boitmal/produit/zoom/60AE623A4FF700F6FDA38FA5729DE5A4.jpg,,,,,,2025-05-21T23:59:59.999999999+01:00,PROSPECTUS,11,4,,
14377,8000500111581,300.0,Kinder,"Kinder chocolate t24, embalagem de 300g",,3.89,12.97,0,kg,€/Kg,,,https://driveimg1.intermarche.com/pt/Content/images/boitmal/produit/zoom/E8A2467B20C1E342D2131412ED738009.jpg,,,,,,2025-05-21T23:59:59.999999999+01:00,PROSPECTUS,11,4,,
18426,3600541887817,400.0,Garnier,Champô Ultra Suave Delicias de Aveia,Embalagem de 400 ml,3.76,9.4,400,L,€/L,,,https://driveimg1.intermarche.com/pt/Content/images/boitmal/produit/zoom/FB3520AB0507187656A408B0D650CF4F.jpg,,,,,,2025-05-21T23:59:59.999999999+01:00,PROSPECTUS,11,4,,
2577,7622210252074,190.0,Triunfo,"Bolachas de aveia, embalagem de 190g",,1.49,7.84,0,kg,€/Kg,,,https://driveimg1.intermarche.com/pt/Content/images/boitmal/produit/zoom/AE3D9564668042C19B50FE39B27D13F1.jpg,,,,,,2025-05-21T23:59:59.999999999+01:00,PROSPECTUS,11,4,,
35652,5603722517440,750.0,Mimosa,"Bebida cálcio sem lactose + proteína, embalagem de 3 x 250 ml",,2.69,3.59,750,L,€/L,,,https://driveimg1.intermarche.com/pt/Content/images/boitmal/produit/zoom/3BF01E4C848A88E512E9DE591C8608E4.jpg,https://driveimg1.intermarche.com/pt/Content/images/boitmal/produit/zoom/125C9D1092125B3BF7F626465A710366.jpg,https://driveimg1.intermarche.com/pt/Content/images/boitmal/produit/zoom/D55403D07574DB9841CBC2E986BD092B.jpg,https://driveimg1.intermarche.com/pt/Content/images/boitmal/produit/zoom/9CE43F9767873E3B88A8F371593A237D.jpg,,,2025-05-21T23:59:59.999999999+01:00,PROSPECTUS,11,4,,
38312,8410104702663,,Finish,"Limpa máquinas de loiça limão, embalagem com 250 ml",,3.99,3.99,1,,€/Unidade,,,https://driveimg1.intermarche.com/pt/Content/images/boitmal/produit/zoom/543AF0EA0E513D87A0B6AA970DE2490B.jpg,,,,,,2025-05-21T23:59:59.999999999+01:00,PROSPECTUS,11,4,,
41895,5000116125784,220.0,Capitão Iglo,"12 nuggets frango polme americano, embalagem de 220g",,3.49,15.86,0,kg,€/Kg,,Tipo de stockagem,https://driveimg1.intermarche.com/pt/Content/images/boitmal/produit/zoom/E342C1C812C93A809F88301C9A1AFE84.jpg,,,,,,2025-05-21T23:59:59.999999999+01:00,PROSPECTUS,11,4,,
433,8722700086703,80.0,Knorr,"Caldo para arroz 8 cubos, embalagem de 80g",,1.49,18.63,0,kg,€/Kg,,,https://driveimg1.intermarche.com/pt/Content/images/boitmal/produit/zoom/86EF0F3A35369BBBB925F997B7F539F0.jpg,,,,,,2025-05-21T23:59:59.999999999+01:00,PROSPECTUS,11,4,,
44804,3023290048924,150.0,Lindahls,"Pudim de chocolate + proteína, 150g",,1.49,9.93,0,kg,€/Kg,,,https://driveimg1.intermarche.com/pt/Content/images/boitmal/produit/zoom/989B5F16D9E5F4A7EB2B3AE42115DF4A.jpg,,,,,,2025-05-21T23:59:59.999999999+01:00,PROSPECTUS,11,4,,
8801,5601244201960,350.0,Terra Nostra,"Queijo flamengo, bola quartos, embalagem de 350g",,3.49,9.97,0,kg,€/Kg,,,https://driveimg1.intermarche.com/pt/Content/images/boitmal/produit/zoom/6383E3291BF534B2B32E49FC441DAF9D.jpg,,,,,,2025-05-21T23:59:59.999999999+01:00,PROSPECTUS,11,4,,
8808,5601252107094,250.0,Gallo,"Vinagre vinho branco, garrafa 250ml",,1.29,5.16,250,L,€/L,,,https://driveimg1.intermarche.com/pt/Content/images/boitmal/produit/zoom/0BA26199C027C9616D0DF2F5F2C3C85C.jpg,,,,,,2025-05-21T23:59:59.999999999+01:00,PROSPECTUS,11,4,,
11960,5603722505300,250.0,Mimosa,"Manteiga magra, embalagem de 250g",,2.04,8.16,0,kg,€/Kg,,,https://driveimg1.intermarche.com/pt/Content/images/boitmal/produit/zoom/C74CBDA10A089507D586E060E46ABF03.jpg,https://driveimg1.intermarche.com/pt/Content/images/boitmal/produit/zoom/C2F91C79228A3ADF27E4AEC55908D66D.jpg,https://driveimg1.intermarche.com/pt/Content/images/boitmal/produit/zoom/8234260C017BAB3AE2C659FDE5BBED44.jpg,,,,2025-05-21T23:59:59.999999999+01:00,PROSPECTUS,11,4,,
15810,3094900059593,75.0,Aquafresh,Pasta Dentífrica Menta Suave,Embalagem de 75 ml,1.84,24.53,75,L,€/L,,,https://driveimg1.intermarche.com/pt/Content/images/boitmal/produit/zoom/23BC1431AAB789532FD2967AA69D21DC.jpg,,,,,,2025-05-21T23:59:59.999999999+01:00,PROSPECTUS,11,4,,
16780,8001480023307,700.0,Neoblanc,Gel WC Flores,Embalagem de 700 ml,1.49,2.13,700,L,€/L,,,https://driveimg1.intermarche.com/pt/Content/images/boitmal/produit/zoom/5D87D2909856E8874A999239B80A7102.jpg,,,,,,2025-05-21T23:59:59.999999999+01:00,PROSPECTUS,11,4,,
18942,5601989950086,750.0,Monte Velho,"Vinho rosé, região do alentejo, garrafa de 0,75 l",,3.99,5.32,750,L,€/L,,,https://driveimg1.intermarche.com/pt/Content/images/boitmal/produit/zoom/492FA643C4A4901779ACEB329DDE602F.jpg,,,,,,2025-05-21T23:59:59.999999999+01:00,PROSPECTUS,11,4,,
19046,5000116110414,480.0,Capitão Iglo,"8 hamburguers sem glúten frango, embalagem de 480g",,7.99,16.65,0,kg,€/Kg,,Tipo de stockagem,https://driveimg1.intermarche.com/pt/Content/images/boitmal/produit/zoom/B74DC0C9C4A898B602612BD394B808F5.jpg,,,,,,2025-05-21T23:59:59.999999999+01:00,PROSPECTUS,11,4,,
19558,5601252113583,500.0,Gallo,"Vinagre balsâmico modena, 500 ml",,3.19,6.38,500,L,€/L,,,https://driveimg1.intermarche.com/pt/Content/images/boitmal/produit/zoom/CC1BF04200D104F2656D4D4967E443A9.jpg,,,,,,2025-05-21T23:59:59.999999999+01:00,PROSPECTUS,11,4,,
20032,5602947000010,750.0,Quinta da Pacheca,Vinho tinto doc douro,Garrafa de 750 ml,5.49,7.32,750,L,€/L,,,https://driveimg1.intermarche.com/pt/Content/images/boitmal/produit/zoom/7E98EA253AD421BB8B156D996574E752.jpg,,,,,,2025-05-21T23:59:59.999999999+01:00,PROSPECTUS,11,4,,
30174,5607238032046,345.0,Casa de Mateus,"Doce tomate, embalagem de 350g",,2.59,7.51,0,kg,€/Kg,,,https://driveimg1.intermarche.com/pt/Content/images/boitmal/produit/zoom/68BD498836252129F5A5B26010C2955F.jpg,,,,,,2025-05-21T23:59:59.999999999+01:00,PROSPECTUS,11,4,,
35766,8722700231974,525.0,Olá,"Gelado calippo morango, embalagem de 5 x 105 ml",,2.99,5.7,525,L,€/L,,Tipo de stockagem,https://driveimg1.intermarche.com/pt/Content/images/boitmal/produit/zoom/531730A222ACEDBD98926EAA599E0283.jpg,,,,,,2025-05-21T23:59:59.999999999+01:00,PROSPECTUS,11,4,,
37602,5603722518782,,Castelões,"Queijo curado pequeno, embalagem de 500g",,6.99,6.99,1,,€/Unidade,,,https://driveimg1.intermarche.com/pt/Content/images/boitmal/produit/zoom/5DFFAAD500F2992E98C505840753B8C7.jpg,,,,,,2025-05-21T23:59:59.999999999+01:00,PROSPECTUS,11,4,,
38970,5603722518805,,Castelões,"Queijo curado -30% gordura, 500 g",,6.99,6.99,1,,€/Unidade,,,https://driveimg1.intermarche.com/pt/Content/images/boitmal/produit/zoom/72A7031F9A56666D6A179BF7A6411A71.jpg,,,,,,2025-05-21T23:59:59.999999999+01:00,PROSPECTUS,11,4,,
40596,5601151974018,1750.0,Pepsi,"Refrigerante com gás regular, garrafa de 1.75 l",,1.59,0.91,1750,L,€/L,,,https://driveimg1.intermarche.com/pt/Content/images/boitmal/produit/zoom/7B807BAC9125C9023E2C7A157C242AE7.jpg,,,,,,2025-05-21T23:59:59.999999999+01:00,PROSPECTUS,11,4,,
48232,5604260314126,125.0,PorSi,Paté fígado de porco,Frasco com 125 g,1.29,10.32,0,kg,€/Kg,,,https://driveimg1.intermarche.com/pt/Content/images/boitmal/produit/zoom/5855E6BC045FEB74B54A04B749DBA0CF.jpg,,,,,,2025-05-21T23:59:59.999999999+01:00,PROSPECTUS,11,4,,
48257,2892120000000,150.0,Fruta,Maçã Evelina Perlim,Categoria: II,0.34,2.29,0,,€/Kg,,,https://driveimg1.intermarche.com/pt/Content/images/boitmal/produit/zoom/3BDBEF60CE1A61E8725F4EC5D0B0E2FB.jpg,,,,,,2025-05-21T23:59:59.999999999+01:00,PROSPECTUS,11,4,,
51751,8720181338502,435.0,Cif,"Spray remove bolores, 435 ml",,2.49,5.72,435,L,€/L,,,https://driveimg1.intermarche.com/pt/Content/images/boitmal/produit/zoom/380C503403FDBF9BBCD37132FDE8F56E.jpg,,,,,,2025-05-21T23:59:59.999999999+01:00,PROSPECTUS,11,4,,
51959,7622201735012,360.0,Royal,"Gelatina pronta morango sem açúcar, 360g",,1.59,4.42,0,kg,€/Kg,,,https://driveimg1.intermarche.com/pt/Content/images/boitmal/produit/zoom/3D03A571D29D5962C7FFE956BB753FCB.jpg,,,,,,2025-05-21T23:59:59.999999999+01:00,PROSPECTUS,11,4,,
53044,8720181368769,4320.0,Omo,"Detergente roupa máquina líquido, 96 doses",,8.99,2.08,4320,L,€/L,,,https://driveimg1.intermarche.com/pt/Content/images/boitmal/produit/zoom/30BA46CDC8291B3E0F7206BAD1197FAE.jpg,,,,,,2025-05-21T23:59:59.999999999+01:00,PROSPECTUS,11,4,,
543,3228881083241,30.0,Lipton,"20 saquetas chá digestão fácil, embalagem de 30g",,2.09,69.67,0,kg,€/Kg,,,https://driveimg1.intermarche.com/pt/Content/images/boitmal/produit/zoom/62C3C7BA99F1F998410EDAE6BAC40CDF.jpg,,,,,,2025-05-21T23:59:59.999999999+01:00,PROSPECTUS,11,4,,
6361,8410108088886,,Evax,"Pensos diários salva slip, maxi",72 unidades,3.74,3.74,0,,€/Unidade,,,https://driveimg1.intermarche.com/pt/Content/images/boitmal/produit/zoom/D2AD73C19FB456BCA71DDA378C40F745.jpg,,,,,,2025-05-21T23:59:59.999999999+01:00,PROSPECTUS,11,4,,
951,5601010131217,120.0,Ramirez,"Atum posta em óleo, embalagem de 120g",,1.16,9.67,0,kg,€/Kg,,,https://driveimg1.intermarche.com/pt/Content/images/boitmal/produit/zoom/A9FA65BDF4D5D30164F11C66D8B5677D.jpg,,,,,,2025-05-21T23:59:59.999999999+01:00,PROSPECTUS,11,4,,
9809,5608527000418,750.0,Dona Ermelinda,"Vinho doc palmela branco, garrafa de 750 ml",,3.99,5.32,750,L,€/L,,,https://driveimg1.intermarche.com/pt/Content/images/boitmal/produit/zoom/1FDDF041D96430B5D392DF60F29C95A2.jpg,,,,,,2025-05-21T23:59:59.999999999+01:00,PROSPECTUS,11,4,,
12146,5604260272785,750.0,Selecção de Enófilos,Espumoso moscato,"Garrafa de 0,75 l",3.25,4.33,750,L,€/L,,,https://driveimg1.intermarche.com/pt/Content/images/boitmal/produit/zoom/0A0A98BE17ADBF48ECEC0D2D97B4EA6E.jpg,,,,,,2025-05-21T23:59:59.999999999+01:00,PROSPECTUS,11,4,,
12253,7622210293602,168.0,Triunfo,"Bolachas de manteiga, embalagem de 170g",,1.59,9.46,0,kg,€/Kg,,,https://driveimg1.intermarche.com/pt/Content/images/boitmal/produit/zoom/A82AA44F13232924ADB7909EA770597A.jpg,,,,,,2025-05-21T23:59:59.999999999+01:00,PROSPECTUS,11,4,,
