identifier,produitEan13,capacite,marque,libelle,conditionnement,prix,unitPrice,volume,typeProduit_uniteByCode,unit_value,pictogrammes_0,pictogrammes_libelleCategorie,images_0,images_1,images_2,images_3,images_4,images_5,images_6,images_7,avantages_dateFin,avantages_categorie,nro_paginas,page
9241,5603016000788,750.0,Adega de Pegões,"Vinho branco regional península de setúbal, 750 ml",,1.49,1.99,750,L,€/L,,,https://driveimg1.intermarche.com/pt/Content/images/boitmal/produit/zoom/33F7981A583CA4EF224AA511FB4C706C.jpg,,,,,,,,2026-01-28T23:59:59Z,PROSPECTUS,14,1
19022,5603722509742,800.0,Agros,"Leite com chocolate, embalagem de 4 x 200 ml",,1.49,1.86,800,L,€/L,,,https://driveimg1.intermarche.com/pt/Content/images/boitmal/produit/zoom/86A34AF1051A1750347A4FF58912A923.jpg,,,,,,,,2026-01-28T23:59:59Z,PROSPECTUS,14,1
55715,8436048965575,118.0,Artiach,"Bolachas Filipinos Caramelo Salgado, 118g",,1.39,11.78,0,kg,€/Kg,,,https://driveimg1.intermarche.com/pt/Content/images/boitmal/produit/zoom/72CF06F89514BCE7B1CA4F6864790490.jpg,,,,,,,,2026-01-28T23:59:59Z,PROSPECTUS,14,1
989,5601029004014,120.0,Bom Petisco,"Atum posta em óleo, embalagem de 120g",,1.19,9.92,0,kg,€/Kg,,,https://driveimg1.intermarche.com/pt/Content/images/boitmal/produit/zoom/0EDE399096BE62933DCF2A734D746C1A.jpg,,,,,,,,2026-01-28T23:59:59Z,PROSPECTUS,14,1
1012,5601043111026,1000.0,Branca de neve,"Farinha de Trigo Super Fina com Fermento, emb. 1 kg",,1.59,1.59,0,kg,€/Kg,,,https://driveimg1.intermarche.com/pt/Content/images/boitmal/produit/zoom/2C1F82D915B4FA8DB609B4607A05BC7E.jpg,,,,,,,,2026-01-28T23:59:59Z,PROSPECTUS,14,1
1434,5601260037109,1000.0,Cigala,"Arroz agulha, embalagem de 1 kg",,1.29,1.29,0,kg,€/Kg,,,https://driveimg1.intermarche.com/pt/Content/images/boitmal/produit/zoom/B3D52BC13D571B9BC6634FD987C80F3C.jpg,,,,,,,,2026-01-28T23:59:59Z,PROSPECTUS,14,1
57585,3600523586349,400.0,Elvive,"Champô Elvive Dream Long, emb. 400 ml",,3.79,9.48,400,L,€/L,,,https://driveimg1.intermarche.com/pt/Content/images/boitmal/produit/zoom/A08AAA160D70335374868EE6F725FC69.jpg,,,,,,,,2026-01-28T23:59:59Z,PROSPECTUS,14,1
54396,3600523625741,300.0,Elvive,"Condicionador Dream Long, 300ml",,3.79,12.63,300,L,€/L,,,https://driveimg1.intermarche.com/pt/Content/images/boitmal/produit/zoom/5B861BB844DCC60C232A0802F8263CAF.jpg,,,,,,,,2026-01-28T23:59:59Z,PROSPECTUS,14,1
32158,4015400917328,480.0,Fairy,"Detergente Liquido da Loiça Limão, 480 ml",,2.39,4.98,480,L,€/L,,,https://driveimg1.intermarche.com/pt/Content/images/boitmal/produit/zoom/4E2BD689329F214554584573973F36ED.jpg,,,,,,,,2026-01-28T23:59:59Z,PROSPECTUS,14,1
1230,5601146232512,1500.0,Joi,"Refrigerante sem gás, maracujá e la, garrafa de 1,5 l",,1.15,0.77,1500,L,€/L,,,https://driveimg1.intermarche.com/pt/Content/images/boitmal/produit/zoom/430468AF369DBE1139E298A0EA69B620.jpg,,,,,,,,2026-01-28T23:59:59Z,PROSPECTUS,14,1
26593,8711000357576,,LOr,"Café ristretto intensidade 11, 10 cápsulas",,3.49,3.49,10,,€/Unidade,,,https://driveimg1.intermarche.com/pt/Content/images/boitmal/produit/zoom/2EAEB37E8B795B71A4A771BA06ECE034.jpg,https://driveimg1.intermarche.com/pt/Content/images/boitmal/produit/zoom/365CDCB84568CD244FD438D6B6B31A4D.jpg,https://driveimg1.intermarche.com/pt/Content/images/boitmal/produit/zoom/365CDCB84568CD244FD438D6B6B31A4D.jpg,https://driveimg1.intermarche.com/pt/Content/images/boitmal/produit/zoom/365CDCB84568CD244FD438D6B6B31A4D.jpg,https://driveimg1.intermarche.com/pt/Content/images/boitmal/produit/zoom/365CDCB84568CD244FD438D6B6B31A4D.jpg,https://driveimg1.intermarche.com/pt/Content/images/boitmal/produit/zoom/365CDCB84568CD244FD438D6B6B31A4D.jpg,https://driveimg1.intermarche.com/pt/Content/images/boitmal/produit/zoom/365CDCB84568CD244FD438D6B6B31A4D.jpg,,2026-01-28T23:59:59Z,PROSPECTUS,14,1
1467,5601286236784,500.0,Milaneza,"Massa de espirais, embalagem de 500g",,0.99,1.98,0,kg,€/Kg,,,https://driveimg1.intermarche.com/pt/Content/images/boitmal/produit/zoom/90F3AD9985391E2BB3C76374F1217643.jpg,,,,,,,,2026-01-28T23:59:59Z,PROSPECTUS,14,1
53044,8720181368769,4320.0,Omo,"Detergente roupa máquina líquido, 96 doses",,7.99,1.85,4320,L,€/L,,,https://driveimg1.intermarche.com/pt/Content/images/boitmal/produit/zoom/30BA46CDC8291B3E0F7206BAD1197FAE.jpg,,,,,,,,2026-01-28T23:59:59Z,PROSPECTUS,14,1
19414,5601028024716,,Renova,"Papel Higiénico Puríssimo 3 Folhas, embalagem c/ 12 rolos",,4.79,4.79,0,,€/Unidade,,,https://driveimg1.intermarche.com/pt/Content/images/boitmal/produit/zoom/6371FB49C9F37CFE36AA4E28DFBAAFF4.jpg,,,,,,,,2026-01-28T23:59:59Z,PROSPECTUS,14,1
15879,5601164902282,3000.0,Super Bock,"Cerveja com Álcool Mini, emb. 15 x 20 cl",,6.89,2.3,3000,L,€/L,,,https://driveimg1.intermarche.com/pt/Content/images/boitmal/produit/zoom/F51CB7668EA2A2D5B4B811ABB528133B.jpg,,,,,,,,2026-01-28T23:59:59Z,PROSPECTUS,14,1
57315,8720181748486,700.0,Vaseline,"Gel de Banho Hidra essencial, emb. 700 ml",,2.79,3.99,700,L,€/L,,,https://driveimg1.intermarche.com/pt/Content/images/boitmal/produit/zoom/5426F5B0A85038D36CF06D79E0739C8E.jpg,,,,,,,,2026-01-28T23:59:59Z,PROSPECTUS,14,1
12906,2892001000000,100.0,Fruta,Clementinas,1 un = 100 gr (aprox.),0.18,1.79,0,,€/Kg,,,https://driveimg1.intermarche.com/pt/Content/images/boitmal/produit/zoom/91DC72E142D597026B000E92136FFB70.jpg,,,,,,,,2026-01-28T23:59:59Z,PROSPECTUS,14,1
12994,2892524000000,100.0,Legumes,Cenoura Granel,1 un = 100 gr (aprox.),0.09,0.89,0,,€/Kg,,,https://driveimg1.intermarche.com/pt/Content/images/boitmal/produit/zoom/5AEDEF3ED6ABEF24EACEE9C46AA7916F.jpg,,,,,,,,2026-01-28T23:59:59Z,PROSPECTUS,14,1
13934,2891062000000,250.0,Porco,Rojões,1 un = 250 gr  (aprox.),0.87,3.49,0,,€/Kg,,,https://driveimg1.intermarche.com/pt/Content/images/boitmal/produit/zoom/925F2FDC1F925A7FD71EE6165315B22E.jpg,,,,,,,,2026-01-28T23:59:59Z,PROSPECTUS,14,1
13866,2891048000000,1000.0,Porco,Bifanas,Vendido ao peso a partir de 1 kg,3.49,3.49,0,,€/Kg,,,https://driveimg1.intermarche.com/pt/Content/images/boitmal/produit/zoom/72DE0DA6B485199AC995C629E3E4D279.jpg,,,,,,,,2026-01-28T23:59:59Z,PROSPECTUS,14,1
13914,2891225000000,350.0,Frango,Perna com Costa,1 un. = 300 g (aprox.),0.8,2.29,0,,€/Kg,,,https://driveimg1.intermarche.com/pt/Content/images/boitmal/produit/zoom/D1297D1CD095629263E582A65B4C3857.jpg,,,,,,,,2026-01-28T23:59:59Z,PROSPECTUS,14,1
41719,5604260303793,90.0,PorSi,Puré de Fruta Maçã Banana 90g,,0.59,6.56,0,kg,€/Kg,,,https://driveimg1.intermarche.com/pt/Content/images/boitmal/produit/zoom/2E481D69677BD2CA4465286377A9A6E3.jpg,,,,,,,,2026-01-28T23:59:59Z,PROSPECTUS,14,1
8383,5601049132995,1000.0,Mimosa,"Leite uht meio gordo, embalagem de 1litro",,0.9,0.9,1000,L,€/L,,,https://driveimg1.intermarche.com/pt/Content/images/boitmal/produit/zoom/6FB52C843F677BD37D399D45BB10B38B.jpg,https://driveimg1.intermarche.com/pt/Content/images/boitmal/produit/zoom/AE810093A08CEBD60415DCC626CF5804.jpg,https://driveimg1.intermarche.com/pt/Content/images/boitmal/produit/zoom/A0562293538F541B1B99592AA046327B.jpg,,,,,,2026-01-28T23:59:59Z,PROSPECTUS,14,1
13894,2891044000000,1000.0,Porco,Entremeada sem Entrecosto,Vendido ao peso a partir de 1 kg,3.49,3.49,0,,€/Kg,,,https://driveimg1.intermarche.com/pt/Content/images/boitmal/produit/zoom/033DDCE7C7F9A9CD99F0A4BEB2F74462.jpg,,,,,,,,2026-01-28T23:59:59Z,PROSPECTUS,14,1
36745,2892275000000,300.0,Fruta,Pera conference categoria: II,Vendido ao peso a partir de 300 g,0.57,1.89,0,,€/Kg,,,https://driveimg1.intermarche.com/pt/Content/images/boitmal/produit/zoom/8BF458478FD63452D2100C106D192E00.jpg,,,,,,,,2026-01-28T23:59:59Z,PROSPECTUS,14,1
8396,5601049614330,250.0,Milhafre,"Manteiga com sal, embalagem de 250g",,2.19,8.76,0,kg,€/Kg,,,https://driveimg1.intermarche.com/pt/Content/images/boitmal/produit/zoom/8DCB9F2F3B36086D35B7173891ABA268.jpg,,,,,,,,2026-01-28T23:59:59Z,PROSPECTUS,14,1
13897,2891053000000,1000.0,Porco,Lombo sem Osso,Vendido ao peso a partir de 1 kg,3.49,3.49,0,,€/Kg,,,https://driveimg1.intermarche.com/pt/Content/images/boitmal/produit/zoom/415564DA70574ED3C1D7475F1F28BDB6.jpg,,,,,,,,2026-01-28T23:59:59Z,PROSPECTUS,14,1
12888,2892090000000,500.0,Fruta,Manga Avião,1 un=500 gr (aprox.),1.95,3.89,0,,€/Kg,,,https://driveimg1.intermarche.com/pt/Content/images/boitmal/produit/zoom/842EA0C904154D230A3A6F63A245D264.jpg,,,,,,,,2026-01-28T23:59:59Z,PROSPECTUS,14,1
30958,5449000957955,3500.0,Coca-Cola,"Refrigerante com Gás Cola Zero, emb. 2 x 1,75 lt",,3.29,0.94,3500,L,€/L,,,https://driveimg1.intermarche.com/pt/Content/images/boitmal/produit/zoom/F2EAD17F7ACB8ABDBC63DEE76B961767.jpg,,,,,,,,2026-01-28T23:59:59Z,PROSPECTUS,14,1
41718,5604260303823,90.0,PorSi,Puré de Fruta Maçã Manga Pessego 90g,,0.59,6.56,0,kg,€/Kg,,,https://driveimg1.intermarche.com/pt/Content/images/boitmal/produit/zoom/9B27C39372BB074FB232EB9A2E0BB35A.jpg,,,,,,,,2026-01-28T23:59:59Z,PROSPECTUS,14,1
41720,5604260303786,90.0,PorSi,Puré de Fruta Maçã Banana e Morango 90g,,0.59,6.56,0,kg,€/Kg,,,https://driveimg1.intermarche.com/pt/Content/images/boitmal/produit/zoom/EB59B6CAE9A8CD6FFFC194AC89C34DBC.jpg,,,,,,,,2026-01-28T23:59:59Z,PROSPECTUS,14,1
1730,5604260000319,250.0,PorSi,Massa Cuscus 250g,,0.48,1.92,0,kg,€/Kg,,,https://driveimg1.intermarche.com/pt/Content/images/boitmal/produit/zoom/46EBB016676D295FEB6BDF8AF4C79600.jpg,,,,,,,,2026-01-28T23:59:59Z,PROSPECTUS,14,1
20845,4015400846789,,Dodot,Fraldas Recém Nascido Sensitive | Tamanho 2 - 4-8 kg,Embalagem c/ 58 unidades,12.69,12.69,0,,€/Unidade,,,https://driveimg1.intermarche.com/pt/Content/images/boitmal/produit/zoom/63EC8BDD23C53956A77A4B02EC337DBE.jpg,https://driveimg1.intermarche.com/pt/Content/images/boitmal/produit/zoom/DC6466B752B89E9E5AA5C794BD4F7833.jpg,https://driveimg1.intermarche.com/pt/Content/images/boitmal/produit/zoom/DC6466B752B89E9E5AA5C794BD4F7833.jpg,https://driveimg1.intermarche.com/pt/Content/images/boitmal/produit/zoom/DC6466B752B89E9E5AA5C794BD4F7833.jpg,https://driveimg1.intermarche.com/pt/Content/images/boitmal/produit/zoom/DC6466B752B89E9E5AA5C794BD4F7833.jpg,https://driveimg1.intermarche.com/pt/Content/images/boitmal/produit/zoom/DC6466B752B89E9E5AA5C794BD4F7833.jpg,,,2026-01-28T23:59:59Z,PROSPECTUS,14,1
27629,5604260282845,500.0,PorSi,Iogurte Natural 4x125g,,0.8,1.6,0,kg,€/Kg,,,https://driveimg1.intermarche.com/pt/Content/images/boitmal/produit/zoom/4C81FD0AD483BCDBB41B470432B5F2B0.jpg,,,,,,,,2026-01-28T23:59:59Z,PROSPECTUS,14,1
41716,5604260303809,90.0,PorSi,Puré Fruta Multifrutos Maçã / Pêssego / Banana / Pera 90g,,0.59,6.56,0,kg,€/Kg,,,https://driveimg1.intermarche.com/pt/Content/images/boitmal/produit/zoom/1CAFF4A82E080C7A12967171C7D2027F.jpg,,,,,,,,2026-01-28T23:59:59Z,PROSPECTUS,14,1
5788,5604260033447,200.0,PorSi,Chouriço Corrente 200g,,1.19,5.95,0,kg,€/Kg,,,https://driveimg1.intermarche.com/pt/Content/images/boitmal/produit/zoom/92DD7C79E00E3F96B89DDD048D065D1C.jpg,,,,,,,,2026-01-28T23:59:59Z,PROSPECTUS,14,1
13821,2892597000000,200.0,Legumes,Tomate Cacho,1 un = 200 gr (aprox.),0.38,1.89,0,,€/Kg,,,https://driveimg1.intermarche.com/pt/Content/images/boitmal/produit/zoom/FD67F77AFAB450B6A4FA38E0279E6686.jpg,,,,,,,,2026-01-28T23:59:59Z,PROSPECTUS,14,1
1480,5601314000073,9000.0,Vitalis,"Água sem Gás, emb. 6 x 1,5 lt",,2.75,0.31,9000,L,€/L,,,https://driveimg1.intermarche.com/pt/Content/images/boitmal/produit/zoom/DA3E69EB6FBF3CE3F3256CE592DB9A52.jpg,,,,,,,,2026-01-28T23:59:59Z,PROSPECTUS,14,1
1726,5604260000272,250.0,PorSi,Massa Pevide 250g,,0.48,1.92,0,kg,€/Kg,,,https://driveimg1.intermarche.com/pt/Content/images/boitmal/produit/zoom/A4A2080D7D2A6FF3E0E1E1CA80D0F6AC.jpg,,,,,,,,2026-01-28T23:59:59Z,PROSPECTUS,14,1
17272,2891375000000,800.0,Novilho,Carne p/ Estufar,Vendido ao peso a partir de 800 g,9.59,11.99,0,,€/Kg,,,https://driveimg1.intermarche.com/pt/Content/images/boitmal/produit/zoom/74A9E71258207F3FD300DB35B0F5BB18.jpg,,,,,,,,2026-01-28T23:59:59Z,PROSPECTUS,14,1
31516,8435257039107,1280.0,Nestlé,"Yoggi liquido morango, embalagem de 8x160g",,3.89,3.04,0,kg,€/Kg,,,https://driveimg1.intermarche.com/pt/Content/images/boitmal/produit/zoom/919C3780A665F064AD1803A3631A5911.jpg,,,,,,,,2026-01-28T23:59:59Z,PROSPECTUS,14,1
42776,5604260304714,200.0,PorSi,Fiambre da Pá Fatiado 200g,,1.59,7.95,0,kg,€/Kg,,,https://driveimg1.intermarche.com/pt/Content/images/boitmal/produit/zoom/96696B16BD79A06D0941D803193430BB.jpg,https://driveimg1.intermarche.com/pt/Content/images/boitmal/produit/zoom/4BF6C4B7F27D2FA729AB427C5AFC4D32.jpg,https://driveimg1.intermarche.com/pt/Content/images/boitmal/produit/zoom/4BF6C4B7F27D2FA729AB427C5AFC4D32.jpg,https://driveimg1.intermarche.com/pt/Content/images/boitmal/produit/zoom/4BF6C4B7F27D2FA729AB427C5AFC4D32.jpg,https://driveimg1.intermarche.com/pt/Content/images/boitmal/produit/zoom/4BF6C4B7F27D2FA729AB427C5AFC4D32.jpg,https://driveimg1.intermarche.com/pt/Content/images/boitmal/produit/zoom/4BF6C4B7F27D2FA729AB427C5AFC4D32.jpg,https://driveimg1.intermarche.com/pt/Content/images/boitmal/produit/zoom/4BF6C4B7F27D2FA729AB427C5AFC4D32.jpg,https://driveimg1.intermarche.com/pt/Content/images/boitmal/produit/zoom/4BF6C4B7F27D2FA729AB427C5AFC4D32.jpg,2026-01-28T23:59:59Z,PROSPECTUS,14,1
53469,5601028019941,,Renova,Rolo Cozinha Máxima Absorção Extra XXL,Embalagem de 2 unidades,1.99,1.99,2,,€/Unidade,,,https://driveimg1.intermarche.com/pt/Content/images/boitmal/produit/zoom/F4A90C9D477EA88B96B77E4FB64FF1F5.jpg,,,,,,,,2026-01-28T23:59:59Z,PROSPECTUS,14,1
1468,5601286250780,500.0,Milaneza,"Massa maçarronete riscado, embalagem de 500g",,0.99,1.98,0,kg,€/Kg,,,https://driveimg1.intermarche.com/pt/Content/images/boitmal/produit/zoom/BA4109E5185276DFC6B9D6597899335A.jpg,,,,,,,,2026-01-28T23:59:59Z,PROSPECTUS,14,1
17229,5602125000160,300.0,Legumes,"Cogumelo branco, embalagem de 300g",,1.49,4.97,0,kg,€/Kg,,,https://driveimg1.intermarche.com/pt/Content/images/boitmal/produit/zoom/66BAD1DC458E812967002A5594A14E2C.jpg,,,,,,,,2026-01-28T23:59:59Z,PROSPECTUS,14,1
19166,5604260274185,1000.0,PorSi,Kiwi,embalagem de 1Kg,2.79,2.79,0,kg,€/Kg,,,https://driveimg1.intermarche.com/pt/Content/images/boitmal/produit/zoom/4B3FD551DB4B491A1542FF19FDA92048.jpg,,,,,,,,2026-01-28T23:59:59Z,PROSPECTUS,14,1
28608,5604260282821,640.0,PorSi,Iogurte Líquido Frutos Tropicais 4x160g,,1.34,2.09,0,kg,€/Kg,,,https://driveimg1.intermarche.com/pt/Content/images/boitmal/produit/zoom/B152BCFD6AE7E62A7FDFE1104F2B5961.jpg,,,,,,,,2026-01-28T23:59:59Z,PROSPECTUS,14,1
36170,5604260295654,1000.0,PorSi,Batata Pré-frita Palitos 1kg,Embalagem de 1 kg,1.85,1.85,0,kg,€/Kg,,Tipo de stockagem,https://driveimg1.intermarche.com/pt/Content/images/boitmal/produit/zoom/3CCF0DFFCA76AEE7F401DF2681D9A02B.jpg,,,,,,,,2026-01-28T23:59:59Z,PROSPECTUS,14,1
37745,5604260301874,400.0,PorSi,Grão-de-bico Cozido Frasco 540g,Frasco com 540 g,0.85,2.13,0,kg,€/Kg,,,https://driveimg1.intermarche.com/pt/Content/images/boitmal/produit/zoom/ABBBFB42757051E49B0E75B4C2EB061F.jpg,,,,,,,,2026-01-28T23:59:59Z,PROSPECTUS,14,1
37864,5604260273461,800.0,PorSi,Bolacha Maria Dourada 800g,,1.69,2.11,0,kg,€/Kg,,,https://driveimg1.intermarche.com/pt/Content/images/boitmal/produit/zoom/1D93C33BEF79A481BDF1C6B62762CF0E.jpg,,,,,,,,2026-01-28T23:59:59Z,PROSPECTUS,14,1
42625,5604260309832,1000.0,PorSi,Farinha de Trigo Tipo 55 - sem Fermento 1 kg,,0.59,0.59,0,kg,€/Kg,,,https://driveimg1.intermarche.com/pt/Content/images/boitmal/produit/zoom/8BA5AF4FE5B96F57DBB9F2E83E893466.jpg,,,,,,,,2026-01-28T23:59:59Z,PROSPECTUS,14,1
46919,2782188000000,600.0,PorSi,"Canjinha de Frango, embalagem de 600g (aprox.)",,2.21,3.69,0,,€/Kg,,,https://driveimg1.intermarche.com/pt/Content/images/boitmal/produit/zoom/A71DE7C009681F0BB65F84174F205062.jpg,,,,,,,,2026-01-28T23:59:59Z,PROSPECTUS,14,1
49554,5604260323661,,PorSi,Toalhitas Bebé Recarga Agilidade 4x72,Embalagem de 4 x 72 unidades,3.19,3.19,0,,€/Unidade,,,https://driveimg1.intermarche.com/pt/Content/images/boitmal/produit/zoom/A55A5882013405A1E736BD7B20EAB60C.jpg,,,,,,,,2026-01-28T23:59:59Z,PROSPECTUS,14,1
9315,5603722509544,1000.0,Mimosa,"Leite 0% lactose magro, de 1l",,0.99,0.99,1000,L,€/L,,,https://driveimg1.intermarche.com/pt/Content/images/boitmal/produit/zoom/0350D0DE44A653A9AB01722B06443E94.jpg,https://driveimg1.intermarche.com/pt/Content/images/boitmal/produit/zoom/DC5219EC1E15E09529E323B7D196FADA.jpg,https://driveimg1.intermarche.com/pt/Content/images/boitmal/produit/zoom/DC48BFFA4281D8016E9FB40168ED4485.jpg,,,,,,2026-01-28T23:59:59Z,PROSPECTUS,14,1
978,5601024134136,750.0,Oliveira da Serra,Azeite,Embalagem de 750 ml,3.69,4.92,750,L,€/L,,,https://driveimg1.intermarche.com/pt/Content/images/boitmal/produit/zoom/9CC9A85673AA0BF0B09481F106398AA6.jpg,,,,,,,,2026-01-28T23:59:59Z,PROSPECTUS,14,1
12107,5604260266609,320.0,PorSi,Napolitanas Creme de Cacau,,1.77,5.53,0,kg,€/Kg,,,https://driveimg1.intermarche.com/pt/Content/images/boitmal/produit/zoom/7E715318E7923DFB0EA8242531AE3823.jpg,,,,,,,,2026-01-28T23:59:59Z,PROSPECTUS,14,1
12884,2892009000000,200.0,Fruta,Limão,1 un = 200 gr (aprox.),0.26,1.29,0,,€/Kg,,,https://driveimg1.intermarche.com/pt/Content/images/boitmal/produit/zoom/5223F19D9F11D77A77B2577CB1D4D05C.jpg,,,,,,,,2026-01-28T23:59:59Z,PROSPECTUS,14,1
12939,2892073000000,100.0,Legumes,Gengibre,1 un = 100 gr (aprox.),0.39,3.89,0,,€/Kg,,,https://driveimg1.intermarche.com/pt/Content/images/boitmal/produit/zoom/5DD27F4B431D4A23DEA88B654F1DDE48.jpg,,,,,,,,2026-01-28T23:59:59Z,PROSPECTUS,14,1
12996,2892526000000,250.0,Legumes,Chuchu,1 un = 250 gr  (aprox.),0.57,2.29,0,,€/Kg,,,https://driveimg1.intermarche.com/pt/Content/images/boitmal/produit/zoom/9B3515E273EECDE0B69B6402C7F1BEB4.jpg,,,,,,,,2026-01-28T23:59:59Z,PROSPECTUS,14,1
13954,2891192000000,500.0,Porco,Tiras da Costela/Piano,1 un = 500 gr (aprox.),3.3,6.59,0,,€/Kg,,,https://driveimg1.intermarche.com/pt/Content/images/boitmal/produit/zoom/7D0B09E93398DFB0B31D06D5AFBD6B99.jpg,,,,,,,,2026-01-28T23:59:59Z,PROSPECTUS,14,1
1460,5601286222787,500.0,Milaneza,"Massa Cotovelinhos, emb. 500 gr",,0.99,1.98,0,kg,€/Kg,,,https://driveimg1.intermarche.com/pt/Content/images/boitmal/produit/zoom/49B04C2917E036F30360190A48027326.jpg,,,,,,,,2026-01-28T23:59:59Z,PROSPECTUS,14,1
14847,2892476000000,100.0,Programa Origens,Alho Seco,Vendido a partir de 100 gr,0.55,5.49,0,,€/Kg,,,https://driveimg1.intermarche.com/pt/Content/images/boitmal/produit/zoom/CFA3B1E723D71FB9BFAE5D5B250C3BB3.jpg,,,,,,,,2026-01-28T23:59:59Z,PROSPECTUS,14,1
23278,5604260281282,250.0,Porsi Programa Origens,Salada Toscana 250 G,,1.19,4.76,0,kg,€/Kg,,,https://driveimg1.intermarche.com/pt/Content/images/boitmal/produit/zoom/829819BF310BA689C7002E0655E64BF5.jpg,,,,,,,,2026-01-28T23:59:59Z,PROSPECTUS,14,1
36728,5604260294343,1000.0,PorSi,Arroz Carolino 1000g,,1.09,1.09,0,kg,€/Kg,,,https://driveimg1.intermarche.com/pt/Content/images/boitmal/produit/zoom/E73547DEDC8C241F694472535154DB1E.jpg,,,,,,,,2026-01-28T23:59:59Z,PROSPECTUS,14,1
36802,8001090139504,,Dodot,Toalhitas básico,embalagem com 54 unidades,0.97,0.97,0,,€/Unidade,,,https://driveimg1.intermarche.com/pt/Content/images/boitmal/produit/zoom/F1107019760B8AA1979363639B76868E.jpg,,,,,,,,2026-01-28T23:59:59Z,PROSPECTUS,14,1
37744,5604260301805,400.0,PorSi,Feijao Manteiga Cozido Frasco 540g,Frasco com 540 g,0.85,2.13,0,kg,€/Kg,,,https://driveimg1.intermarche.com/pt/Content/images/boitmal/produit/zoom/B9B74EE9D5F4C86738772A5B6758433E.jpg,,,,,,,,2026-01-28T23:59:59Z,PROSPECTUS,14,1
41717,5604260303816,90.0,PorSi,Puré de Fruta Maçã Pera 90g,,0.59,6.56,0,kg,€/Kg,,,https://driveimg1.intermarche.com/pt/Content/images/boitmal/produit/zoom/5127251097DF39368C903E9B3834E6D6.jpg,,,,,,,,2026-01-28T23:59:59Z,PROSPECTUS,14,1
44258,5410126716016,250.0,Lotus,"Bolachas biscoff, embalagem de 250g",,1.89,7.56,0,kg,€/Kg,,,https://driveimg1.intermarche.com/pt/Content/images/boitmal/produit/zoom/991677C76CFA3916388F6515CFE95FE5.jpg,,,,,,,,2026-01-28T23:59:59Z,PROSPECTUS,14,1
44902,5601286248787,500.0,Milaneza,"Massa conchas, 500g",,0.99,1.98,0,kg,€/Kg,,,https://driveimg1.intermarche.com/pt/Content/images/boitmal/produit/zoom/47B035D4D71BAB8FACEBBDD297C9B9B8.jpg,,,,,,,,2026-01-28T23:59:59Z,PROSPECTUS,14,1
45758,5604260286591,500.0,PorSi,Bolachas com Recheio Sabor Chocolate 500 G,,1.49,2.98,0,kg,€/Kg,,,https://driveimg1.intermarche.com/pt/Content/images/boitmal/produit/zoom/519049251E0BD7439B4E15173D8DEB35.jpg,,,,,,,,2026-01-28T23:59:59Z,PROSPECTUS,14,1
48040,5604260320615,640.0,Porsi Vivabem,Iogurte Líquido Magro Frutos Vermelhos 4x160g,,1.29,2.02,0,kg,€/Kg,,,https://driveimg1.intermarche.com/pt/Content/images/boitmal/produit/zoom/A4279AEF35ED360CFDE5A7B8499B9C67.jpg,https://driveimg1.intermarche.com/pt/Content/images/boitmal/produit/zoom/8BCFC316C76164C4EB30E1CA8663C5AA.jpg,,,,,,,2026-01-28T23:59:59Z,PROSPECTUS,14,1
1010,5601038300091,240.0,Knorr,"Caldo de Galinha Cubos, emb. 240 gr (24 un)",,2.49,10.38,0,kg,€/Kg,,,https://driveimg1.intermarche.com/pt/Content/images/boitmal/produit/zoom/4E25834255892D5C9C1047A286FE9847.jpg,,,,,,,,2026-01-28T23:59:59Z,PROSPECTUS,14,1
1135,5601082022758,250.0,Delta,"Café Moído Torrado Moagem Máquina Lote Chávena Int 12, emb. 250 gr",Embalagem de 250g,3.99,15.96,0,kg,€/Kg,,,https://driveimg1.intermarche.com/pt/Content/images/boitmal/produit/zoom/13E9F03FF8FB53EE57516E14277CD628.jpg,,,,,,,,2026-01-28T23:59:59Z,PROSPECTUS,14,1
12956,2892018000000,300.0,Fruta,Toranja,1 un = 300 gr  (aprox.),0.51,1.69,0,,€/Kg,,,https://driveimg1.intermarche.com/pt/Content/images/boitmal/produit/zoom/5661C6DE99350EFE2394616DF60B82DB.jpg,,,,,,,,2026-01-28T23:59:59Z,PROSPECTUS,14,1
13977,2696106000000,,Pastelaria,Folhado de Maçã,1 unidade= 100 g,0.75,0.75,0,,€/Unidade,,,https://driveimg1.intermarche.com/pt/Content/images/boitmal/produit/zoom/C92497D9C6A75CD832651E848AF344C3.jpg,,,,,,,,2026-01-28T23:59:59Z,PROSPECTUS,14,1
13981,2696138000000,60.0,Pastelaria,Pastel de Nata,60 g,0.33,5.5,0,kg,€/Kg,,,https://driveimg1.intermarche.com/pt/Content/images/boitmal/produit/zoom/EA9B10BF07D95E268418206A452F7022.jpg,,,,,,,,2026-01-28T23:59:59Z,PROSPECTUS,14,1
15156,2892099000000,500.0,Fruta,Papaia Avião,1 un = 500 g (aprox.),1.95,3.89,0,,€/Kg,,,https://driveimg1.intermarche.com/pt/Content/images/boitmal/produit/zoom/103067E524772C956478A94460D63E34.jpg,,,,,,,,2026-01-28T23:59:59Z,PROSPECTUS,14,1
1611,5601736901293,250.0,Mar Ibérica,"Cubos de Tamboril, emb. 250 gr",Embalagem de 250 g,3.39,13.56,0,kg,€/Kg,,Tipo de stockagem,https://driveimg1.intermarche.com/pt/Content/images/boitmal/produit/zoom/B7F6A60B0D063C4286B9079B713072D6.jpg,,,,,,,,2026-01-28T23:59:59Z,PROSPECTUS,14,1
18488,5600744051013,220.0,Saborosa,"Bolacha de manteiga belga original, embalagem de 220g",,1.49,6.77,0,kg,€/Kg,,,https://driveimg1.intermarche.com/pt/Content/images/boitmal/produit/zoom/435E3C8EAE2EA4A45A8BB3A81B14CF20.jpg,,,,,,,,2026-01-28T23:59:59Z,PROSPECTUS,14,1
24838,5601164903722,7500.0,Super Bock,"Cerveja com Álcool Mini, emb. 30 x 25 cl",,14.95,1.99,7500,L,€/L,,,https://driveimg1.intermarche.com/pt/Content/images/boitmal/produit/zoom/F70F225DD8BCAD2EFB4E63DAAFD05BBF.jpg,,,,,,,,2026-01-28T23:59:59Z,PROSPECTUS,14,1
25883,5449000008763,1500.0,Fanta,"Refrigerante com Gás Laranja, emb. 1,5 lt",,0.99,0.66,1500,L,€/L,,,https://driveimg1.intermarche.com/pt/Content/images/boitmal/produit/zoom/FC51AAD13F2C3DD9969EDD9F1221FFFF.jpg,,,,,,,,2026-01-28T23:59:59Z,PROSPECTUS,14,1
34239,5604260285495,1500.0,PorSi,Pera rocha categoria II Programa Origens,Embalagem de 1.5 kg,2.49,1.66,0,kg,€/Kg,,,https://driveimg1.intermarche.com/pt/Content/images/boitmal/produit/zoom/F6E3096BF97BB2633EACD15A32FEACF7.jpg,https://driveimg1.intermarche.com/pt/Content/images/boitmal/produit/zoom/11ABC193A8AF1413E11E1849F00D2775.jpg,,,,,,,2026-01-28T23:59:59Z,PROSPECTUS,14,1
42837,5604260301645,800.0,PorSi,Mariscada 800g,,5.99,7.49,0,kg,€/Kg,,Tipo de stockagem,https://driveimg1.intermarche.com/pt/Content/images/boitmal/produit/zoom/89E86F34301A6FAB07ACAA44ED0B3DC4.jpg,https://driveimg1.intermarche.com/pt/Content/images/boitmal/produit/zoom/3AF80338884737A4D61D15EE7B350FE6.jpg,https://driveimg1.intermarche.com/pt/Content/images/boitmal/produit/zoom/3AF80338884737A4D61D15EE7B350FE6.jpg,https://driveimg1.intermarche.com/pt/Content/images/boitmal/produit/zoom/3AF80338884737A4D61D15EE7B350FE6.jpg,https://driveimg1.intermarche.com/pt/Content/images/boitmal/produit/zoom/3AF80338884737A4D61D15EE7B350FE6.jpg,https://driveimg1.intermarche.com/pt/Content/images/boitmal/produit/zoom/3AF80338884737A4D61D15EE7B350FE6.jpg,,,2026-01-28T23:59:59Z,PROSPECTUS,14,1
44059,5601363012683,160.0,LayS,"Batata frita lisas originais, embalagem de 160g",,1.44,9.0,0,kg,€/Kg,,,https://driveimg1.intermarche.com/pt/Content/images/boitmal/produit/zoom/D6B617CBD0A985504B50100E928DB47C.jpg,,,,,,,,2026-01-28T23:59:59Z,PROSPECTUS,14,1
47678,5604260319572,96.0,PorSi,Cápsulas Café Velutatto Cdgx16,,3.85,40.1,0,kg,€/Kg,,,https://driveimg1.intermarche.com/pt/Content/images/boitmal/produit/zoom/BE18676367C8B5BB22F7EEF5D41DB56F.jpg,,,,,,,,2026-01-28T23:59:59Z,PROSPECTUS,14,1
49463,8445290250322,600.0,Nestum,Flocos Cereais Mel,Embalagem de 600g,3.79,6.32,0,kg,€/Kg,,,https://driveimg1.intermarche.com/pt/Content/images/boitmal/produit/zoom/4A0A62606AC144021ED115E1FAB3D0CE.jpg,,,,,,,,2026-01-28T23:59:59Z,PROSPECTUS,14,1
51896,8719200253377,400.0,Planta,"Creme vegetal para barrar original, 400g",,2.54,6.35,0,kg,€/Kg,,,https://driveimg1.intermarche.com/pt/Content/images/boitmal/produit/zoom/0265DFAAA6CC23B5D28B5523E860ECEF.jpg,,,,,,,,2026-01-28T23:59:59Z,PROSPECTUS,14,1
11466,5601018004605,200.0,Gresso,Nata uht para bater 200 ml,,0.85,4.25,200,L,€/L,,,https://driveimg1.intermarche.com/pt/Content/images/boitmal/produit/zoom/6D55411BE639B830632A68D20D002036.jpg,,,,,,,,2026-01-28T23:59:59Z,PROSPECTUS,14,1
11755,5601511000623,400.0,Limiano,"Queijo fatias -50% de gordura, 400g",,4.39,10.98,0,kg,€/Kg,,,https://driveimg1.intermarche.com/pt/Content/images/boitmal/produit/zoom/1F49DD4803359F1338D0D32889490E90.jpg,,,,,,,,2026-01-28T23:59:59Z,PROSPECTUS,14,1
1189,5601119007987,250.0,Nobre,"Salsichas Frankfurt Originais Lata 10 un, emb. 250 gr",,1.67,6.68,0,kg,€/Kg,,,https://driveimg1.intermarche.com/pt/Content/images/boitmal/produit/zoom/0B023C2ECBDBE7AB09A89A8810925D65.jpg,,,,,,,,2026-01-28T23:59:59Z,PROSPECTUS,14,1
13817,2892582000000,250.0,Legumes,Pimento Verde,1 un = 250 gr  (aprox.),0.67,2.69,0,,€/Kg,,,https://driveimg1.intermarche.com/pt/Content/images/boitmal/produit/zoom/65E0131049B6BD4E669549F70B795EC0.jpg,,,,,,,,2026-01-28T23:59:59Z,PROSPECTUS,14,1
15096,2892241000000,150.0,Programa Origens,Maçã Starking,1 un = 150 gr (aprox.),0.27,1.79,0,,€/Kg,,,https://driveimg1.intermarche.com/pt/Content/images/boitmal/produit/zoom/45D914916E0B67242482E96135646B84.jpg,,,,,,,,2026-01-28T23:59:59Z,PROSPECTUS,14,1
1539,5601489135150,500.0,Du Bois de la Roche,"Bolachas Crackers com Sal, emb. 500 gr (20 un.)",,2.99,5.98,0,kg,€/Kg,,,https://driveimg1.intermarche.com/pt/Content/images/boitmal/produit/zoom/F0B5FA8856EDB5A939AB82442E09EFE5.jpg,,,,,,,,2026-01-28T23:59:59Z,PROSPECTUS,14,1
1725,5604260000265,250.0,PorSi,Massa Bagos 250g,,0.48,1.92,0,kg,€/Kg,,,https://driveimg1.intermarche.com/pt/Content/images/boitmal/produit/zoom/974FF28C753808191257D3DE1EC63B00.jpg,,,,,,,,2026-01-28T23:59:59Z,PROSPECTUS,14,1
1965,5604260061556,210.0,PorSi,Wafer Morango 210g,,1.17,5.57,0,kg,€/Kg,,,https://driveimg1.intermarche.com/pt/Content/images/boitmal/produit/zoom/712B0BFD0ABA25E98F7F0AF8A3313F75.jpg,,,,,,,,2026-01-28T23:59:59Z,PROSPECTUS,14,1
2250,5604260267699,330.0,Kingsbräu,"Cerveja Lata 0,33l",,0.39,1.18,330,L,€/L,,,https://driveimg1.intermarche.com/pt/Content/images/boitmal/produit/zoom/127155D3A5FEC751B6FBF1A24B762F45.jpg,,,,,,,,2026-01-28T23:59:59Z,PROSPECTUS,14,1
2749,8410063046532,350.0,Pescanova,"Miolo de Camarão 80/100, emb. 350 gr",,6.99,19.97,0,kg,€/Kg,,Tipo de stockagem,https://driveimg1.intermarche.com/pt/Content/images/boitmal/produit/zoom/0EA75135180DC26543A97F342303334A.jpg,,,,,,,,2026-01-28T23:59:59Z,PROSPECTUS,14,1
30414,4015400917304,480.0,Fairy,Detergente Liquido Loiça Original,480 ml,2.39,4.98,480,L,€/L,,,https://driveimg1.intermarche.com/pt/Content/images/boitmal/produit/zoom/BDA62A6B9333A70897E09AEAD0B62BBF.jpg,,,,,,,,2026-01-28T23:59:59Z,PROSPECTUS,14,1
32153,2894072000000,150.0,Elpozo,Peito de Peru 0% Gordura,Vendido ao peso,2.29,15.29,0,,€/Kg,,,https://driveimg1.intermarche.com/pt/Content/images/boitmal/produit/zoom/688C8E152DA42119AD2A86132D581878.jpg,,,,,,,,2026-01-28T23:59:59Z,PROSPECTUS,14,1
36906,5604260285624,,PorSi,Lenços de Papel Confort 4 Folhas,,1.99,1.99,0,,€/Unidade,,,https://driveimg1.intermarche.com/pt/Content/images/boitmal/produit/zoom/E36E120A5D9FC946B4B8AD84962A3C88.jpg,,,,,,,,2026-01-28T23:59:59Z,PROSPECTUS,14,1
40383,2696845000000,500.0,Padaria,Pão forma de Rio Maior,500 g,1.44,2.88,0,kg,€/Kg,,,https://driveimg1.intermarche.com/pt/Content/images/boitmal/produit/zoom/17337BA5BC6BED0E351797EFE70D6ACA.jpg,,,,,,,,2026-01-28T23:59:59Z,PROSPECTUS,14,2
41640,5604260301737,400.0,PorSi,Feijao Encarnado Cozido Frasco 540g,frasco de 540 g,0.85,2.13,0,kg,€/Kg,,,https://driveimg1.intermarche.com/pt/Content/images/boitmal/produit/zoom/C91F959C8FD02C2055DD0A1A4950A458.jpg,,,,,,,,2026-01-28T23:59:59Z,PROSPECTUS,14,2
45761,5604260316908,2000.0,PorSi,Cola Zero Lata 33cl,,0.43,0.22,2000,L,€/L,,,https://driveimg1.intermarche.com/pt/Content/images/boitmal/produit/zoom/7CD75D2B8CDD51D0ED71729D7AE1A654.jpg,,,,,,,,2026-01-28T23:59:59Z,PROSPECTUS,14,2
48280,5604260323210,,PorSi,Fraldas Premium T6 17-28 kg - 40 Unidades,,8.49,8.49,0,,€/Unidade,,,https://driveimg1.intermarche.com/pt/Content/images/boitmal/produit/zoom/B950359F977599B745889D6912F1E08A.jpg,,,,,,,,2026-01-28T23:59:59Z,PROSPECTUS,14,2
48779,8410199023117,150.0,LayS,"Batatas fritas com sabor a sal e vinagre, embalagem de 150g",,1.44,9.6,0,kg,€/Kg,,,https://driveimg1.intermarche.com/pt/Content/images/boitmal/produit/zoom/FA380F7857550C630972C34B56D1614D.jpg,,,,,,,,2026-01-28T23:59:59Z,PROSPECTUS,14,2
48862,5604260320592,640.0,Porsi Vivabem,Iogurte Líquido Magro Morango 4x160g,,1.35,2.11,0,kg,€/Kg,,,https://driveimg1.intermarche.com/pt/Content/images/boitmal/produit/zoom/7A77D9267199C24CFF08CB3E2AFF1971.jpg,,,,,,,,2026-01-28T23:59:59Z,PROSPECTUS,14,2
50405,8445290489173,900.0,Cerelac,"Papa Infantil Farinha Láctea +12M, emb. 900 gr",,5.49,6.1,0,kg,€/Kg,,,https://driveimg1.intermarche.com/pt/Content/images/boitmal/produit/zoom/79C2E535CBAB06EFF8E7EE2B8A2191BC.jpg,,,,,,,,2026-01-28T23:59:59Z,PROSPECTUS,14,2
52880,8719200267794,450.0,Becel,"Creme vegetal de barrar com sabor a manteiga, 450g",,3.89,8.64,0,kg,€/Kg,,,https://driveimg1.intermarche.com/pt/Content/images/boitmal/produit/zoom/E2EFE8BE5E96AF9FCA9D840059BF696C.jpg,https://driveimg1.intermarche.com/pt/Content/images/boitmal/produit/zoom/287D301C66C180312FAA8A3BAE7EA710.jpg,https://driveimg1.intermarche.com/pt/Content/images/boitmal/produit/zoom/287D301C66C180312FAA8A3BAE7EA710.jpg,https://driveimg1.intermarche.com/pt/Content/images/boitmal/produit/zoom/287D301C66C180312FAA8A3BAE7EA710.jpg,,,,,2026-01-28T23:59:59Z,PROSPECTUS,14,2
973,5601024105020,1000.0,Fula,"Óleo Alimentar, emb. 1 lt",Embalagem 1L,1.99,1.99,1000,L,€/L,,,https://driveimg1.intermarche.com/pt/Content/images/boitmal/produit/zoom/322383F88535C8A24498724B92188318.jpg,,,,,,,,2026-01-28T23:59:59Z,PROSPECTUS,14,2
10094,8435257040776,640.0,Nestlé,"Iogurte líquido yoggi banana, embalagem de 4 x 160 g",,1.99,3.11,0,kg,€/Kg,,,https://driveimg1.intermarche.com/pt/Content/images/boitmal/produit/zoom/6885FCEF2FEF4752D565E64A3BDEE242.jpg,,,,,,,,2026-01-28T23:59:59Z,PROSPECTUS,14,2
10274,8410436242172,1100.0,Sonasol,"Lava Tudo Brilhante Floral, embalagem 1,1l",,2.99,2.72,1100,L,€/L,,,https://driveimg1.intermarche.com/pt/Content/images/boitmal/produit/zoom/01F5925CB3ADDDABA2B9F66C7D55728C.jpg,,,,,,,,2026-01-28T23:59:59Z,PROSPECTUS,14,2
10463,5604260324163,250.0,PorSi,Gel Íntimo,Embalagem de 250 ml,1.79,7.16,250,L,€/L,,,https://driveimg1.intermarche.com/pt/Content/images/boitmal/produit/zoom/B588051D80FCE942C70A87697EAC487E.jpg,,,,,,,,2026-01-28T23:59:59Z,PROSPECTUS,14,2
10849,2895261000000,250.0,Dom Pedro,Queijo meio gordo,Vendido ao peso a partir de 250 gr,2.5,9.99,0,,€/Kg,,,https://driveimg1.intermarche.com/pt/Content/images/boitmal/produit/zoom/2E32C351CB5E4755DE882B4BFEA56EE3.jpg,,,,,,,,2026-01-28T23:59:59Z,PROSPECTUS,14,2
10859,3023290400395,230.0,Nestlé,"Iogurte mix in kit kat, embalagem de 2 x 115g",,2.19,9.52,0,kg,€/Kg,,,https://driveimg1.intermarche.com/pt/Content/images/boitmal/produit/zoom/46A338E8D7EAC63B8EF63808F7DF5998.jpg,,,,,,,,2026-01-28T23:59:59Z,PROSPECTUS,14,2
12109,5604260266623,315.0,PorSi,Croissants Recheados Cacau e Avelã,,1.57,4.98,0,kg,€/Kg,,,https://driveimg1.intermarche.com/pt/Content/images/boitmal/produit/zoom/214A50F57E12C1081CB4314DCEE96F82.jpg,,,,,,,,2026-01-28T23:59:59Z,PROSPECTUS,14,2
13567,2893562000000,250.0,Marisco,Ameijoa Castanha Vietnamita Congelada,vendido ao peso a partir de 250 g,0.82,3.29,0,,€/Kg,,Avantages !,https://driveimg1.intermarche.com/pt/Content/images/boitmal/produit/zoom/33CC3279E2741F227440A7AFDC3AEEF9.jpg,,,,,,,,2026-01-28T23:59:59Z,PROSPECTUS,14,2
13595,2893590000000,1000.0,Peixaria,Pescada Pequena da Argentina Congelada,1 un= 1kg (aprox.),3.59,3.59,0,,€/Kg,,Avantages !,https://driveimg1.intermarche.com/pt/Content/images/boitmal/produit/zoom/5B60FCB79F0EE3DFB58E35C4371D7EFC.jpg,,,,,,,,2026-01-28T23:59:59Z,PROSPECTUS,14,2
13781,2892323000000,250.0,Fruta,Uva Red Globe,1 un = 250 gr  (aprox.),0.87,3.49,0,,€/Kg,,,https://driveimg1.intermarche.com/pt/Content/images/boitmal/produit/zoom/0CB9D5C0FE47F5D642EA2D42574AAC35.jpg,,,,,,,,2026-01-28T23:59:59Z,PROSPECTUS,14,2
15566,8410063056180,250.0,Pescanova,"Miolo de Camarão Gigante 15/30 Ultracongelado, emb. 250 gr",,6.99,27.96,0,kg,€/Kg,,Tipo de stockagem,https://driveimg1.intermarche.com/pt/Content/images/boitmal/produit/zoom/BEE1FF3586E000AD085B4D38C7ACD034.jpg,,,,,,,,2026-01-28T23:59:59Z,PROSPECTUS,14,2
18298,5604260278459,640.0,PorSi,Iogurte Líquido Morango 4x160g,,1.34,2.09,0,kg,€/Kg,,,https://driveimg1.intermarche.com/pt/Content/images/boitmal/produit/zoom/BE51EE5E15324D84DD1CD633B09B61D4.jpg,,,,,,,,2026-01-28T23:59:59Z,PROSPECTUS,14,2
18489,5600744051020,198.0,Saborosa,"Bolacha de manteiga belga com chocolate, embalagem de 200g",,1.55,7.83,0,kg,€/Kg,,,https://driveimg1.intermarche.com/pt/Content/images/boitmal/produit/zoom/96C31A82D017146C1ADBA7AC747D4690.jpg,,,,,,,,2026-01-28T23:59:59Z,PROSPECTUS,14,2
19940,7613035619456,300.0,Nestlé,"Granola Aveia e Mel, emb. 300 gr",Embalagem de 300g,3.29,10.97,0,kg,€/Kg,,,https://driveimg1.intermarche.com/pt/Content/images/boitmal/produit/zoom/EAEAF515FE565B8F35270BCD3427077E.jpg,,,,,,,,2026-01-28T23:59:59Z,PROSPECTUS,14,2
20918,5000116110964,840.0,Capitão Iglo,"30 douradinhos, embalagem de 840g",,8.99,10.7,0,kg,€/Kg,,Tipo de stockagem,https://driveimg1.intermarche.com/pt/Content/images/boitmal/produit/zoom/3C52B0905F2F1ACE3D67359B13FE0331.jpg,,,,,,,,2026-01-28T23:59:59Z,PROSPECTUS,14,2
22307,5601019012647,390.0,Guloso,"Tomate em pedaços, embalagem de 390g",,1.46,3.74,0,kg,€/Kg,,,https://driveimg1.intermarche.com/pt/Content/images/boitmal/produit/zoom/85FEDF14479D5ED36078754920648A80.jpg,,,,,,,,2026-01-28T23:59:59Z,PROSPECTUS,14,2
23276,5604260281299,175.0,Porsi Programa Origens,Salada Gourmet 175 G,,1.09,6.23,0,kg,€/Kg,,,https://driveimg1.intermarche.com/pt/Content/images/boitmal/produit/zoom/4B8FE4793F676EB4D411F04A36543FE6.jpg,,,,,,,,2026-01-28T23:59:59Z,PROSPECTUS,14,2
250,2892150000000,300.0,Fruta,Abacate,1 un. = 300 g (aprox.),0.9,2.99,0,,€/Kg,,,https://driveimg1.intermarche.com/pt/Content/images/boitmal/produit/zoom/E9095394002D145B7F2ABE932415A1F1.jpg,,,,,,,,2026-01-28T23:59:59Z,PROSPECTUS,14,2
26772,5449000106186,3500.0,Coca-Cola,"Refrigerante com Gás Cola, emb. 2 x 1,75 lt",,3.77,1.08,3500,L,€/L,,,https://driveimg1.intermarche.com/pt/Content/images/boitmal/produit/zoom/A789E276311FA9DA8F07BCEEEA6CB731.jpg,,,,,,,,2026-01-28T23:59:59Z,PROSPECTUS,14,2
28640,5054563030948,75.0,Aquafresh,Dentífrico Tripla Proteção,Embalagem de 75 ml,1.84,24.53,75,L,€/L,,,https://driveimg1.intermarche.com/pt/Content/images/boitmal/produit/zoom/3F822B9D22CAC67DC8DBD8698E3FBBBD.jpg,,,,,,,,2026-01-28T23:59:59Z,PROSPECTUS,14,2
32551,5608527002764,750.0,Casa Ermelinda Freitas,"Vinho Vinha da Fonte Setúbal Tinto, garrafa 75 cl",Garrafa de 0.75 l,2.99,3.99,750,L,€/L,,,https://driveimg1.intermarche.com/pt/Content/images/boitmal/produit/zoom/06E0D835BF6FF987E9BF7993FA3DFA28.jpg,,,,,,,,2026-01-28T23:59:59Z,PROSPECTUS,14,2
3526,2894034000000,150.0,Nobre,Fiambre da Perna Extra,1 un = 150 gr (aprox.),2.4,15.99,0,,€/Kg,,,https://driveimg1.intermarche.com/pt/Content/images/boitmal/produit/zoom/C76D05EF052819EDC79567520AD2D260.jpg,,,,,,,,2026-01-28T23:59:59Z,PROSPECTUS,14,2
35474,8001841144849,,Dodot,Fraldas Recém Nascido Sensitive | Tamanho 3 - 6 a 10 kg,Embalagem c/ 58 unidades,14.89,14.89,0,,€/Unidade,,,https://driveimg1.intermarche.com/pt/Content/images/boitmal/produit/zoom/B31E10AB15DFDECEADBD81A9410308B3.jpg,https://driveimg1.intermarche.com/pt/Content/images/boitmal/produit/zoom/863DA9FE74A467CE5961F555DB6540FE.jpg,https://driveimg1.intermarche.com/pt/Content/images/boitmal/produit/zoom/863DA9FE74A467CE5961F555DB6540FE.jpg,https://driveimg1.intermarche.com/pt/Content/images/boitmal/produit/zoom/863DA9FE74A467CE5961F555DB6540FE.jpg,https://driveimg1.intermarche.com/pt/Content/images/boitmal/produit/zoom/863DA9FE74A467CE5961F555DB6540FE.jpg,,,,2026-01-28T23:59:59Z,PROSPECTUS,14,2
36729,5604260296804,480.0,PorSi,Pêssego Metades em Calda 840g,,1.99,4.15,0,kg,€/Kg,,,https://driveimg1.intermarche.com/pt/Content/images/boitmal/produit/zoom/6B402AC3951DE97E3A72B10B1D0F88FE.jpg,,,,,,,,2026-01-28T23:59:59Z,PROSPECTUS,14,2
36847,5604260286065,250.0,PorSi,Pimentão Doce Saqueta 250g,,2.25,9.0,0,kg,€/Kg,,,https://driveimg1.intermarche.com/pt/Content/images/boitmal/produit/zoom/7CFC476E6321DD10A19087DD49D770DB.jpg,,,,,,,,2026-01-28T23:59:59Z,PROSPECTUS,14,2
37811,5604260299737,,PorSi,Fraldas Recém-nascido T2 3-6 kg - 42 Unidades,,4.54,4.54,0,,€/Unidade,,,https://driveimg1.intermarche.com/pt/Content/images/boitmal/produit/zoom/6AB82E6932F758A4AAEF27FCD96C8FB5.jpg,,,,,,,,2026-01-28T23:59:59Z,PROSPECTUS,14,2
40749,5604260304158,1000.0,PorSi,Detergente Loiça Clássico 1l,Garrafa de 1 litro,0.89,0.89,1000,L,€/L,,,https://driveimg1.intermarche.com/pt/Content/images/boitmal/produit/zoom/AF2F1189F25F58E20EE8C7BA2141119A.jpg,,,,,,,,2026-01-28T23:59:59Z,PROSPECTUS,14,2
44250,8410376057577,220.0,Gullón,"Dibus bolachas magic, embalagem de 220g",,1.29,5.86,0,kg,€/Kg,,,https://driveimg1.intermarche.com/pt/Content/images/boitmal/produit/zoom/0D8BA36055A1A40085AD2B3BEA4B24AF.jpg,,,,,,,,2026-01-28T23:59:59Z,PROSPECTUS,14,2
47807,5604260316724,250.0,Porsi Select - Programa Origens,Secretos de Porco Preto do Alentejo 250 G,,3.99,15.96,0,kg,€/Kg,,,https://driveimg1.intermarche.com/pt/Content/images/boitmal/produit/zoom/A1188505A5921D717B8B546770374A47.jpg,,,,,,,,2026-01-28T23:59:59Z,PROSPECTUS,14,2
47950,5600356070723,1350.0,Super Pop,"Detergente Manual Loiça Limão, emb. 1,35 lt",1.2 litros + 150 ml,3.19,2.36,1350,L,€/L,,,https://driveimg1.intermarche.com/pt/Content/images/boitmal/produit/zoom/B41E367237ADE8F33316EB5D86BE5790.jpg,,,,,,,,2026-01-28T23:59:59Z,PROSPECTUS,14,2
49222,5604260322619,90.0,PorSi,Puré de Fruta Pêssego Maçã Banana 90g,,0.59,6.56,0,kg,€/Kg,,,https://driveimg1.intermarche.com/pt/Content/images/boitmal/produit/zoom/78C05D62DAF9544E31797E05A695FD1B.jpg,,,,,,,,2026-01-28T23:59:59Z,PROSPECTUS,14,2
5005,5601028000338,,Renova,"Guardanapos brancos, 33x33cm, 2 folhas, 90 unidades",Uma embalagem,1.19,1.19,0,,€/Unidade,,,https://driveimg1.intermarche.com/pt/Content/images/boitmal/produit/zoom/9F219BE4431DFB73ED0C83D11864E280.jpg,,,,,,,,2026-01-28T23:59:59Z,PROSPECTUS,14,2
51925,8711327587632,2000.0,Lipton,Ice tea lipton chá preto manga zero 2l,,1.99,1.0,2000,L,€/L,,,https://driveimg1.intermarche.com/pt/Content/images/boitmal/produit/zoom/241DBF240C312378317C24947EDC5453.jpg,,,,,,,,2026-01-28T23:59:59Z,PROSPECTUS,14,2
52889,8720181385094,945.0,Skip,"Detergente líquido máquina de roupa baby, 21 doses",,3.99,4.22,945,L,€/L,,,https://driveimg1.intermarche.com/pt/Content/images/boitmal/produit/zoom/88B9AA7AC23F4BC407E554F7DDCFF45B.jpg,https://driveimg1.intermarche.com/pt/Content/images/boitmal/produit/zoom/F71A2C4911172C11157AB331E2B3BEF3.jpg,https://driveimg1.intermarche.com/pt/Content/images/boitmal/produit/zoom/F71A2C4911172C11157AB331E2B3BEF3.jpg,,,,,,2026-01-28T23:59:59Z,PROSPECTUS,14,2
543,3228881083241,30.0,Lipton,"20 saquetas chá digestão fácil, embalagem de 30g",,2.35,78.33,0,kg,€/Kg,,,https://driveimg1.intermarche.com/pt/Content/images/boitmal/produit/zoom/62C3C7BA99F1F998410EDAE6BAC40CDF.jpg,,,,,,,,2026-01-28T23:59:59Z,PROSPECTUS,14,2
54365,8410104915209,,Finish,"Detergente Loiça Máquina Quantum Limão, 64 Pastilhas",,12.99,12.99,0,,€/Unidade,,,https://driveimg1.intermarche.com/pt/Content/images/boitmal/produit/zoom/D395D7FB7505791938B52E99053AC6D0.jpg,,,,,,,,2026-01-28T23:59:59Z,PROSPECTUS,14,2
54973,8700216488556,,Dodot,"Fraldas Sensitive 2-5kg T1, 58un.",,11.79,11.79,0,,€/Unidade,,,https://driveimg1.intermarche.com/pt/Content/images/boitmal/produit/zoom/1867BEED10FB790FE6E3E5B4FD0A9BC1.jpg,,,,,,,,2026-01-28T23:59:59Z,PROSPECTUS,14,2
57044,5604260333967,150.0,PorSi,Bloco Wc Multiativo Pinho 3x50g,,1.95,13.0,0,kg,€/Kg,,,https://driveimg1.intermarche.com/pt/Content/images/boitmal/produit/zoom/2C0E577A59183B64EC1AF56488492388.jpg,,,,,,,,2026-01-28T23:59:59Z,PROSPECTUS,14,2
6267,8016825926687,75.0,Aquafresh,Pasta dentífrica menta fresca,Embalagem de 75 ml,1.84,24.53,75,L,€/L,,,https://driveimg1.intermarche.com/pt/Content/images/boitmal/produit/zoom/5AF61545461116CEF40994D7E37A4C54.jpg,,,,,,,,2026-01-28T23:59:59Z,PROSPECTUS,14,2
10095,8435257040899,640.0,Nestlé,"Iogurte líquido yoggi morango, embalagem de 4 x 160g",,1.99,3.11,0,kg,€/Kg,,,https://driveimg1.intermarche.com/pt/Content/images/boitmal/produit/zoom/BCBB1C4518CDF8045B46EB41CD173E54.jpg,,,,,,,,2026-01-28T23:59:59Z,PROSPECTUS,14,2
10128,8006540836224,,Dodot,Toalhitas Pure 0% Plástico,Embalagem de 48 unidades,1.74,1.74,0,,€/Unidade,,,https://driveimg1.intermarche.com/pt/Content/images/boitmal/produit/zoom/A6A917F7D6C239B691DF2BB237C59C0C.jpg,,,,,,,,2026-01-28T23:59:59Z,PROSPECTUS,14,2
10509,8435250297955,256.0,Nestlé,"Iogurte mix in smarties baunilha, embalagem de 2 x 128 g",,2.19,8.55,0,kg,€/Kg,,,https://driveimg1.intermarche.com/pt/Content/images/boitmal/produit/zoom/5355941DC0922592DB9EDB46788FEE19.jpg,,,,,,,,2026-01-28T23:59:59Z,PROSPECTUS,14,2
1188,5601119007970,200.0,Nobre,"Salsichas Frankfurt Originais Lata 8 un, emb. 200 gr",,1.39,6.95,0,kg,€/Kg,,,https://driveimg1.intermarche.com/pt/Content/images/boitmal/produit/zoom/F480FC52D56464F3C1B867155F4A37B9.jpg,,,,,,,,2026-01-28T23:59:59Z,PROSPECTUS,14,2
12106,5604260266593,320.0,PorSi,Napolitanas Creme de Baunilha,,1.77,5.53,0,kg,€/Kg,,,https://driveimg1.intermarche.com/pt/Content/images/boitmal/produit/zoom/DD74E124716DAC476D4D2CC49FD2F04F.jpg,,,,,,,,2026-01-28T23:59:59Z,PROSPECTUS,14,2
12471,8435257040868,640.0,Nestlé,"Iogurte líquido yoggi morango/banana, embalagem de 4 x 160g",,1.99,3.11,0,kg,€/Kg,,,https://driveimg1.intermarche.com/pt/Content/images/boitmal/produit/zoom/E92C48D7A1A5BA67322D0E6250F5BAFF.jpg,,,,,,,,2026-01-28T23:59:59Z,PROSPECTUS,14,2
12797,3600521329900,75.0,Studio Line,"Cera cabelo, indestructible",Embalagem de 75 ml,4.49,59.87,75,L,€/L,,,https://driveimg1.intermarche.com/pt/Content/images/boitmal/produit/zoom/D83E22EED52EC12D4F39D7DF074B774B.jpg,,,,,,,,2026-01-28T23:59:59Z,PROSPECTUS,14,2
1328,5601165005760,15.0,Lipton,"10 saquetas infusão de cidreira, embalagem de 20g",,0.79,52.67,0,kg,€/Kg,,,https://driveimg1.intermarche.com/pt/Content/images/boitmal/produit/zoom/8EA72609B2FBFE9A06C9099CA2FDB5E1.jpg,,,,,,,,2026-01-28T23:59:59Z,PROSPECTUS,14,2
13599,2893594000000,500.0,Peixaria,Red Fish Grande Congelado,1 un = 500 gr (aprox.),2.5,4.99,0,,€/Kg,,Avantages !,https://driveimg1.intermarche.com/pt/Content/images/boitmal/produit/zoom/A3E98972B338DCF46BAA412A17BB9B0C.jpg,,,,,,,,2026-01-28T23:59:59Z,PROSPECTUS,14,2
14711,5601286402332,180.0,Nacional,"Bolacha alfa, embalagem de 180g",,1.04,5.78,0,kg,€/Kg,,,https://driveimg1.intermarche.com/pt/Content/images/boitmal/produit/zoom/EEAED8EB73A6124CF9DC2D1D89DF265E.jpg,,,,,,,,2026-01-28T23:59:59Z,PROSPECTUS,14,2
14726,8711100080060,400.0,Maizena,"Farinha, embalagem de 400g",,1.64,4.1,0,kg,€/Kg,,,https://driveimg1.intermarche.com/pt/Content/images/boitmal/produit/zoom/510CA0D1320DDBD17C988D55861FD3B8.jpg,,,,,,,,2026-01-28T23:59:59Z,PROSPECTUS,14,2
1538,5601489134153,500.0,Du Bois de la Roche,"Bolachas Crackers sem Sal, emb. 500 gr (20 un)",,2.99,5.98,0,kg,€/Kg,,,https://driveimg1.intermarche.com/pt/Content/images/boitmal/produit/zoom/A3AED4DA2D1415C7EB643F2D474CEC29.jpg,,,,,,,,2026-01-28T23:59:59Z,PROSPECTUS,14,2
15503,8410500018931,400.0,Danonino Danone,"Iogurte líquido danonino tutti frutti, embalagem de 4 x 100 g",,1.99,4.98,0,kg,€/Kg,,,https://driveimg1.intermarche.com/pt/Content/images/boitmal/produit/zoom/49D4DFA8C6DABEB79926D4F0312C64D8.jpg,,,,,,,,2026-01-28T23:59:59Z,PROSPECTUS,14,2
16420,5604260248070,250.0,PorSi,Creme Vegetal para Culinária 250g,,0.79,3.16,0,kg,€/Kg,,,https://driveimg1.intermarche.com/pt/Content/images/boitmal/produit/zoom/5C1DD5410179DEFA19B43035110F391B.jpg,,,,,,,,2026-01-28T23:59:59Z,PROSPECTUS,14,2
17114,5000116110148,320.0,Capitão Iglo,"4 hamburguers vaca sem glúten, embalagem de 320g",,5.99,18.72,0,kg,€/Kg,,Tipo de stockagem,https://driveimg1.intermarche.com/pt/Content/images/boitmal/produit/zoom/F31F98EC751272F860D1F790EE53DF35.jpg,,,,,,,,2026-01-28T23:59:59Z,PROSPECTUS,14,2
17920,5602417101575,5000.0,Courelas d'Alqueva,Vinho bag-in-box tinto,Garrafa de 5 l,5.99,1.2,5000,L,€/L,,,https://driveimg1.intermarche.com/pt/Content/images/boitmal/produit/zoom/470F8B5AC2034CF6D8076ACBA9F972B1.jpg,,,,,,,,2026-01-28T23:59:59Z,PROSPECTUS,14,2
19046,5000116110414,480.0,Capitão Iglo,"8 hamburguers sem glúten frango, embalagem de 480g",,8.99,18.73,0,kg,€/Kg,,Tipo de stockagem,https://driveimg1.intermarche.com/pt/Content/images/boitmal/produit/zoom/B74DC0C9C4A898B602612BD394B808F5.jpg,,,,,,,,2026-01-28T23:59:59Z,PROSPECTUS,14,2
19585,8435257033822,720.0,Longa vida,"Iogurte magro natural, embalagem de 6 x 120g",,2.39,3.32,0,kg,€/Kg,,,https://driveimg1.intermarche.com/pt/Content/images/boitmal/produit/zoom/0343709B1D70140B7336A86F6CAA12F8.jpg,,,,,,,,2026-01-28T23:59:59Z,PROSPECTUS,14,2
1966,5604260061563,210.0,PorSi,Wafer Chocolate 210g,,1.17,5.57,0,kg,€/Kg,,,https://driveimg1.intermarche.com/pt/Content/images/boitmal/produit/zoom/E154175D8E403083CFB63244310CB908.jpg,,,,,,,,2026-01-28T23:59:59Z,PROSPECTUS,14,2
20101,5601010131231,120.0,Ramirez,"Atum em Azeite, emb. 120 gr",,1.49,12.42,0,kg,€/Kg,,,https://driveimg1.intermarche.com/pt/Content/images/boitmal/produit/zoom/4E16DC667779622705519F8CE1EA40F5.jpg,,,,,,,,2026-01-28T23:59:59Z,PROSPECTUS,14,2
2091,5604260194087,1000.0,PorSi,Farinha Láctea 1kg,,5.29,5.29,0,kg,€/Kg,,,https://driveimg1.intermarche.com/pt/Content/images/boitmal/produit/zoom/8ED788A67C335ED68A86F5666D0A6B59.jpg,,,,,,,,2026-01-28T23:59:59Z,PROSPECTUS,14,2
2281,5604260270118,55.0,PorSi,Cápsulas Café Veneza Cnpx10,,2.29,41.64,0,kg,€/Kg,,,https://driveimg1.intermarche.com/pt/Content/images/boitmal/produit/zoom/D116B291766A226D4C93852C6F88B818.jpg,,,,,,,,2026-01-28T23:59:59Z,PROSPECTUS,14,2
23524,5000204922851,750.0,Pato,"Abrasivo Sanitário Gel Extra Power com Lixívia Marinho, emb. 750 ml",,1.69,2.25,750,L,€/L,,,https://driveimg1.intermarche.com/pt/Content/images/boitmal/produit/zoom/60268FF4016AF8FBA52DB6A9A88D181B.jpg,,,,,,,,2026-01-28T23:59:59Z,PROSPECTUS,14,2
2551,7622200007332,100.0,Milka,"Tablete chocolate de iogurte morango, embalagem de 100g",,1.99,19.9,0,kg,€/Kg,,,https://driveimg1.intermarche.com/pt/Content/images/boitmal/produit/zoom/533F68AFC62C37B47F6B4E510F6E55D3.jpg,,,,,,,,2026-01-28T23:59:59Z,PROSPECTUS,14,2
26061,5601082041735,220.0,Delta,"Café Moído Torrado Moagem Universal Origins Angola Int 13, emb. 220 gr",Embalagem de 220g,3.84,17.45,0,kg,€/Kg,,,https://driveimg1.intermarche.com/pt/Content/images/boitmal/produit/zoom/5D337D3866314BE280A581C05FCA725F.jpg,,,,,,,,2026-01-28T23:59:59Z,PROSPECTUS,14,2
27949,5604260281374,780.0,Porsi Programa Origens,Legumes para Creme de Cenoura 780 G,,1.79,2.29,0,kg,€/Kg,,,https://driveimg1.intermarche.com/pt/Content/images/boitmal/produit/zoom/3AED21A6B13883A6F82FA61F7DFC5250.jpg,,,,,,,,2026-01-28T23:59:59Z,PROSPECTUS,14,2
30713,8714100637562,330.0,Magnum,"Magnum mini intense dark 70%, embalagem de 6 x 55 ml",,4.49,13.61,330,L,€/L,,Tipo de stockagem,https://driveimg1.intermarche.com/pt/Content/images/boitmal/produit/zoom/B6FEDC1DE92C93F96A9F10C84FBE1B5A.jpg,https://driveimg1.intermarche.com/pt/Content/images/boitmal/produit/zoom/D57F829433EB7CA6987F1C9E83A03E1B.jpg,https://driveimg1.intermarche.com/pt/Content/images/boitmal/produit/zoom/D57F829433EB7CA6987F1C9E83A03E1B.jpg,https://driveimg1.intermarche.com/pt/Content/images/boitmal/produit/zoom/D57F829433EB7CA6987F1C9E83A03E1B.jpg,,,,,2026-01-28T23:59:59Z,PROSPECTUS,14,2
31436,5607233508829,750.0,Panrico,Pão de forma especial torradas,Embalagem de 750g,1.89,2.52,0,kg,€/Kg,,,https://driveimg1.intermarche.com/pt/Content/images/boitmal/produit/zoom/E55F9FC30ED3A9561F136B69689D41FE.jpg,,,,,,,,2026-01-28T23:59:59Z,PROSPECTUS,14,2
32408,5601050034967,600.0,Danone,"Danacol aveia, embalagem de 6 x 100g",,3.09,5.15,0,kg,€/Kg,,,https://driveimg1.intermarche.com/pt/Content/images/boitmal/produit/zoom/5CE656F263120C59B9C0953B21D516B7.jpg,,,,,,,,2026-01-28T23:59:59Z,PROSPECTUS,14,2
34760,7613036912709,28.0,Maggi,"Suculento no forno ervas, embalagem de 40g",,0.89,31.79,0,kg,€/Kg,,,https://driveimg1.intermarche.com/pt/Content/images/boitmal/produit/zoom/76C2A3A48D30703422BAF9E59F656EBB.jpg,,,,,,,,2026-01-28T23:59:59Z,PROSPECTUS,14,2
36272,5604260300723,414.0,PorSi,Maionese Top Down 414g,,1.68,4.06,0,kg,€/Kg,,,https://driveimg1.intermarche.com/pt/Content/images/boitmal/produit/zoom/8FCA627AE2DB4595C7AF33E2C707EA97.jpg,,,,,,,,2026-01-28T23:59:59Z,PROSPECTUS,14,2
36910,5604260326068,,PorSi,Fraldas agility T6 para + de 17 kg,30 unidades,5.69,5.69,0,,€/Unidade,,,https://driveimg1.intermarche.com/pt/Content/images/boitmal/produit/zoom/2D6509B4067EF4A8937FE7D6911507B8.jpg,,,,,,,,2026-01-28T23:59:59Z,PROSPECTUS,14,2
37045,5601217132659,500.0,Cillitbang,"Spray bolor e sujidade, garrafa de 500 ml",,2.49,4.98,500,L,€/L,,,https://driveimg1.intermarche.com/pt/Content/images/boitmal/produit/zoom/2A51671BCEA4544BF377B06769DE1169.jpg,,,,,,,,2026-01-28T23:59:59Z,PROSPECTUS,14,2
37574,8717163836835,2000.0,Lipton,"Ice tea de pêssego sem açúcar, garrafa de 2l",,1.99,1.0,2000,L,€/L,,,https://driveimg1.intermarche.com/pt/Content/images/boitmal/produit/zoom/B0D164F35BECC5A6CA9E515D71ED323C.jpg,,,,,,,,2026-01-28T23:59:59Z,PROSPECTUS,14,2
37599,5604260296736,200.0,PorSi,Queijo Emmental Ralado 200g,,1.79,8.95,0,kg,€/Kg,,,https://driveimg1.intermarche.com/pt/Content/images/boitmal/produit/zoom/1083A405977EA22F8175F804229B3B36.jpg,,,,,,,,2026-01-28T23:59:59Z,PROSPECTUS,14,2
37743,5605799151220,1000.0,Marnoto,"Sal Marinho Tradicional, emb. 1 kg",,0.79,0.79,0,kg,€/Kg,,,https://driveimg1.intermarche.com/pt/Content/images/boitmal/produit/zoom/F1D8948A0DA5F7AFB9F8A1F9F2EC86EC.jpg,,,,,,,,2026-01-28T23:59:59Z,PROSPECTUS,14,2
37812,5604260301065,,PorSi,Fraldas Premium T3 4-10 kg - 60 Unidades,,8.49,8.49,0,,€/Unidade,,,https://driveimg1.intermarche.com/pt/Content/images/boitmal/produit/zoom/4EAC10020B9224D6442ABE842B034538.jpg,,,,,,,,2026-01-28T23:59:59Z,PROSPECTUS,14,2
37814,5604260301089,,PorSi,Fraldas Premium T5 13-18 kg - 42 Unidades,,8.1,8.1,0,,€/Unidade,,,https://driveimg1.intermarche.com/pt/Content/images/boitmal/produit/zoom/C13EDAEA790705BF6C3FF3D6193E73D1.jpg,,,,,,,,2026-01-28T23:59:59Z,PROSPECTUS,14,2
38148,5603722519123,1000.0,Milhafre,Leite de Pastagem Biológico Meio Gordo,1 litro,1.14,1.14,1000,L,€/L,,Produtos Bio,https://driveimg1.intermarche.com/pt/Content/images/boitmal/produit/zoom/DCB3EAE989BC2DDA8E3D76C140D59BA5.jpg,,,,,,,,2026-01-28T23:59:59Z,PROSPECTUS,14,2
38934,5601164863217,500.0,Somersby,"Sidra com Álcool Maçã, emb. 50 cl",,1.29,2.58,500,L,€/L,,,https://driveimg1.intermarche.com/pt/Content/images/boitmal/produit/zoom/A3D6F4DDF9AFF4F9F8F47269DBD60191.jpg,,,,,,,,2026-01-28T23:59:59Z,PROSPECTUS,14,2
40741,5604260302918,3000.0,PorSi,Óleo Girassol 3l,,4.99,1.66,3000,L,€/L,,,https://driveimg1.intermarche.com/pt/Content/images/boitmal/produit/zoom/F8BB67375CA1509EF026CE7D5296E9E5.jpg,,,,,,,,2026-01-28T23:59:59Z,PROSPECTUS,14,2
40750,5604260304165,1000.0,PorSi,Detergente Loiça Limão 1l,Garrafa de 1 litro,0.89,0.89,1000,L,€/L,,,https://driveimg1.intermarche.com/pt/Content/images/boitmal/produit/zoom/2532D260202FF646D416E5D63E3F4DF5.jpg,,,,,,,,2026-01-28T23:59:59Z,PROSPECTUS,14,2
41758,7322541096667,,Tena,"Pensos Incontinência Discreet Maxi Noite, emb. 12 un.",,6.36,6.36,12,,€/Unidade,,,https://driveimg1.intermarche.com/pt/Content/images/boitmal/produit/zoom/3EFB7F658F7A6190532A2FEC660762AF.jpg,https://driveimg1.intermarche.com/pt/Content/images/boitmal/produit/zoom/21289249CB4D771ACD3A71894289176D.jpg,https://driveimg1.intermarche.com/pt/Content/images/boitmal/produit/zoom/CAD88BAD9AD4BCF7A7E90741C9E59A18.jpg,https://driveimg1.intermarche.com/pt/Content/images/boitmal/produit/zoom/59B178831F909D28BBA9E56381EB01D6.jpg,,,,,2026-01-28T23:59:59Z,PROSPECTUS,14,2
42240,5000396041392,199.0,McVities,"Bolacha digestiva chocolate negro, embalagem de 200g",,2.54,12.76,0,kg,€/Kg,,,https://driveimg1.intermarche.com/pt/Content/images/boitmal/produit/zoom/44933B55AD24092BA19041B105948178.jpg,,,,,,,,2026-01-28T23:59:59Z,PROSPECTUS,14,2
42644,5604260303571,1500.0,PorSi,Areia para Gato Silica Gel 1.5kg,,3.49,2.33,0,kg,€/Kg,,,https://driveimg1.intermarche.com/pt/Content/images/boitmal/produit/zoom/ADE2416B5C97F8F9901691182F640EC1.jpg,,,,,,,,2026-01-28T23:59:59Z,PROSPECTUS,14,2
42889,5604260326099,,PorSi,Fraldas Agilidade T5 13-18 kg - 88 Unidades,,12.69,12.69,0,,€/Unidade,,,https://driveimg1.intermarche.com/pt/Content/images/boitmal/produit/zoom/E1216DDBA71D91BF97EE1E7325A6ACC3.jpg,,,,,,,,2026-01-28T23:59:59Z,PROSPECTUS,14,2
44771,8710438109009,500.0,MCCAIN,"Palito Fry N Dip, emb. 500 gr",,3.19,6.38,0,kg,€/Kg,,Tipo de stockagem,https://driveimg1.intermarche.com/pt/Content/images/boitmal/produit/zoom/1F1D7AB4DB15838743957D2491BA0251.jpg,https://driveimg1.intermarche.com/pt/Content/images/boitmal/produit/zoom/170A8C7D758318133491D25E6C2FF3D3.jpg,,,,,,,2026-01-28T23:59:59Z,PROSPECTUS,14,2
45424,5449000205551,1500.0,Sprite,"Refrigerante com Gás Lima Limão, emb. 1,5 lt",,0.99,0.66,1500,L,€/L,,,https://driveimg1.intermarche.com/pt/Content/images/boitmal/produit/zoom/435BA3924DACD7858B68099757279D0D.jpg,,,,,,,,2026-01-28T23:59:59Z,PROSPECTUS,14,2
45773,5054563087829,75.0,Aquafresh,"Pasta dentífrica eucalipto, lima e menta",Embalagem de 75ml,1.84,24.53,75,L,€/L,,,https://driveimg1.intermarche.com/pt/Content/images/boitmal/produit/zoom/1F94A046F2A6C727F7B6BE2D468B428F.jpg,,,,,,,,2026-01-28T23:59:59Z,PROSPECTUS,14,2
46503,8001841144870,,Dodot,Fraldas Sensitive | Tamanho 4 - 9 a 14 kg,Embalagem c/ 44 unidades,15.75,15.75,0,,€/Unidade,,,https://driveimg1.intermarche.com/pt/Content/images/boitmal/produit/zoom/C29302C02E4EDD5019B7FE62D421A5A7.jpg,,,,,,,,2026-01-28T23:59:59Z,PROSPECTUS,14,2
46504,8001841144900,,Dodot,Fraldas Sensitive | Tamanho 5 - 11 a 16 kg,Embalagem c/ 42 unidades,15.75,15.75,0,,€/Unidade,,,https://driveimg1.intermarche.com/pt/Content/images/boitmal/produit/zoom/34F1099E8A364734DA54D4FAE75F4CCD.jpg,,,,,,,,2026-01-28T23:59:59Z,PROSPECTUS,14,2
46885,5054563087195,75.0,Aquafresh,Dentifríco splash morango,Embalagem de 75 ml,2.59,34.53,75,L,€/L,,,https://driveimg1.intermarche.com/pt/Content/images/boitmal/produit/zoom/985DB91A7EDE55C6A3C98F1B8981BB9B.jpg,,,,,,,,2026-01-28T23:59:59Z,PROSPECTUS,14,2
4783,5000396036091,218.0,McVities,"Bolachas fruit & form, frutos de bosques, embalagem de 220g",,1.99,9.13,0,kg,€/Kg,,,https://driveimg1.intermarche.com/pt/Content/images/boitmal/produit/zoom/5A07660780F6FA75A3C811D949B39846.jpg,,,,,,,,2026-01-28T23:59:59Z,PROSPECTUS,14,2
47876,5604260323265,500.0,PorSi,Óleo Corporal para Bebé com Aloé Vera,Embalagem de 500 ml,2.69,5.38,500,L,€/L,,,https://driveimg1.intermarche.com/pt/Content/images/boitmal/produit/zoom/25479BC7D5C8F721437DE593F4ACE022.jpg,,,,,,,,2026-01-28T23:59:59Z,PROSPECTUS,14,3
47933,5604260319558,96.0,PorSi,Cápsulas Café Descafeinado Cdgx16,,3.85,40.1,0,kg,€/Kg,,,https://driveimg1.intermarche.com/pt/Content/images/boitmal/produit/zoom/E41919E5BDA62510C85250B2A50FD3A3.jpg,,,,,,,,2026-01-28T23:59:59Z,PROSPECTUS,14,3
47934,5604260319565,96.0,PorSi,Cápsulas Café Splendido Cdgx16,,3.85,40.1,0,kg,€/Kg,,,https://driveimg1.intermarche.com/pt/Content/images/boitmal/produit/zoom/55CCF612142A42C8831C49805F97F920.jpg,,,,,,,,2026-01-28T23:59:59Z,PROSPECTUS,14,3
485,3036810201280,215.0,Maille,"Mostarda dijon, embalagem de 220g",,3.19,14.84,0,kg,€/Kg,,,https://driveimg1.intermarche.com/pt/Content/images/boitmal/produit/zoom/62618DF63BD11F55FFEE9176972D4CEF.jpg,https://driveimg1.intermarche.com/pt/Content/images/boitmal/produit/zoom/1ABADBA923A5257BF5D8A92B53110481.jpg,https://driveimg1.intermarche.com/pt/Content/images/boitmal/produit/zoom/1ABADBA923A5257BF5D8A92B53110481.jpg,https://driveimg1.intermarche.com/pt/Content/images/boitmal/produit/zoom/1ABADBA923A5257BF5D8A92B53110481.jpg,,,,,2026-01-28T23:59:59Z,PROSPECTUS,14,3
49270,7613287494306,340.0,Felix,"Comida Húmida para Gato Seleção Favoritos em Gelatina, emb. 4 x 85 gr",Embalagem de 4 x 85 g,2.19,6.44,0,kg,€/Kg,,,https://driveimg1.intermarche.com/pt/Content/images/boitmal/produit/zoom/AB20C2BC5C506F50A662C1224932F7C2.jpg,,,,,,,,2026-01-28T23:59:59Z,PROSPECTUS,14,3
49348,5601008102779,174.0,Vieira,"Bolachas Thins de Aveia, emb. 174 gr",,1.94,11.15,0,kg,€/Kg,,,https://driveimg1.intermarche.com/pt/Content/images/boitmal/produit/zoom/72AF35B4097AB18E8AF901C60582509C.jpg,,,,,,,,2026-01-28T23:59:59Z,PROSPECTUS,14,3
49589,8006540618882,,Dodot,Fraldas Bebé Seco T5 11-16kg,Embalagem com 54 un.,13.29,13.29,0,,€/Unidade,,,https://driveimg1.intermarche.com/pt/Content/images/boitmal/produit/zoom/F8DF7F672F6F8C01BEEBAFD539E0482B.jpg,,,,,,,,2026-01-28T23:59:59Z,PROSPECTUS,14,3
49872,5604260325009,,PorSi,Cueca de Banho T5-6 12-17 kg - 11 Unidades,,3.99,3.99,0,,€/Unidade,,,https://driveimg1.intermarche.com/pt/Content/images/boitmal/produit/zoom/27CE741FCDEDE1738F3BE5A5750C5CE6.jpg,,,,,,,,2026-01-28T23:59:59Z,PROSPECTUS,14,3
50386,8445290290014,30.0,Maggi,"Molho suculento frango no forno com alho e cebola em saqueta, 30g",,0.89,29.67,0,kg,€/Kg,,,https://driveimg1.intermarche.com/pt/Content/images/boitmal/produit/zoom/0DEECC66FD9482A59A0436C06913C5D2.jpg,,,,,,,,2026-01-28T23:59:59Z,PROSPECTUS,14,3
50630,5603722521461,1208.0,Mimosa,"Iogurte magro liquido de ananas e manga, 8x151ml",,2.99,2.48,1208,L,€/L,,,https://driveimg1.intermarche.com/pt/Content/images/boitmal/produit/zoom/391469C60827762112BDD90CD5A7ACC1.jpg,,,,,,,,2026-01-28T23:59:59Z,PROSPECTUS,14,3
50657,7622201723767,150.0,Philadelphia,Queijo Creme Original,Embalagem de 150g,1.79,11.93,0,kg,€/Kg,,,https://driveimg1.intermarche.com/pt/Content/images/boitmal/produit/zoom/AC9B422E061B505FC42474B3EA77E15F.jpg,,,,,,,,2026-01-28T23:59:59Z,PROSPECTUS,14,3
5095,5601050026405,300.0,Danone,"Queijinho dadoninho petitdino de morango, embalagem de 6 x 50g",,1.79,5.97,0,kg,€/Kg,,,https://driveimg1.intermarche.com/pt/Content/images/boitmal/produit/zoom/285FD05A8135D405134AF6FB325A781F.jpg,,,,,,,,2026-01-28T23:59:59Z,PROSPECTUS,14,3
5154,5601109111366,750.0,Rcv,"Fundador Vinho do Porto Tawny, garrafa 75 cl",Garrafa de 750 ml,5.95,7.93,750,L,€/L,,,https://driveimg1.intermarche.com/pt/Content/images/boitmal/produit/zoom/CA84CD3EEFC3FBA0FBC6770B7F504166.jpg,,,,,,,,2026-01-28T23:59:59Z,PROSPECTUS,14,3
51912,3073781193060,125.0,A Vaca Que Ri,"Queijo fundido, 125g",,1.79,14.32,0,kg,€/Kg,,,https://driveimg1.intermarche.com/pt/Content/images/boitmal/produit/zoom/3FC94A6D07313D7F7E804BD53D0400B8.jpg,,,,,,,,2026-01-28T23:59:59Z,PROSPECTUS,14,3
51917,8410500020644,280.0,Danone,Iogurte infantil danonino morango banana 4x70g,,2.19,7.82,0,kg,€/Kg,,,https://driveimg1.intermarche.com/pt/Content/images/boitmal/produit/zoom/3220973BC3DB4CAD23E73E6374D1D5D5.jpg,,,,,,,,2026-01-28T23:59:59Z,PROSPECTUS,14,3
51928,8720182516602,60.0,Knorr,Caldos cogumelos knorr 6 cubos,,1.37,22.83,0,kg,€/Kg,,,https://driveimg1.intermarche.com/pt/Content/images/boitmal/produit/zoom/A1FD146B331A1DAFD2DA8FBEBCAF1A0A.jpg,,,,,,,,2026-01-28T23:59:59Z,PROSPECTUS,14,3
52328,8720181385100,2520.0,Skip,"Detergente máquina roupa líquido baby, 56 doses",,9.99,3.96,2520,L,€/L,,,https://driveimg1.intermarche.com/pt/Content/images/boitmal/produit/zoom/37DC97A7700AEDD1F57E9521FBF4BEA2.jpg,,,,,,,,2026-01-28T23:59:59Z,PROSPECTUS,14,3
52730,5029053582955,,Scottex,"Papel Higiénico Megarolo, 18=36 rolos",,7.98,7.98,0,,€/Unidade,,,https://driveimg1.intermarche.com/pt/Content/images/boitmal/produit/zoom/36CCF0F2DF4E5768A28A299ACAD0B0CB.jpg,,,,,,,,2026-01-28T23:59:59Z,PROSPECTUS,14,3
52917,8720181291869,150.0,Dove,"Desodorizante spray invisible care 72h, 150 ml",,3.59,23.93,150,L,€/L,,,https://driveimg1.intermarche.com/pt/Content/images/boitmal/produit/zoom/E4C7316630BB7D9EE2823582CE682A3C.jpg,,,,,,,,2026-01-28T23:59:59Z,PROSPECTUS,14,3
53245,8410376065077,208.0,Gullon,"Bolachas dibus magic mix & go, 208g",,1.29,6.2,0,kg,€/Kg,,,https://driveimg1.intermarche.com/pt/Content/images/boitmal/produit/zoom/7656D702777E0FFE2E0B137FEF921189.jpg,,,,,,,,2026-01-28T23:59:59Z,PROSPECTUS,14,3
53561,8006540836255,,Dodot,"Toalhitas Bebé Aqua Pure 0% Plástico, 144 unidades",,4.69,4.69,144,,€/Unidade,,,https://driveimg1.intermarche.com/pt/Content/images/boitmal/produit/zoom/9142F4475E7EF3378B360790325BDEDA.jpg,,,,,,,,2026-01-28T23:59:59Z,PROSPECTUS,14,3
54361,8410104915186,,Finish,"Detergente Loiça Máquina Quantum Limão, 28 Pastilhas",,5.99,5.99,0,,€/Unidade,,,https://driveimg1.intermarche.com/pt/Content/images/boitmal/produit/zoom/AF6445EE2B2537230E8784866A377CB3.jpg,,,,,,,,2026-01-28T23:59:59Z,PROSPECTUS,14,3
54520,5029053550275,,Huggies,"Fraldas Extra Care T2 3-6Kg, 24un.",,4.78,4.78,0,,€/Unidade,,,https://driveimg1.intermarche.com/pt/Content/images/boitmal/produit/zoom/D369BEB8856B1B6DF0A42F9AB9BBE008.jpg,,,,,,,,2026-01-28T23:59:59Z,PROSPECTUS,14,3
54572,5604260331918,300.0,Labell,Champô Reparação e Nutrição,,1.49,4.97,300,L,€/L,,,https://driveimg1.intermarche.com/pt/Content/images/boitmal/produit/zoom/48D276750F280161990A1A4C3480F37D.jpg,,,,,,,,2026-01-28T23:59:59Z,PROSPECTUS,14,3
54735,5601164864719,330.0,Somersby,"Sidra com Álcool Maçã, emb. 33 cl",,0.99,3.0,330,L,€/L,,,https://driveimg1.intermarche.com/pt/Content/images/boitmal/produit/zoom/E33E9C4DA8A55D334C3B66C34E70F9E2.jpg,,,,,,,,2026-01-28T23:59:59Z,PROSPECTUS,14,3
55018,5601027117303,430.0,Bimbo,"Pão de Forma com Côdea, emb. 430 gr",,1.59,3.7,0,kg,€/Kg,,,https://driveimg1.intermarche.com/pt/Content/images/boitmal/produit/zoom/8757FB8F05D49E0A715282DD0C0165A7.jpg,https://driveimg1.intermarche.com/pt/Content/images/boitmal/produit/zoom/4C17DB6C614697DA1B5FB0CE80A911CD.jpg,https://driveimg1.intermarche.com/pt/Content/images/boitmal/produit/zoom/4C17DB6C614697DA1B5FB0CE80A911CD.jpg,,,,,,2026-01-28T23:59:59Z,PROSPECTUS,14,3
55246,8410063095219,1000.0,Pescanova,"Filetes de Pescada Panados sem Glúten, emb. 1 kg (12 un)",,7.89,7.89,0,kg,€/Kg,,Tipo de stockagem,https://driveimg1.intermarche.com/pt/Content/images/boitmal/produit/zoom/A5655C95B01DFE4827D4B19FBAEEAA93.jpg,,,,,,,,2026-01-28T23:59:59Z,PROSPECTUS,14,3
55269,8720182948793,500.0,Cif,"Multiusos Spray 3 em 1 Lavanda e Samambaia Azul, 500ml",,2.19,4.38,500,L,€/L,,,https://driveimg1.intermarche.com/pt/Content/images/boitmal/produit/zoom/43329273126D7F7EFAE380CB123C3668.jpg,,,,,,,,2026-01-28T23:59:59Z,PROSPECTUS,14,3
55717,8436048965650,120.0,Artiach,"Bolachas Filipinos Chocolate Negro, 120g",,1.39,11.58,0,kg,€/Kg,,,https://driveimg1.intermarche.com/pt/Content/images/boitmal/produit/zoom/3BD8C7F59FA6BA65A313CC23729BACE2.jpg,,,,,,,,2026-01-28T23:59:59Z,PROSPECTUS,14,3
55908,7622202261626,90.0,Milka,"Tablete de Chocolate de Leite com Avelã, emb. 90 gr",,1.99,22.11,0,kg,€/Kg,,,https://driveimg1.intermarche.com/pt/Content/images/boitmal/produit/zoom/4E4484D6C054B1D0BE98C1EA40B87547.jpg,,,,,,,,2026-01-28T23:59:59Z,PROSPECTUS,14,3
55909,7622202271571,90.0,Milka,"Tablete de Chocolate de Leite, emb. 90 gr",,1.99,22.11,0,kg,€/Kg,,,https://driveimg1.intermarche.com/pt/Content/images/boitmal/produit/zoom/579072CBD3F0657A7AF1E3584F796358.jpg,,,,,,,,2026-01-28T23:59:59Z,PROSPECTUS,14,3
56395,5604260334636,640.0,Porsi Vivabem,Iogurte Líquido Magro Piña Colada 4x160g,,1.34,2.09,0,kg,€/Kg,,,https://driveimg1.intermarche.com/pt/Content/images/boitmal/produit/zoom/56E2584E43311EB3153172BA46A745DF.jpg,,,,,,,,2026-01-28T23:59:59Z,PROSPECTUS,14,3
56982,5604260333950,150.0,PorSi,Bloco Wc Multiativo Oceano 3x50g,,1.95,13.0,150,L,€/L,,,https://driveimg1.intermarche.com/pt/Content/images/boitmal/produit/zoom/0F8E8CA8FDA2D164E7DF44B3263283CE.jpg,,,,,,,,2026-01-28T23:59:59Z,PROSPECTUS,14,3
57695,8720181748462,700.0,Vaseline,"Gel de Banho Rosas e Jasmim, emb. 700 ml",,2.79,3.99,700,L,€/L,,,https://driveimg1.intermarche.com/pt/Content/images/boitmal/produit/zoom/E88830E0C0BABFADE98801A700582679.jpg,,,,,,,,2026-01-28T23:59:59Z,PROSPECTUS,14,3
6111,7613031204458,340.0,Purina Gourmet,Comida húmida para gato finos pedaços em molho,Embalagem de 340g,2.59,7.62,0,kg,€/Kg,,,https://driveimg1.intermarche.com/pt/Content/images/boitmal/produit/zoom/393F7D9374FE095E1E4BD6A16BFBFD33.jpg,,,,,,,,2026-01-28T23:59:59Z,PROSPECTUS,14,3
6207,8001480020528,2000.0,Neoblanc,Lixívia para roupa tradicional,Embalagem de 2 l,1.74,0.87,2000,L,€/L,,,https://driveimg1.intermarche.com/pt/Content/images/boitmal/produit/zoom/930401C25A92312F34CEB71B016BE255.jpg,,,,,,,,2026-01-28T23:59:59Z,PROSPECTUS,14,3
768,4005500030300,400.0,Yogolino,Sobremesa láctea morango 4x100g,,1.99,4.98,0,kg,€/Kg,,,https://driveimg1.intermarche.com/pt/Content/images/boitmal/produit/zoom/99F1004C0805AFB08F42231532FA4DAF.jpg,,,,,,,,2026-01-28T23:59:59Z,PROSPECTUS,14,3
8280,5601010111219,125.0,Ramirez,"Sardinha em Óleo, emb. 125 gr",,1.14,9.12,0,kg,€/Kg,,,https://driveimg1.intermarche.com/pt/Content/images/boitmal/produit/zoom/BDBBB58AA91CECA7479A88A013943A79.jpg,,,,,,,,2026-01-28T23:59:59Z,PROSPECTUS,14,3
8933,5601377339080,750.0,Monsaraz,"Vinho doc alentejo tinto, garrafa de 0,75 l",,3.49,4.65,750,L,€/L,,,https://driveimg1.intermarche.com/pt/Content/images/boitmal/produit/zoom/91D66AE5F752617A4B7436C49147FA1C.jpg,,,,,,,,2026-01-28T23:59:59Z,PROSPECTUS,14,3
931,5601001228100,300.0,Nestum,"Nestum Mel Flocos Cereais +3A, emb. 300 gr",Embalagem de 300g,2.09,6.97,0,kg,€/Kg,,,https://driveimg1.intermarche.com/pt/Content/images/boitmal/produit/zoom/82B368094FF4C269D04DE75FB30D7775.jpg,,,,,,,,2026-01-28T23:59:59Z,PROSPECTUS,14,3
939,5601001315107,200.0,Nestlé,"Bebida Cereais Cevada e Chicória com Café, emb. 200 gr",,2.89,14.45,0,kg,€/Kg,,,https://driveimg1.intermarche.com/pt/Content/images/boitmal/produit/zoom/CC5A47735407D4C3B415883C0C674337.jpg,,,,,,,,2026-01-28T23:59:59Z,PROSPECTUS,14,3
957,5601019012135,210.0,Guloso,Polpa de tomate,Embalagem de 210g,0.6,2.86,0,kg,€/Kg,,,https://driveimg1.intermarche.com/pt/Content/images/boitmal/produit/zoom/245477C7FA4D5809E9A5CDA65B8A76F8.jpg,,,,,,,,2026-01-28T23:59:59Z,PROSPECTUS,14,3
959,5601019012418,1000.0,Guloso,Polpa de Tomate,Embalagem de 1 kg,1.99,1.99,0,kg,€/Kg,,,https://driveimg1.intermarche.com/pt/Content/images/boitmal/produit/zoom/287E0DC8A48662DD805F77C3CA0D6A49.jpg,,,,,,,,2026-01-28T23:59:59Z,PROSPECTUS,14,3
9682,5604260270200,270.0,PorSi,Leite Creme 2x135g,,1.99,7.37,0,kg,€/Kg,,,https://driveimg1.intermarche.com/pt/Content/images/boitmal/produit/zoom/E6C77FD8EA71CF9181A68A3C6CA3F5E7.jpg,,,,,,,,2026-01-28T23:59:59Z,PROSPECTUS,14,3
9872,7322540319972,,Tena,"Pensos Incontinência Discreet Maxi, emb. 12 un.",,6.36,6.36,12,,€/Unidade,,,https://driveimg1.intermarche.com/pt/Content/images/boitmal/produit/zoom/B0A5760A95DCC6213209AC3ABAE33C53.jpg,https://driveimg1.intermarche.com/pt/Content/images/boitmal/produit/zoom/F2C60811FC32EA34D7318E5D762B5028.jpg,https://driveimg1.intermarche.com/pt/Content/images/boitmal/produit/zoom/27A2BE4C6FB8F76ABEAF4A14BD4BCFEB.jpg,https://driveimg1.intermarche.com/pt/Content/images/boitmal/produit/zoom/C80C60FA35457997181F710DFDCBB137.jpg,,,,,2026-01-28T23:59:59Z,PROSPECTUS,14,3
10091,8410100059839,360.0,Nestlé,"Queijinho petit nesquik, embalagem de 6 x 60g",,2.99,8.31,0,kg,€/Kg,,,https://driveimg1.intermarche.com/pt/Content/images/boitmal/produit/zoom/88B248C453A669F7E350B1DDEC2F3C33.jpg,,,,,,,,2026-01-28T23:59:59Z,PROSPECTUS,14,3
1136,5601082022765,250.0,Delta,"Café Moído Torrado para Saco Lote Chávena Int 12, emb. 250 gr",Embalagem de 250g,3.99,15.96,0,kg,€/Kg,,,https://driveimg1.intermarche.com/pt/Content/images/boitmal/produit/zoom/7F2116263816AF75A6AD47598CE14D0D.jpg,,,,,,,,2026-01-28T23:59:59Z,PROSPECTUS,14,3
1138,5601082022796,250.0,Delta,"Café em Grão Torrado Lote Chávena Int 12, emb. 250 gr",Embalagem de 250g,3.99,15.96,0,kg,€/Kg,,,https://driveimg1.intermarche.com/pt/Content/images/boitmal/produit/zoom/A8B4C93555D2897E7B184C0C3550DF4C.jpg,,,,,,,,2026-01-28T23:59:59Z,PROSPECTUS,14,3
1142,5601082026954,55.0,Delta Q,Café em cápsulas  qonvictus,Embalagem de 55 g,2.69,48.91,0,kg,€/Kg,,,https://driveimg1.intermarche.com/pt/Content/images/boitmal/produit/zoom/2BCCE3D035FB6F5D7FC434FDA25E120B.jpg,,,,,,,,2026-01-28T23:59:59Z,PROSPECTUS,14,3
11477,5601043114119,425.0,Branca de neve,"Preparado para Bolo de Laranja, emb. 450 gr",,2.89,6.8,0,kg,€/Kg,,,https://driveimg1.intermarche.com/pt/Content/images/boitmal/produit/zoom/A334D02D82E79136E37A2A7E1095735C.jpg,,,,,,,,2026-01-28T23:59:59Z,PROSPECTUS,14,3
11503,5601050019100,600.0,Danone,"Danacol frutos exóticos, embalagem de 6 x 100 g",,3.09,5.15,0,kg,€/Kg,,,https://driveimg1.intermarche.com/pt/Content/images/boitmal/produit/zoom/2A16EAD58E7A10ECD338C77C33D25273.jpg,,,,,,,,2026-01-28T23:59:59Z,PROSPECTUS,14,3
11522,5601050207750,1200.0,Danone,"Iogurte danacol de morango, embalagem de 12 x 100 g",,5.99,4.99,0,kg,€/Kg,,,https://driveimg1.intermarche.com/pt/Content/images/boitmal/produit/zoom/10BA36D674585833A0006F09517047AF.jpg,,,,,,,,2026-01-28T23:59:59Z,PROSPECTUS,14,3
11753,5601489781357,135.0,Du Bois de la Roche,"Feuilletine, embalagem de 135g",,1.64,12.15,0,kg,€/Kg,,,https://driveimg1.intermarche.com/pt/Content/images/boitmal/produit/zoom/997953ACC55043196AF108062B03F127.jpg,,,,,,,,2026-01-28T23:59:59Z,PROSPECTUS,14,3
1187,5601119007963,120.0,Nobre,"Salsichas Frankfurt Originais Lata 6 un, emb. 120 gr",,1.04,8.67,0,kg,€/Kg,,,https://driveimg1.intermarche.com/pt/Content/images/boitmal/produit/zoom/024D21F90F760BFDC12CBD7EB02BECC6.jpg,,,,,,,,2026-01-28T23:59:59Z,PROSPECTUS,14,3
1191,5601119009660,180.0,Nobre,"Salsichas Cocktail Lata, emb. 180 gr",,1.79,9.94,0,kg,€/Kg,,,https://driveimg1.intermarche.com/pt/Content/images/boitmal/produit/zoom/FEBC979069AC159E9B8E5F8DD02E763D.jpg,,,,,,,,2026-01-28T23:59:59Z,PROSPECTUS,14,3
11928,5603089003303,500.0,Parmalat,"Molho Bechamel Levíssimo, embalagem de 500 ml",,2.08,4.16,500,L,€/L,,,https://driveimg1.intermarche.com/pt/Content/images/boitmal/produit/zoom/5FACCEE79EE2CC78AF8E4323F90F91E2.jpg,,,,,,,,2026-01-28T23:59:59Z,PROSPECTUS,14,3
1214,5601119950504,420.0,Nobre,"Receita caseira de bolonhesa, 420g",,3.19,7.6,0,kg,€/Kg,,,https://driveimg1.intermarche.com/pt/Content/images/boitmal/produit/zoom/66DCF8202D0D30AA3C4A7C7E4EAAF44F.jpg,,,,,,,,2026-01-28T23:59:59Z,PROSPECTUS,14,3
12168,5604575110024,750.0,Cabriz,Vinho tinto doc dão,Garrafa de 0.75 l,3.99,5.32,750,L,€/L,,,https://driveimg1.intermarche.com/pt/Content/images/boitmal/produit/zoom/CB979CD463F1CB0F66C28E633F4A8508.jpg,https://driveimg1.intermarche.com/pt/Content/images/boitmal/produit/zoom/B79B99AC1459B8F6165E16A7A5B65E9E.jpg,https://driveimg1.intermarche.com/pt/Content/images/boitmal/produit/zoom/B79B99AC1459B8F6165E16A7A5B65E9E.jpg,https://driveimg1.intermarche.com/pt/Content/images/boitmal/produit/zoom/B79B99AC1459B8F6165E16A7A5B65E9E.jpg,,,,,2026-01-28T23:59:59Z,PROSPECTUS,14,3
12232,7613034453129,300.0,Purina Gourmet,"Comida húmida para gato seleção de peixes, embalagem de 300g",,2.59,8.63,0,kg,€/Kg,,,https://driveimg1.intermarche.com/pt/Content/images/boitmal/produit/zoom/0AFE779DB5FF364F09315DAB6399C25A.jpg,,,,,,,,2026-01-28T23:59:59Z,PROSPECTUS,14,3
1224,5601146000104,1000.0,Sagres,"Cerveja com álcool, garrafa de 1l",,1.69,1.69,1000,L,€/L,,,https://driveimg1.intermarche.com/pt/Content/images/boitmal/produit/zoom/B73052CDDDC1D5B2607AF6499F6FC79B.jpg,,,,,,,,2026-01-28T23:59:59Z,PROSPECTUS,14,3
1225,5601146000319,500.0,Sagres,"Cerveja com Álcool, lata 50 cl",,0.85,1.7,500,L,€/L,,,https://driveimg1.intermarche.com/pt/Content/images/boitmal/produit/zoom/B1B5F95DEB5BC6A9F4E736C209DD9550.jpg,,,,,,,,2026-01-28T23:59:59Z,PROSPECTUS,14,3
12356,8410108122535,,Dodot,Toalhitas Sensitive |Recarga,Pack: 4 x54 unidades,5.99,5.99,0,,€/Unidade,,,https://driveimg1.intermarche.com/pt/Content/images/boitmal/produit/zoom/2D442A68E931C2DF1957ADA0EF3AD2F3.jpg,https://driveimg1.intermarche.com/pt/Content/images/boitmal/produit/zoom/47D40D02C955E98DB96B03E04432FF85.jpg,https://driveimg1.intermarche.com/pt/Content/images/boitmal/produit/zoom/47D40D02C955E98DB96B03E04432FF85.jpg,,,,,,2026-01-28T23:59:59Z,PROSPECTUS,14,3
12468,8435250439584,256.0,Nestlé,"Iogurte mix in smarties morango, embalagem de 2 x 128 g",,2.19,8.55,0,kg,€/Kg,,,https://driveimg1.intermarche.com/pt/Content/images/boitmal/produit/zoom/546EB338CC6149CC0CDDECE6E5ABF48D.jpg,,,,,,,,2026-01-28T23:59:59Z,PROSPECTUS,14,3
12796,3600521127490,150.0,L'Oréal Paris,"Pasta Cabelo Studio Line Remix, emb. 150 ml",Embalagem de 150 ml,4.49,29.93,150,L,€/L,,,https://driveimg1.intermarche.com/pt/Content/images/boitmal/produit/zoom/27003AA859BAB80EBA4299EFCE34CE96.jpg,,,,,,,,2026-01-28T23:59:59Z,PROSPECTUS,14,3
12898,2893293000000,400.0,Programa Origens,Dourada,1 un= 400 grs (aprox.),3.6,8.99,0,,€/Kg,,,https://driveimg1.intermarche.com/pt/Content/images/boitmal/produit/zoom/1228D1EB55215F23AB492009B28E8268.jpg,,,,,,,,2026-01-28T23:59:59Z,PROSPECTUS,14,3
13095,2893071000000,100.0,Peixaria,Carapau Pequeno,1 un = 100 g (aprox.),0.35,3.49,0,,€/Kg,,,https://driveimg1.intermarche.com/pt/Content/images/boitmal/produit/zoom/07606BE143D22CF4796A63CA9C752E5B.jpg,,,,,,,,2026-01-28T23:59:59Z,PROSPECTUS,14,3
13201,2893186000000,800.0,Peixaria,Pargo Mulato, 1un = 800 gr (aprox.),5.59,6.99,0,,€/Kg,,,https://driveimg1.intermarche.com/pt/Content/images/boitmal/produit/zoom/11C32BE0B2CE482787FEFB1794945225.jpg,,,,,,,,2026-01-28T23:59:59Z,PROSPECTUS,14,3
13555,2893549000000,500.0,Peixaria,Caras de Bacalhau Congeladas,Vendido ao peso,3.0,5.99,0,,€/Kg,,Avantages !,https://driveimg1.intermarche.com/pt/Content/images/boitmal/produit/zoom/2B829CF1032DEFD9A684FD98B7006160.jpg,,,,,,,,2026-01-28T23:59:59Z,PROSPECTUS,14,3
13577,2893572000000,200.0,Peixaria,Pota Inteira Congelada,1 un= 200 gr (aprox.),1.0,4.99,0,,€/Kg,,Avantages !,https://driveimg1.intermarche.com/pt/Content/images/boitmal/produit/zoom/B2D6321EA80C5271A6C9DE3162C36D95.jpg,,,,,,,,2026-01-28T23:59:59Z,PROSPECTUS,14,3
13944,2891054000000,250.0,Porco,Orelhas,1 un = 250 gr (aprox.),1.12,4.49,0,,€/Kg,,,https://driveimg1.intermarche.com/pt/Content/images/boitmal/produit/zoom/58E736C9F70B312B5FE9853375C94DCC.jpg,,,,,,,,2026-01-28T23:59:59Z,PROSPECTUS,14,3
14196,5604260272105,250.0,PorSi,Salsichas Hot Dog Frasco 540g,,3.29,13.16,0,kg,€/Kg,,,https://driveimg1.intermarche.com/pt/Content/images/boitmal/produit/zoom/DEA11230BF1CF561F20B184084F0CF0F.jpg,,,,,,,,2026-01-28T23:59:59Z,PROSPECTUS,14,3
1420,5601252107131,250.0,Gallo,"Vinagre Balsâmico de Modena, emb. 250 ml",,1.69,6.76,250,L,€/L,,,https://driveimg1.intermarche.com/pt/Content/images/boitmal/produit/zoom/3BCA292B56E66BEBFC003AE7946066AE.jpg,,,,,,,,2026-01-28T23:59:59Z,PROSPECTUS,14,3
14344,3387390406719,150.0,Nestlé,"Barras de Cereais Nesquik, emb. 150 gr (6 un)",,1.99,13.27,0,kg,€/Kg,,,https://driveimg1.intermarche.com/pt/Content/images/boitmal/produit/zoom/4878F7C89F5570C091D36337F3638AB8.jpg,,,,,,,,2026-01-28T23:59:59Z,PROSPECTUS,14,3
1459,5601286221780,500.0,Milaneza,"Massa de cotovelos finos, embalagem de 500g",,0.99,1.98,0,kg,€/Kg,,,https://driveimg1.intermarche.com/pt/Content/images/boitmal/produit/zoom/34E88CB07300F13C23DF7BCC4E861747.jpg,,,,,,,,2026-01-28T23:59:59Z,PROSPECTUS,14,3
14653,5601119225442,110.0,Nobre,"Fiambre da perna extra fatias finas, embalagem de 110g",,1.99,18.09,0,kg,€/Kg,,,https://driveimg1.intermarche.com/pt/Content/images/boitmal/produit/zoom/7FD7D9E34952BFCF466D7D36B77539B0.jpg,,,,,,,,2026-01-28T23:59:59Z,PROSPECTUS,14,3
1469,5601286251787,500.0,Milaneza,"Massa de maçarrão, embalagem de 500g",,0.99,1.98,0,kg,€/Kg,,,https://driveimg1.intermarche.com/pt/Content/images/boitmal/produit/zoom/684581E08A7B473B6F7C59B6AD72C932.jpg,,,,,,,,2026-01-28T23:59:59Z,PROSPECTUS,14,3
14698,7613034570512,90.0,Nestlé,"Fruta para bebé 4 frutas +4 meses, embalagem de 90g",,0.65,7.22,0,kg,€/Kg,,,https://driveimg1.intermarche.com/pt/Content/images/boitmal/produit/zoom/3717C2AF583A80AD83A765BB8032F767.jpg,,,,,,,,2026-01-28T23:59:59Z,PROSPECTUS,14,3
14707,5601226041522,600.0,Ucal,"Galão enriquecido em cálcio, embalagem de 3 x 200 ml",,2.03,3.38,600,L,€/L,,,https://driveimg1.intermarche.com/pt/Content/images/boitmal/produit/zoom/2BF279FE47A8EA7817F67CBA3BD29A50.jpg,,,,,,,,2026-01-28T23:59:59Z,PROSPECTUS,14,3
14854,2891117000000,2350.0,PorSi,Pato inteiro com miúdos,1 un = 2.250 kg (aprox.),9.38,3.99,0,,€/Kg,,,https://driveimg1.intermarche.com/pt/Content/images/boitmal/produit/zoom/E5F2031D60089F4C13D404725928D593.jpg,,,,,,,,2026-01-28T23:59:59Z,PROSPECTUS,14,3
1540,5601489136157,500.0,Du Bois de la Roche,"Bolachas Cracker Integrais, emb. 500 gr (20 un.)",,2.99,5.98,0,kg,€/Kg,,,https://driveimg1.intermarche.com/pt/Content/images/boitmal/produit/zoom/A16DC8F44B525FAEA7B327A4AD3CFA23.jpg,,,,,,,,2026-01-28T23:59:59Z,PROSPECTUS,14,3
15869,8411134117335,,Control,12 Preservativos Adapta Finíssimo XL,,8.04,8.04,0,,€/Unidade,,,https://driveimg1.intermarche.com/pt/Content/images/boitmal/produit/zoom/2CC37768CC6B71DC4D1E6AFE6BEF2561.jpg,https://driveimg1.intermarche.com/pt/Content/images/boitmal/produit/zoom/688239E7673C56F339B1B2B0AE89DD0F.jpg,,,,,,,2026-01-28T23:59:59Z,PROSPECTUS,14,3
15959,7613034621672,680.0,Purina Gourmet,"Comida Húmida para Gato Adulto Finos Pedaços em Molho Saquetas, emb. 8 x 85 gr",Embalagem de 8x85g,4.64,6.82,0,kg,€/Kg,,,https://driveimg1.intermarche.com/pt/Content/images/boitmal/produit/zoom/AB98593539B5EE838A12ABF7DCE95601.jpg,,,,,,,,2026-01-28T23:59:59Z,PROSPECTUS,14,3
15997,5601001003769,200.0,Nescafé,"Café Solúvel Clássico, emb. 200 gr",,7.89,39.45,0,kg,€/Kg,,,https://driveimg1.intermarche.com/pt/Content/images/boitmal/produit/zoom/2D522F02541567E297EFB38917647EE9.jpg,,,,,,,,2026-01-28T23:59:59Z,PROSPECTUS,14,3
16040,5608516251029,280.0,Quinta de Jugais,"Doce de abóbora com noz, embalagem de 280g",,2.39,8.54,0,kg,€/Kg,,,https://driveimg1.intermarche.com/pt/Content/images/boitmal/produit/zoom/7C53016DDA38AEFEE1D9CA8B9C61CDD0.jpg,,,,,,,,2026-01-28T23:59:59Z,PROSPECTUS,14,3
16693,5601066400916,120.0,Nacional,"Bolacha chocomax mini, embalagem de 120g",,1.24,10.33,0,kg,€/Kg,,,https://driveimg1.intermarche.com/pt/Content/images/boitmal/produit/zoom/3DB56A546076CEE7A0263616FFAC5173.jpg,,,,,,,,2026-01-28T23:59:59Z,PROSPECTUS,14,3
16728,7613034903204,400.0,Cerelac,"Leite e cereais pijama +6 meses, emb. 2 x 200 ml",Garrafa de 400 ml,2.14,5.35,400,L,€/L,,,https://driveimg1.intermarche.com/pt/Content/images/boitmal/produit/zoom/239F9048DEABC81D470EA8ABD492AED8.jpg,,,,,,,,2026-01-28T23:59:59Z,PROSPECTUS,14,3
16933,5604260277292,55.0,PorSi,Cápsulas Café Fortissimo Cnpx10,,2.29,41.64,0,kg,€/Kg,,,https://driveimg1.intermarche.com/pt/Content/images/boitmal/produit/zoom/D2685B35A81DF08A80F802272D6D4C46.jpg,,,,,,,,2026-01-28T23:59:59Z,PROSPECTUS,14,3
17115,5000116110155,640.0,Capitão Iglo,"Hambúrgueres de Vaca sem Glúten, emb. 640 gr (8 un)",Embalagem de 640g,9.99,15.61,0,kg,€/Kg,,Tipo de stockagem,https://driveimg1.intermarche.com/pt/Content/images/boitmal/produit/zoom/6FAFE9FC4DDEB6CE7DCD2D721BE41E81.jpg,,,,,,,,2026-01-28T23:59:59Z,PROSPECTUS,14,3
17477,8712100740435,72.0,Knorr,"Tempero alho & coentros 8 cubos, embalagem de 70g",,1.85,25.69,0,kg,€/Kg,,,https://driveimg1.intermarche.com/pt/Content/images/boitmal/produit/zoom/57773A0BEA6BB1E7F24BDC74561D1B47.jpg,,,,,,,,2026-01-28T23:59:59Z,PROSPECTUS,14,3
1816,5604260301775,400.0,PorSi,Feijao Frade Cozido Frasco 540g,Embalagem de 540g,0.85,2.13,0,kg,€/Kg,,,https://driveimg1.intermarche.com/pt/Content/images/boitmal/produit/zoom/F863BEC0F48D2513FC0D1879484DF975.jpg,,,,,,,,2026-01-28T23:59:59Z,PROSPECTUS,14,3
18366,5604098002066,750.0,Poliphonia,Vinho tinto regional alentejano reserva,Garrafa de 0.75 l,8.99,11.99,750,L,€/L,,,https://driveimg1.intermarche.com/pt/Content/images/boitmal/produit/zoom/5216700350A8AA57D168088CC7884D5F.jpg,,,,,,,,2026-01-28T23:59:59Z,PROSPECTUS,14,3
1847,5604260301683,400.0,PorSi,Feijao Branco Cozido Frasco 540g,Embalagem de 540g,0.85,2.13,0,kg,€/Kg,,,https://driveimg1.intermarche.com/pt/Content/images/boitmal/produit/zoom/65F3549F5DD8B5CB836B8FAB01DCCC43.jpg,,,,,,,,2026-01-28T23:59:59Z,PROSPECTUS,14,3
18595,8410500016012,400.0,Danonino Danone,"Iogurte líquido danonino morango, embalagem de 4 x 100g",,1.99,4.98,0,kg,€/Kg,,,https://driveimg1.intermarche.com/pt/Content/images/boitmal/produit/zoom/00E1EF11C0C6DBF4F5207E20D5392DA2.jpg,,,,,,,,2026-01-28T23:59:59Z,PROSPECTUS,14,3
18770,5449000138026,1500.0,Fanta,"Refrigerante com Gás Laranja sem Açúcar, garrafa 1,5 lt",,0.99,0.66,1500,L,€/L,,,https://driveimg1.intermarche.com/pt/Content/images/boitmal/produit/zoom/DE34E5B994CDF7FCC42CE983A86D82DE.jpg,,,,,,,,2026-01-28T23:59:59Z,PROSPECTUS,14,3
18771,5449000022646,1500.0,Fanta,"Refrigerante com Gás Uva sem Açúcar, emb. 1,5 lt",,0.99,0.66,1500,L,€/L,,,https://driveimg1.intermarche.com/pt/Content/images/boitmal/produit/zoom/8F70505C1EA8CC7907321F98EFB258F8.jpg,,,,,,,,2026-01-28T23:59:59Z,PROSPECTUS,14,3
19931,7613033737046,60.0,Felix,"Snack para gato mixed grill, 60 g",,1.49,24.83,0,kg,€/Kg,,,https://driveimg1.intermarche.com/pt/Content/images/boitmal/produit/zoom/7E2E1FECDD478BE6A1632C053BCB03FD.jpg,,,,,,,,2026-01-28T23:59:59Z,PROSPECTUS,14,3
19939,7613035619425,300.0,Nestlé,"Granola Aveia, Trigo e Chocolate, emb. 300 gr",Embalagem de 300g,3.29,10.97,0,kg,€/Kg,,,https://driveimg1.intermarche.com/pt/Content/images/boitmal/produit/zoom/9320D561FEE05C66ADC01B69C3EF7AE4.jpg,,,,,,,,2026-01-28T23:59:59Z,PROSPECTUS,14,3
20087,4015400884859,,Dodot,Fraldas Activity Extra T5 |13-19 kg,48 Unidade,15.99,15.99,0,,€/Unidade,,,https://driveimg1.intermarche.com/pt/Content/images/boitmal/produit/zoom/AF260D8B657312FD61F377D27C623BA6.jpg,https://driveimg1.intermarche.com/pt/Content/images/boitmal/produit/zoom/5067C7115A77A89878B9ACE972357728.jpg,https://driveimg1.intermarche.com/pt/Content/images/boitmal/produit/zoom/5067C7115A77A89878B9ACE972357728.jpg,https://driveimg1.intermarche.com/pt/Content/images/boitmal/produit/zoom/5067C7115A77A89878B9ACE972357728.jpg,,,,,2026-01-28T23:59:59Z,PROSPECTUS,14,3
20100,5601010131279,120.0,Ramirez,"Atum ao Natural, emb. 120 gr",,1.19,9.92,0,kg,€/Kg,,,https://driveimg1.intermarche.com/pt/Content/images/boitmal/produit/zoom/D6D7337A327D39309C10A263E366779D.jpg,,,,,,,,2026-01-28T23:59:59Z,PROSPECTUS,14,3
20468,5601385503176,,Aquafresh,Escova de Dentes Extra Interdental,1 + 1 unidades,2.59,2.59,0,,€/Unidade,,,https://driveimg1.intermarche.com/pt/Content/images/boitmal/produit/zoom/6EB0AF8EA36F700AFA23A8E14FD19291.jpg,,,,,,,,2026-01-28T23:59:59Z,PROSPECTUS,14,3
21465,5449000085474,1500.0,Fanta,"Refrigerante com Gás Maracujá sem Açúcar, emb. 1,5 lt",,0.99,0.66,1500,L,€/L,,,https://driveimg1.intermarche.com/pt/Content/images/boitmal/produit/zoom/713F7A2E8FF1504D7580CF5EB99232C0.jpg,,,,,,,,2026-01-28T23:59:59Z,PROSPECTUS,14,4
2166,5604260260140,5000.0,PorSi,Trinca de Arroz 5 kg,,3.99,0.8,0,kg,€/Kg,,,https://driveimg1.intermarche.com/pt/Content/images/boitmal/produit/zoom/77A4762AA4FAEA5A9CACE3503EFBB491.jpg,,,,,,,,2026-01-28T23:59:59Z,PROSPECTUS,14,4
21745,7613035659728,250.0,Cerelac,Papa infantil não láctea multicereais +6 meses,Embalagem de 250g,2.24,8.96,0,kg,€/Kg,,,https://driveimg1.intermarche.com/pt/Content/images/boitmal/produit/zoom/90667A298E4003D9445C62EE2E028371.jpg,,,,,,,,2026-01-28T23:59:59Z,PROSPECTUS,14,4
2189,5604260264643,100.0,PorSi Select,Café Solúvel Gold,,3.29,32.9,0,kg,€/Kg,,,https://driveimg1.intermarche.com/pt/Content/images/boitmal/produit/zoom/E3B4BCEA77C9F21DDB8FCE03F7115151.jpg,,,,,,,,2026-01-28T23:59:59Z,PROSPECTUS,14,4
22232,8410320104500,80.0,Campofrio,"Salame fatiado, embalagem de 80g",,1.59,19.88,0,kg,€/Kg,,,https://driveimg1.intermarche.com/pt/Content/images/boitmal/produit/zoom/B989DC79BAD10F2BF93E42F2FFD0E3D8.jpg,,,,,,,,2026-01-28T23:59:59Z,PROSPECTUS,14,4
2280,5604260270101,55.0,PorSi,Cápsulas Café Perfetto Cnpx10,,2.29,41.64,0,kg,€/Kg,,,https://driveimg1.intermarche.com/pt/Content/images/boitmal/produit/zoom/49E85F5BB82C2E148DD2A94BDBF1A0A6.jpg,,,,,,,,2026-01-28T23:59:59Z,PROSPECTUS,14,4
22999,5601286260239,500.0,Milaneza,"Lírios, 500g",,0.99,1.98,0,kg,€/Kg,,,https://driveimg1.intermarche.com/pt/Content/images/boitmal/produit/zoom/74AF8D8368CD859BCA005E76EC96F7DF.jpg,,,,,,,,2026-01-28T23:59:59Z,PROSPECTUS,14,4
23469,8410500020453,280.0,Danone,"Danonino para levar, polpa de morango, embalagem de 4 x 70 g",,2.19,7.82,0,kg,€/Kg,,,https://driveimg1.intermarche.com/pt/Content/images/boitmal/produit/zoom/3E7A122EA567C89446D113FF66BFA0AE.jpg,,,,,,,,2026-01-28T23:59:59Z,PROSPECTUS,14,4
23582,5604260281275,175.0,Porsi Programa Origens,Salada Premium 175 G,,1.19,6.8,0,kg,€/Kg,,,https://driveimg1.intermarche.com/pt/Content/images/boitmal/produit/zoom/A8F765E7D8A6C281765A51B35764D182.jpg,,,,,,,,2026-01-28T23:59:59Z,PROSPECTUS,14,4
23652,8712000900175,6000.0,Heineken,"Cerveja com Álcool, emb. 24 x 25 cl",,14.99,2.5,6000,L,€/L,,,https://driveimg1.intermarche.com/pt/Content/images/boitmal/produit/zoom/AB5BBEB462A56533212E5950F8D46993.jpg,,,,,,,,2026-01-28T23:59:59Z,PROSPECTUS,14,4
2395,5608516251012,280.0,Quinta de Jugais,"Doce de abóbora, embalagem de 280g",,2.39,8.54,0,kg,€/Kg,,,https://driveimg1.intermarche.com/pt/Content/images/boitmal/produit/zoom/AB6DD9E1B184FE9EE415A4FDA3D49CB5.jpg,,,,,,,,2026-01-28T23:59:59Z,PROSPECTUS,14,4
2441,5998749107898,720.0,Pedigree,"Snack dentastix médio, de 720 g",,8.14,11.31,0,kg,€/Kg,,,https://driveimg1.intermarche.com/pt/Content/images/boitmal/produit/zoom/FC04B8F248B16D5802B314F197DBA209.jpg,,,,,,,,2026-01-28T23:59:59Z,PROSPECTUS,14,4
2481,7613032584504,250.0,Cerelac,"Papa Infantil Láctea Banana e Laranja +6M, emb. 250 gr",,2.99,11.96,0,kg,€/Kg,,,https://driveimg1.intermarche.com/pt/Content/images/boitmal/produit/zoom/8CB0086F6379609601EA9215ECF52500.jpg,,,,,,,,2026-01-28T23:59:59Z,PROSPECTUS,14,4
24843,5604655005158,400.0,Peixaria,Paloco desfiado do pacifico,Embalagem de 400 g,2.69,6.73,0,kg,€/Kg,,,https://driveimg1.intermarche.com/pt/Content/images/boitmal/produit/zoom/A6D43F84A49577D695E61B0D7FE082C0.jpg,,,,,,,,2026-01-28T23:59:59Z,PROSPECTUS,14,4
25215,7613035930582,90.0,Nestlé,"Fruta para bebé maçã manga +6 meses, embalagem de 90g",,0.65,7.22,0,kg,€/Kg,,,https://driveimg1.intermarche.com/pt/Content/images/boitmal/produit/zoom/1A0BFDB38CDBA8991FD9074B384368B9.jpg,,,,,,,,2026-01-28T23:59:59Z,PROSPECTUS,14,4
25262,5000116112166,208.0,Capitão Iglo,"10 nuggets de frango, embalagem de 210g",,2.99,14.38,0,kg,€/Kg,,Tipo de stockagem,https://driveimg1.intermarche.com/pt/Content/images/boitmal/produit/zoom/CF1467DF1CD91C352F5C2C303E0557A7.jpg,,,,,,,,2026-01-28T23:59:59Z,PROSPECTUS,14,4
2589,7622300281182,154.0,Oreo,"Bolachas, tubo, embalagem de 150g",,1.49,9.68,0,kg,€/Kg,,,https://driveimg1.intermarche.com/pt/Content/images/boitmal/produit/zoom/46D952192D83520413CC02FFD2B835D0.jpg,,,,,,,,2026-01-28T23:59:59Z,PROSPECTUS,14,4
2601,7622300491161,246.0,Oreo,"Bolachas, cobertura com chocolate branco, embalagem de 250g",,2.44,9.92,0,kg,€/Kg,,,https://driveimg1.intermarche.com/pt/Content/images/boitmal/produit/zoom/CA93ABF709B0EFABDC1590132070D574.jpg,,,,,,,,2026-01-28T23:59:59Z,PROSPECTUS,14,4
2602,7622300491215,246.0,Oreo,Bolachas com cobertura de chocolate de leite,Embalagem de 250g,2.44,9.92,0,kg,€/Kg,,,https://driveimg1.intermarche.com/pt/Content/images/boitmal/produit/zoom/EB552BCAC31CB4B18022750D8AD7FE21.jpg,,,,,,,,2026-01-28T23:59:59Z,PROSPECTUS,14,4
26063,5601082041711,220.0,Delta,"Café Moído Torrado Moagem Universal Origins Brasil Int 9, emb. 220 gr",Embalagem de 220g,3.84,17.45,0,kg,€/Kg,,,https://driveimg1.intermarche.com/pt/Content/images/boitmal/produit/zoom/6E173E774FBACCD1F9AA0858129F6C59.jpg,,,,,,,,2026-01-28T23:59:59Z,PROSPECTUS,14,4
26414,5000116110919,1042.0,Capitão Iglo,"50 nuggets de frango, embalagem de 1042g",,12.99,12.47,0,kg,€/Kg,,Tipo de stockagem,https://driveimg1.intermarche.com/pt/Content/images/boitmal/produit/zoom/D97E3080A57234D7462734347713E694.jpg,,,,,,,,2026-01-28T23:59:59Z,PROSPECTUS,14,4
26549,3094905001436,,Aquafresh,Escovas Dentífricas Limpeza Flex,2 un. + 1 Grátis,2.84,2.84,0,,€/Unidade,,,https://driveimg1.intermarche.com/pt/Content/images/boitmal/produit/zoom/F1287D0C49D30EE3EDA2BDFA782E59CD.jpg,,,,,,,,2026-01-28T23:59:59Z,PROSPECTUS,14,4
26596,8711000357484,,LOr,"Café forza intensidade 9, 10 cápsulas",,3.49,3.49,10,,€/Unidade,,,https://driveimg1.intermarche.com/pt/Content/images/boitmal/produit/zoom/5ACC49F694F43D6040AB862115E73E50.jpg,,,,,,,,2026-01-28T23:59:59Z,PROSPECTUS,14,4
26598,8711000357477,,LOr,"Café sontuoso intensidade 8, 10 cápsulas",,3.49,3.49,10,,€/Unidade,,,https://driveimg1.intermarche.com/pt/Content/images/boitmal/produit/zoom/6483A3AAB4F3D08446040ADF6E97320F.jpg,,,,,,,,2026-01-28T23:59:59Z,PROSPECTUS,14,4
26798,5029053028620,,Kleenex,Lenços Bolso Colletion,Pack 15 unidades,1.89,1.89,0,,€/Unidade,,,https://driveimg1.intermarche.com/pt/Content/images/boitmal/produit/zoom/970C613CC2F6A16587D28BC062FA8407.jpg,,,,,,,,2026-01-28T23:59:59Z,PROSPECTUS,14,4
27489,8434165466395,168.0,Cuétara,"Bolacha tosta rica choco guay, embalagem de 170g",,1.69,10.06,0,kg,€/Kg,,,https://driveimg1.intermarche.com/pt/Content/images/boitmal/produit/zoom/1CD8CAD95BD0AABEBD196CC2C053F77F.jpg,,,,,,,,2026-01-28T23:59:59Z,PROSPECTUS,14,4
2753,8410066113484,400.0,Heinz,Maionese de cebola e alho 400 ml,,2.89,7.23,400,L,€/L,,,https://driveimg1.intermarche.com/pt/Content/images/boitmal/produit/zoom/CB59DADB624294DBACBA357544AFD162.jpg,,,,,,,,2026-01-28T23:59:59Z,PROSPECTUS,14,4
28271,5601082042619,,Delta Q,"Cápsulas de Café Int 7, emb. 10 un.",Embalagem de 60g,3.99,3.99,0,,€/Unidade,,,https://driveimg1.intermarche.com/pt/Content/images/boitmal/produit/zoom/FDA125630EFA1117C5A3B9FC34298B39.jpg,,,,,,,,2026-01-28T23:59:59Z,PROSPECTUS,14,4
28510,5601217129819,800.0,Finish,"Abrilhantador máquina de lavar loiça brilho e secagem, embalagem de 800 ml",,7.99,9.99,800,L,€/L,,,https://driveimg1.intermarche.com/pt/Content/images/boitmal/produit/zoom/4771F47A09A543C7AE4519E8292E01AF.jpg,,,,,,,,2026-01-28T23:59:59Z,PROSPECTUS,14,4
28601,7613034196453,680.0,Purina Gourmet,"Comida Húmida para Gato Adulto Finos Pedaços em Molho Saquetas, emb. 8 x 85 gr",Embalagem de 680g,4.64,6.82,0,kg,€/Kg,,,https://driveimg1.intermarche.com/pt/Content/images/boitmal/produit/zoom/913F2A9EEBC89BDE539CE130E00F4167.jpg,,,,,,,,2026-01-28T23:59:59Z,PROSPECTUS,14,4
28609,5604260282951,55.0,PorSi,Cápsulas Café Ristretto Cnpx10,,2.29,41.64,0,kg,€/Kg,,,https://driveimg1.intermarche.com/pt/Content/images/boitmal/produit/zoom/98A2B27B97561600F2789C49300E14CC.jpg,,,,,,,,2026-01-28T23:59:59Z,PROSPECTUS,14,4
29434,8412600028568,500.0,Bimbo,"Pão de Forma Artesano com Côdea, emb. 500 gr",550 g,2.24,4.48,0,kg,€/Kg,,,https://driveimg1.intermarche.com/pt/Content/images/boitmal/produit/zoom/3CFE72B428C8815F287AEBF5DD23696F.jpg,,,,,,,,2026-01-28T23:59:59Z,PROSPECTUS,14,4
30566,5601066401005,180.0,Nacional,"Bolachas my cookies xl com pepitas de chocolate de leite, 180g",,2.24,12.44,0,kg,€/Kg,,,https://driveimg1.intermarche.com/pt/Content/images/boitmal/produit/zoom/1E1488DFFD8ECC63E1BA6182AB6CEE60.jpg,,,,,,,,2026-01-28T23:59:59Z,PROSPECTUS,14,4
30891,5609060099617,200.0,Delta,Bebida solúvel cereais+fibra frasco 200g,Embalagem de 200g,2.79,13.95,0,kg,€/Kg,,,https://driveimg1.intermarche.com/pt/Content/images/boitmal/produit/zoom/7C416EF7E94C6799222D8AD20D418923.jpg,,,,,,,,2026-01-28T23:59:59Z,PROSPECTUS,14,4
31611,8434165466357,160.0,Cuétara,"Tosta rica oceanix, embalagem de 160g",,1.69,10.56,0,kg,€/Kg,,,https://driveimg1.intermarche.com/pt/Content/images/boitmal/produit/zoom/2E4E0A4B3A93FDA1ACAE85434E480C95.jpg,,,,,,,,2026-01-28T23:59:59Z,PROSPECTUS,14,4
32542,5609060007087,200.0,Delta,Café solúvel + cereais,Embalagem de 200 g,3.89,19.45,0,kg,€/Kg,,,https://driveimg1.intermarche.com/pt/Content/images/boitmal/produit/zoom/F9D0CD9AF58FE5C906C214D2AD623D92.jpg,,,,,,,,2026-01-28T23:59:59Z,PROSPECTUS,14,4
32552,5608527002771,750.0,Casa Ermelinda Freitas,"Vinho Vinha da Fonte Setúbal Branco, garrafa 75 cl",Garrafa de 0.75 l,2.99,3.99,750,L,€/L,,,https://driveimg1.intermarche.com/pt/Content/images/boitmal/produit/zoom/3B4E94DF0789B17689D4268EA2DA7F36.jpg,,,,,,,,2026-01-28T23:59:59Z,PROSPECTUS,14,4
33123,5601172230551,125.0,Blédina,Bledina bolachinhas 125g,Embalagem de 130g,1.98,15.84,0,kg,€/Kg,,,https://driveimg1.intermarche.com/pt/Content/images/boitmal/produit/zoom/1675A19ECE8C99D07B6568925A41D86E.jpg,,,,,,,,2026-01-28T23:59:59Z,PROSPECTUS,14,4
33403,5608527002788,750.0,Vinha da Fonte,"Dona Ermelinda Vinha Da Fonte Reserva Tinto 2022, garrafa 75 cl",Garrafa de 0.75 l,3.99,5.32,750,L,€/L,,,https://driveimg1.intermarche.com/pt/Content/images/boitmal/produit/zoom/590F6016E28E664FE16E3D1DD3D4CE94.jpg,,,,,,,,2026-01-28T23:59:59Z,PROSPECTUS,14,4
33537,7322540851946,,Tena,"Pensos Incontinência Discreet Normal, emb. 24 un.",,4.19,4.19,0,,€/Unidade,,,https://driveimg1.intermarche.com/pt/Content/images/boitmal/produit/zoom/7C59E6324002FD297B7822230472C200.jpg,https://driveimg1.intermarche.com/pt/Content/images/boitmal/produit/zoom/CB70A1227AD176055ED5E5D7CFE5FA5C.jpg,https://driveimg1.intermarche.com/pt/Content/images/boitmal/produit/zoom/239247C82FD5A3214B6AAB7D9E485524.jpg,https://driveimg1.intermarche.com/pt/Content/images/boitmal/produit/zoom/56D712C22E1950AC6B27A5FB93C6EE48.jpg,,,,,2026-01-28T23:59:59Z,PROSPECTUS,14,4
33563,5609060007070,200.0,Delta,Cevada solúvel,Embalagem de 200 g,2.69,13.45,0,kg,€/Kg,,,https://driveimg1.intermarche.com/pt/Content/images/boitmal/produit/zoom/9DB066DE69C74BAF6E3C3065BCCE0FA7.jpg,,,,,,,,2026-01-28T23:59:59Z,PROSPECTUS,14,4
33631,5601217130631,,Finish,"Ambientador para a máquina da loiça de lima e limão, 1 un.",,3.99,3.99,1,,€/Unidade,,,https://driveimg1.intermarche.com/pt/Content/images/boitmal/produit/zoom/59B0AD9BB7EBD8E68264D646B0B54FF9.jpg,,,,,,,,2026-01-28T23:59:59Z,PROSPECTUS,14,4
33884,2893837000000,1500.0,Peixaria,Peixe espada preto inteiro,Vendido ao peso,11.99,7.99,0,,€/Kg,,,https://driveimg1.intermarche.com/pt/Content/images/boitmal/produit/zoom/0C1CA3DE6B16A13335042AAFE1F612D6.jpg,,,,,,,,2026-01-28T23:59:59Z,PROSPECTUS,14,4
34353,5604260282852,500.0,PorSi,Iogurte Natural Açucarado 4x125g,,0.8,1.6,0,kg,€/Kg,,,https://driveimg1.intermarche.com/pt/Content/images/boitmal/produit/zoom/6C9F39B841A9DDA8724CC748244C792C.jpg,,,,,,,,2026-01-28T23:59:59Z,PROSPECTUS,14,4
35542,7613036867405,,Nescafé,"Cápsulas de Café Espresso Intenso Int 7, emb. 30 un",,10.99,10.99,30,,€/Unidade,,,https://driveimg1.intermarche.com/pt/Content/images/boitmal/produit/zoom/FC99456EA03268527FE0EC549A21D081.jpg,,,,,,,,2026-01-28T23:59:59Z,PROSPECTUS,14,4
35760,3574669909563,500.0,Johnson's Baby,Champô para criança penteia fácil,Embalagem de 500 ml,4.49,8.98,500,L,€/L,,,https://driveimg1.intermarche.com/pt/Content/images/boitmal/produit/zoom/2C77B95733E65499C5B52B637A199BD2.jpg,,,,,,,,2026-01-28T23:59:59Z,PROSPECTUS,14,4
36245,5000204117318,40.0,Glade,"Recargas ambientador elétrico relaxing zen, 2 x 20 ml",,5.19,129.75,40,L,€/L,,,https://driveimg1.intermarche.com/pt/Content/images/boitmal/produit/zoom/6DA8F56BD0A646FD3B917BA73D2BD427.jpg,,,,,,,,2026-01-28T23:59:59Z,PROSPECTUS,14,4
36586,3574660240030,,O.B.,Tampões ProComfort Normal,1 Embalagem c/32 unidades,4.19,4.19,0,,€/Unidade,,,https://driveimg1.intermarche.com/pt/Content/images/boitmal/produit/zoom/415C4417CFD5EA986A9EA57263D43052.jpg,,,,,,,,2026-01-28T23:59:59Z,PROSPECTUS,14,4
37046,5601217132666,500.0,Cillitbang,"Spray calcário e sujidade, garrafa de 500 ml",,2.49,4.98,500,L,€/L,,,https://driveimg1.intermarche.com/pt/Content/images/boitmal/produit/zoom/0B3643C0021BC8837B6653E8203F1AB4.jpg,,,,,,,,2026-01-28T23:59:59Z,PROSPECTUS,14,4
37802,5391522472839,750.0,Aptamil,"Leite regular 4, embalagem de 750 g",,10.39,13.85,0,kg,€/Kg,,,https://driveimg1.intermarche.com/pt/Content/images/boitmal/produit/zoom/70425950961725CB7E5908F49498A0D5.jpg,,,,,,,,2026-01-28T23:59:59Z,PROSPECTUS,14,4
37808,5604260301102,,PorSi,Fraldas Cueca T5 12-18 kg - 20 Unidades,,4.69,4.69,0,,€/Unidade,,,https://driveimg1.intermarche.com/pt/Content/images/boitmal/produit/zoom/4AD0583238D4578F6A92756D29B28A77.jpg,,,,,,,,2026-01-28T23:59:59Z,PROSPECTUS,14,4
37809,5604260301119,,PorSi,Fraldas Cueca T6 16-22 kg - 18 Unidades,,4.69,4.69,0,,€/Unidade,,,https://driveimg1.intermarche.com/pt/Content/images/boitmal/produit/zoom/E536EA3EA35E23C93A2058020884BA0B.jpg,,,,,,,,2026-01-28T23:59:59Z,PROSPECTUS,14,4
37810,5604260299720,,PorSi,Fraldas Recém-nascido T1 2-5 kg - 24 Unidades,,2.89,2.89,0,,€/Unidade,,,https://driveimg1.intermarche.com/pt/Content/images/boitmal/produit/zoom/3BACA4C444DD35A433708207025647B3.jpg,,,,,,,,2026-01-28T23:59:59Z,PROSPECTUS,14,4
37813,5604260301072,,PorSi,Fraldas Premium T4 9-15 kg - 50 Unidades,,8.49,8.49,0,,€/Unidade,,,https://driveimg1.intermarche.com/pt/Content/images/boitmal/produit/zoom/FEBDD011751B59D97EB685821C28F832.jpg,,,,,,,,2026-01-28T23:59:59Z,PROSPECTUS,14,4
37989,8410063071206,1000.0,Pescanova,"Tiras de Pota Panadas, emb. 1 kg",,7.99,7.99,0,kg,€/Kg,,Tipo de stockagem,https://driveimg1.intermarche.com/pt/Content/images/boitmal/produit/zoom/05601F6E04A5D43B974FEF47AA3F0757.jpg,,,,,,,,2026-01-28T23:59:59Z,PROSPECTUS,14,4
37990,8410063036175,1000.0,Pescanova,"Caprichos do Mar sem Glúten, emb. 1 kg (31 a 37 un.)",,6.59,6.59,0,kg,€/Kg,,Tipo de stockagem,https://driveimg1.intermarche.com/pt/Content/images/boitmal/produit/zoom/6895ADBC20BAA64ABF1A75EDB160FACB.jpg,,,,,,,,2026-01-28T23:59:59Z,PROSPECTUS,14,4
38340,5054563049018,75.0,Parodontax,Dentífrico cuidado branqueador,Embalagem de 75 ml,4.79,63.87,75,L,€/L,,,https://driveimg1.intermarche.com/pt/Content/images/boitmal/produit/zoom/6CD4BAD7A59F5A7269B33311A89CE300.jpg,,,,,,,,2026-01-28T23:59:59Z,PROSPECTUS,14,4
38445,5601027006386,240.0,Bimbo,"Travesseiros sabor chocolate com recheio de creme, 240g",,1.99,8.29,0,kg,€/Kg,,,https://driveimg1.intermarche.com/pt/Content/images/boitmal/produit/zoom/BA23321D450C319771AE7D765384CE64.jpg,,,,,,,,2026-01-28T23:59:59Z,PROSPECTUS,14,4
38560,5601027006447,280.0,Bimbo,"Pão de Leite, emb. 280 gr (8 un)",Embalagem de 280g,1.99,7.11,0,kg,€/Kg,,,https://driveimg1.intermarche.com/pt/Content/images/boitmal/produit/zoom/6B2CD6A0B581F7726EA51AA0698C6FB6.jpg,https://driveimg1.intermarche.com/pt/Content/images/boitmal/produit/zoom/03428EFF3EBBF0386E77776667460845.jpg,,,,,,,2026-01-28T23:59:59Z,PROSPECTUS,14,4
40974,8711327407121,2000.0,Lipton,Ice tea de limão zero açúcar garrafa 2 l,,1.99,1.0,2000,L,€/L,,,https://driveimg1.intermarche.com/pt/Content/images/boitmal/produit/zoom/01B1D0B046262E5013625D98284F67D4.jpg,,,,,,,,2026-01-28T23:59:59Z,PROSPECTUS,14,4
