identifier,produitEan13,capacite,marque,libelle,conditionnement,prix,unitPrice,volume,typeProduit_uniteByCode,unit_value,pictogrammes_0,pictogrammes_libelleCategorie,images_0,images_1,images_2,images_3,images_4,images_5,images_6,avantages_dateFin,avantages_categorie,nro_paginas,page
33090,5411188112709,1000.0,Alpro,"Bebida amêndoa torrada sem açúcar, embalagem de 1litro",,1.89,1.89,1000,L,€/L,,,https://driveimg1.intermarche.com/pt/Content/images/boitmal/produit/zoom/66C6488BDB769AFC2D2A2697199C34D6.jpg,,,,,,,2026-02-25T23:59:59Z,PROSPECTUS,16,1
1439,5601260127107,1000.0,Cigala,"Arroz vaporizado, embalagem de 1 kg",,1.29,1.29,0,kg,€/Kg,,,https://driveimg1.intermarche.com/pt/Content/images/boitmal/produit/zoom/4B2862217CBB7515902C0E411B46053F.jpg,,,,,,,2026-02-25T23:59:59Z,PROSPECTUS,16,1
1295,5601151533451,1000.0,Compal,"Néctar clássico de manga, embalagem de 1l",,0.99,0.99,1000,L,€/L,,,https://driveimg1.intermarche.com/pt/Content/images/boitmal/produit/zoom/C39B088399EB8957F0ED194316340ED2.jpg,,,,,,,2026-02-25T23:59:59Z,PROSPECTUS,16,1
1135,5601082022758,250.0,Delta,"Café Moído Torrado Moagem Máquina Lote Chávena Int 12, emb. 250 gr",Embalagem de 250g,3.79,15.16,0,kg,€/Kg,,,https://driveimg1.intermarche.com/pt/Content/images/boitmal/produit/zoom/13E9F03FF8FB53EE57516E14277CD628.jpg,,,,,,,2026-02-25T23:59:59Z,PROSPECTUS,16,1
36802,8001090139504,,Dodot,Toalhitas básico,embalagem com 54 unidades,0.89,0.89,0,,€/Unidade,,,https://driveimg1.intermarche.com/pt/Content/images/boitmal/produit/zoom/F1107019760B8AA1979363639B76868E.jpg,,,,,,,2026-02-25T23:59:59Z,PROSPECTUS,16,1
1144,5601082026978,,Delta Q,"Cápsulas de Café Aqtivus Int 8, emb. 10 un.",Embalagem de 55 g,3.79,3.79,0,,€/Unidade,,,https://driveimg1.intermarche.com/pt/Content/images/boitmal/produit/zoom/52267C2B82B3AE15A09FF0BFBFD58772.jpg,,,,,,,2026-02-25T23:59:59Z,PROSPECTUS,16,1
48782,8410199023070,150.0,LayS,"Batatas camponesas, embalagem de 150g",,1.29,8.6,0,kg,€/Kg,,,https://driveimg1.intermarche.com/pt/Content/images/boitmal/produit/zoom/D570E7E39595628616CA3F3914A72126.jpg,,,,,,,2026-02-25T23:59:59Z,PROSPECTUS,16,1
44590,8710847961168,360.0,Linic,"Champô para homem anti caspa cool sport, embalagem de 360 ml",,4.69,13.03,360,L,€/L,,,https://driveimg1.intermarche.com/pt/Content/images/boitmal/produit/zoom/F0463852C728850383B118E176FF460D.jpg,,,,,,,2026-02-25T23:59:59Z,PROSPECTUS,16,1
57385,8711327683525,2000.0,Lipton,"Ice Tea Framboesa, emb. 2 lt",,1.89,0.95,2000,L,€/L,,,https://driveimg1.intermarche.com/pt/Content/images/boitmal/produit/zoom/8C42BFAC31228A2E35A1C1F588CA5E4A.jpg,,,,,,,2026-02-25T23:59:59Z,PROSPECTUS,16,1
11961,5603722505607,1000.0,Mimosa,"Leite sem lactose meio gordo, de 1l",,1.09,1.09,1000,L,€/L,,,https://driveimg1.intermarche.com/pt/Content/images/boitmal/produit/zoom/A98ED8A0E5E675A3AC1A551BCE75B0AB.jpg,https://driveimg1.intermarche.com/pt/Content/images/boitmal/produit/zoom/4E57BFE09E8D859BDBE1705476BB9F1B.jpg,https://driveimg1.intermarche.com/pt/Content/images/boitmal/produit/zoom/E1F70144AAFCC0EAEBFF05614177D009.jpg,,,,,2026-02-25T23:59:59Z,PROSPECTUS,16,1
1120,5601066301718,500.0,Nacional,"Massa de espirais, embalagem de 500g",,0.85,1.7,0,kg,€/Kg,,,https://driveimg1.intermarche.com/pt/Content/images/boitmal/produit/zoom/B50E4B0B2C4856A819A2FF672D887104.jpg,,,,,,,2026-02-25T23:59:59Z,PROSPECTUS,16,1
40819,5605566000133,5000.0,Penacova,"Água sem Gás Garrafão, emb. 5 lt",,0.99,0.2,5000,L,€/L,,,https://driveimg1.intermarche.com/pt/Content/images/boitmal/produit/zoom/A64C61020903C9B4015FF80D9F8314AF.jpg,,,,,,,2026-02-25T23:59:59Z,PROSPECTUS,16,1
44795,5601151971437,1000.0,Pepsi,"Refrigerante com gás, garrafa de 1l",,0.95,0.95,1000,L,€/L,,,https://driveimg1.intermarche.com/pt/Content/images/boitmal/produit/zoom/06485FC8AB0FFA567627AA53F8FE6729.jpg,,,,,,,2026-02-25T23:59:59Z,PROSPECTUS,16,1
16022,5601146703609,5000.0,Sagres,"Cerveja com Álcool, emb. 20 x 25 cl",20 x 0.25 l,9.69,1.94,5000,L,€/L,,,https://driveimg1.intermarche.com/pt/Content/images/boitmal/produit/zoom/CF0AC3A8EDB171FA4E35FF0504CF12A8.jpg,,,,,,,2026-02-25T23:59:59Z,PROSPECTUS,16,1
52373,8720181384929,3420.0,Skip,"Detergente máquina roupa líquido sensitive, 76 doses",,11.79,3.45,3420,L,€/L,,,https://driveimg1.intermarche.com/pt/Content/images/boitmal/produit/zoom/2026CABA1ED6C8CC28BF262BD198C659.jpg,https://driveimg1.intermarche.com/pt/Content/images/boitmal/produit/zoom/08584FC3B52052055861732D08983BEF.jpg,,,,,,2026-02-25T23:59:59Z,PROSPECTUS,16,1
8802,5601244202363,400.0,Terra Nostra,"Queijo em fatias, embalagem de 400g",,3.69,9.23,0,kg,€/Kg,,,https://driveimg1.intermarche.com/pt/Content/images/boitmal/produit/zoom/902CA7799BBBA9029457B2CA9E0FB1C4.jpg,,,,,,,2026-02-25T23:59:59Z,PROSPECTUS,16,1
57695,8720181748462,700.0,Vaseline,"Gel de Banho Rosas e Jasmim, emb. 700 ml",,2.79,3.99,700,L,€/L,,,https://driveimg1.intermarche.com/pt/Content/images/boitmal/produit/zoom/E88830E0C0BABFADE98801A700582679.jpg,,,,,,,2026-02-25T23:59:59Z,PROSPECTUS,16,1
12972,2892040000000,200.0,Fruta,Banana,1 un = 200 gr (aprox.),0.22,1.09,0,,€/Kg,,,https://driveimg1.intermarche.com/pt/Content/images/boitmal/produit/zoom/1515327A77B72426B2932390DFBE18E5.jpg,,,,,,,2026-02-25T23:59:59Z,PROSPECTUS,16,1
13886,2891108000000,1000.0,Frango,Bife de Frango,Vendido ao peso a partir de 1 kg,5.99,5.99,0,,€/Kg,,,https://driveimg1.intermarche.com/pt/Content/images/boitmal/produit/zoom/519BDC237EE2CC43FB5B010D4FF5A15B.jpg,,,,,,,2026-02-25T23:59:59Z,PROSPECTUS,16,1
13866,2891048000000,1000.0,Porco,Bifanas,Vendido ao peso a partir de 1 kg,3.99,3.99,0,,€/Kg,,,https://driveimg1.intermarche.com/pt/Content/images/boitmal/produit/zoom/72DE0DA6B485199AC995C629E3E4D279.jpg,,,,,,,2026-02-25T23:59:59Z,PROSPECTUS,16,1
12997,2892527000000,300.0,Legumes,Courgette Categoria II,,0.75,2.49,0,,€/Kg,,,https://driveimg1.intermarche.com/pt/Content/images/boitmal/produit/zoom/323B806C0CB557ED0F5B2CB32A998FDE.jpg,,,,,,,2026-02-25T23:59:59Z,PROSPECTUS,16,1
13934,2891062000000,250.0,Porco,Rojões,1 un = 250 gr  (aprox.),1.0,3.99,0,,€/Kg,,,https://driveimg1.intermarche.com/pt/Content/images/boitmal/produit/zoom/925F2FDC1F925A7FD71EE6165315B22E.jpg,,,,,,,2026-02-25T23:59:59Z,PROSPECTUS,16,1
8383,5601049132995,1000.0,Mimosa,"Leite uht meio gordo, embalagem de 1litro",,0.9,0.9,1000,L,€/L,,,https://driveimg1.intermarche.com/pt/Content/images/boitmal/produit/zoom/6FB52C843F677BD37D399D45BB10B38B.jpg,https://driveimg1.intermarche.com/pt/Content/images/boitmal/produit/zoom/AE810093A08CEBD60415DCC626CF5804.jpg,https://driveimg1.intermarche.com/pt/Content/images/boitmal/produit/zoom/A0562293538F541B1B99592AA046327B.jpg,,,,,2026-02-25T23:59:59Z,PROSPECTUS,16,1
12994,2892524000000,100.0,Legumes,Cenoura Granel,1 un = 100 gr (aprox.),0.1,0.99,0,,€/Kg,,,https://driveimg1.intermarche.com/pt/Content/images/boitmal/produit/zoom/5AEDEF3ED6ABEF24EACEE9C46AA7916F.jpg,,,,,,,2026-02-25T23:59:59Z,PROSPECTUS,16,1
13821,2892597000000,200.0,Legumes,Tomate Cacho,1 un = 200 gr (aprox.),0.38,1.89,0,,€/Kg,,,https://driveimg1.intermarche.com/pt/Content/images/boitmal/produit/zoom/FD67F77AFAB450B6A4FA38E0279E6686.jpg,,,,,,,2026-02-25T23:59:59Z,PROSPECTUS,16,1
9727,5604260273058,200.0,PorSi,Queijo Mozzarela Ralado 200g,,1.59,7.95,0,kg,€/Kg,,,https://driveimg1.intermarche.com/pt/Content/images/boitmal/produit/zoom/87A294803531F1557BAF63F77686243B.jpg,,,,,,,2026-02-25T23:59:59Z,PROSPECTUS,16,1
12888,2892090000000,500.0,Fruta,Manga Avião,1 un=500 gr (aprox.),1.95,3.89,0,,€/Kg,,,https://driveimg1.intermarche.com/pt/Content/images/boitmal/produit/zoom/842EA0C904154D230A3A6F63A245D264.jpg,,,,,,,2026-02-25T23:59:59Z,PROSPECTUS,16,1
17272,2891375000000,800.0,Novilho,Carne p/ Estufar,Vendido ao peso a partir de 800 g,9.99,12.49,0,,€/Kg,,,https://driveimg1.intermarche.com/pt/Content/images/boitmal/produit/zoom/74A9E71258207F3FD300DB35B0F5BB18.jpg,,,,,,,2026-02-25T23:59:59Z,PROSPECTUS,16,1
44956,2696878000000,,Padaria,Bola de mistura centeio Baviera,90 g,0.19,0.19,0,,€/Unidade,,,https://driveimg1.intermarche.com/pt/Content/images/boitmal/produit/zoom/09DB4B39AC0AAE5D11E868A906EFB364.jpg,,,,,,,2026-02-25T23:59:59Z,PROSPECTUS,16,1
14847,2892476000000,100.0,Programa Origens,Alho Seco,Vendido a partir de 100 gr,0.57,5.69,0,,€/Kg,,,https://driveimg1.intermarche.com/pt/Content/images/boitmal/produit/zoom/CFA3B1E723D71FB9BFAE5D5B250C3BB3.jpg,,,,,,,2026-02-25T23:59:59Z,PROSPECTUS,16,1
23582,5604260281275,175.0,Porsi Programa Origens,Salada Premium 175 G,,1.19,6.8,0,kg,€/Kg,,,https://driveimg1.intermarche.com/pt/Content/images/boitmal/produit/zoom/A8F765E7D8A6C281765A51B35764D182.jpg,,,,,,,2026-02-25T23:59:59Z,PROSPECTUS,16,1
34239,5604260285495,1500.0,PorSi,Pera rocha categoria II Programa Origens,Embalagem de 1.5 kg,2.49,1.66,0,kg,€/Kg,,,https://driveimg1.intermarche.com/pt/Content/images/boitmal/produit/zoom/F6E3096BF97BB2633EACD15A32FEACF7.jpg,https://driveimg1.intermarche.com/pt/Content/images/boitmal/produit/zoom/11ABC193A8AF1413E11E1849F00D2775.jpg,,,,,,2026-02-25T23:59:59Z,PROSPECTUS,16,1
9315,5603722509544,1000.0,Mimosa,"Leite 0% lactose magro, de 1l",,1.09,1.09,1000,L,€/L,,,https://driveimg1.intermarche.com/pt/Content/images/boitmal/produit/zoom/0350D0DE44A653A9AB01722B06443E94.jpg,https://driveimg1.intermarche.com/pt/Content/images/boitmal/produit/zoom/DC5219EC1E15E09529E323B7D196FADA.jpg,https://driveimg1.intermarche.com/pt/Content/images/boitmal/produit/zoom/DC48BFFA4281D8016E9FB40168ED4485.jpg,,,,,2026-02-25T23:59:59Z,PROSPECTUS,16,1
13602,2893597000000,500.0,Peixaria,Pescada Média Argentina Congelada,+ de 500 g,2.5,4.99,0,,€/Kg,,Avantages !,https://driveimg1.intermarche.com/pt/Content/images/boitmal/produit/zoom/0D3A6A42D4C22CDA932A00A286926BF6.jpg,,,,,,,2026-02-25T23:59:59Z,PROSPECTUS,16,1
31516,8435257039107,1280.0,Nestlé,"Yoggi liquido morango, embalagem de 8x160g",,3.89,3.04,0,kg,€/Kg,,,https://driveimg1.intermarche.com/pt/Content/images/boitmal/produit/zoom/919C3780A665F064AD1803A3631A5911.jpg,,,,,,,2026-02-25T23:59:59Z,PROSPECTUS,16,1
929,5601001187803,625.0,Nestlé,"Cereais Chocapic, emb. 625 gr",,3.74,5.98,0,kg,€/Kg,,,https://driveimg1.intermarche.com/pt/Content/images/boitmal/produit/zoom/8DB31C1F3066D48D593AE11B75516670.jpg,,,,,,,2026-02-25T23:59:59Z,PROSPECTUS,16,1
11959,5603722504945,200.0,Mimosa,"Nata para culinária ligeira, embalagem de 200 ml",,0.85,4.25,200,L,€/L,,,https://driveimg1.intermarche.com/pt/Content/images/boitmal/produit/zoom/34074ECCE8C9D0028618D923D64DF04D.jpg,,,,,,,2026-02-25T23:59:59Z,PROSPECTUS,16,1
13048,2893561000000,250.0,Marisco,Ameijoa Branca Vietnamita Congelada,Vendido a partir de 250 gr  (aprox.),0.5,1.99,0,,€/Kg,,Avantages !,https://driveimg1.intermarche.com/pt/Content/images/boitmal/produit/zoom/EB1BC296FF41180E6F3E1626AD4F78AA.jpg,,,,,,,2026-02-25T23:59:59Z,PROSPECTUS,16,1
41621,5604260303625,5000.0,PorSi,Areia para Gatos 100% Natural 5kg,,1.29,0.26,0,kg,€/Kg,,,https://driveimg1.intermarche.com/pt/Content/images/boitmal/produit/zoom/464758A6DFF4E2EE75E03A52AA83DF69.jpg,,,,,,,2026-03-04T23:59:59Z,PROSPECTUS,16,1
927,5601001180903,380.0,Nestlé,Cereais chocapic,Embalagem de 375 g,2.24,5.89,0,kg,€/Kg,,,https://driveimg1.intermarche.com/pt/Content/images/boitmal/produit/zoom/EA69C754779AF0C6F4DD36E6F3A8C272.jpg,,,,,,,2026-02-25T23:59:59Z,PROSPECTUS,16,1
12943,2892087000000,1500.0,Fruta,Mamão,"1 un = 1,5 kg (aprox.)",5.84,3.89,0,,€/Kg,,,https://driveimg1.intermarche.com/pt/Content/images/boitmal/produit/zoom/E92859558CF3617793775ADAD1A11B14.jpg,,,,,,,2026-02-25T23:59:59Z,PROSPECTUS,16,1
13893,2891043000000,1000.0,Porco,Entrecosto,Vendido ao peso a partir de 1 kg,5.99,5.99,0,,€/Kg,,,https://driveimg1.intermarche.com/pt/Content/images/boitmal/produit/zoom/AA05EE99D302D59771FCC108473E0700.jpg,,,,,,,2026-02-25T23:59:59Z,PROSPECTUS,16,1
17229,5602125000160,300.0,Legumes,"Cogumelo branco, embalagem de 300g",,1.49,4.97,0,kg,€/Kg,,,https://driveimg1.intermarche.com/pt/Content/images/boitmal/produit/zoom/66BAD1DC458E812967002A5594A14E2C.jpg,,,,,,,2026-02-25T23:59:59Z,PROSPECTUS,16,1
19166,5604260274185,1000.0,PorSi,Kiwi,embalagem de 1Kg,2.39,2.39,0,kg,€/Kg,,,https://driveimg1.intermarche.com/pt/Content/images/boitmal/produit/zoom/4B3FD551DB4B491A1542FF19FDA92048.jpg,,,,,,,2026-02-25T23:59:59Z,PROSPECTUS,16,1
36775,5604260287383,200.0,PorSi,Leite Uht Meio-gordo 200ml,,0.3,1.5,200,L,€/L,,,https://driveimg1.intermarche.com/pt/Content/images/boitmal/produit/zoom/280FC2C095AD3476C4E3F8BDB2D85188.jpg,,,,,,,2026-02-25T23:59:59Z,PROSPECTUS,16,1
53901,5604260330805,1000.0,PorSi,Massa Esparguete 1kg,,0.99,0.99,0,kg,€/Kg,,,https://driveimg1.intermarche.com/pt/Content/images/boitmal/produit/zoom/D7D001EB905343E24B78BB6F9F4F1199.jpg,,,,,,,2026-02-25T23:59:59Z,PROSPECTUS,16,1
12996,2892526000000,250.0,Legumes,Chuchu,1 un = 250 gr  (aprox.),0.57,2.29,0,,€/Kg,,,https://driveimg1.intermarche.com/pt/Content/images/boitmal/produit/zoom/9B3515E273EECDE0B69B6402C7F1BEB4.jpg,,,,,,,2026-02-25T23:59:59Z,PROSPECTUS,16,1
13781,2892323000000,250.0,Fruta,Uva Red Globe,1 un = 250 gr  (aprox.),0.87,3.49,0,,€/Kg,,,https://driveimg1.intermarche.com/pt/Content/images/boitmal/produit/zoom/0CB9D5C0FE47F5D642EA2D42574AAC35.jpg,,,,,,,2026-02-25T23:59:59Z,PROSPECTUS,16,1
13869,2891126000000,1000.0,PorSi,Coelho inteiro,Vendido ao peso,6.79,6.79,0,,€/Kg,,,https://driveimg1.intermarche.com/pt/Content/images/boitmal/produit/zoom/52C51860E551A8D97DAB91398A81FDB2.jpg,,,,,,,2026-02-25T23:59:59Z,PROSPECTUS,16,1
13950,2891145000000,100.0,Porco,Salsicha Fresca,1 un = 100 gr (aprox.),0.54,5.39,0,,€/Kg,,,https://driveimg1.intermarche.com/pt/Content/images/boitmal/produit/zoom/2E1CED7EDF010F56C2BF0E6CDF74D52B.jpg,,,,,,,2026-02-25T23:59:59Z,PROSPECTUS,16,1
23278,5604260281282,250.0,Porsi Programa Origens,Salada Toscana 250 G,,1.19,4.76,0,kg,€/Kg,,,https://driveimg1.intermarche.com/pt/Content/images/boitmal/produit/zoom/829819BF310BA689C7002E0655E64BF5.jpg,,,,,,,2026-02-25T23:59:59Z,PROSPECTUS,16,1
36661,5604260296781,200.0,PorSi,Leite Sabor Chocolate 200ml,,0.3,1.5,200,L,€/L,,,https://driveimg1.intermarche.com/pt/Content/images/boitmal/produit/zoom/EC564062426ADD8C0F594B4A35713C45.jpg,,,,,,,2026-02-25T23:59:59Z,PROSPECTUS,16,1
46919,2782188000000,600.0,PorSi,"Canjinha de Frango, embalagem de 600g (aprox.)",,2.21,3.69,0,,€/Kg,,,https://driveimg1.intermarche.com/pt/Content/images/boitmal/produit/zoom/A71DE7C009681F0BB65F84174F205062.jpg,,,,,,,2026-02-25T23:59:59Z,PROSPECTUS,16,1
48860,5604260319794,150.0,Porsi Vivabem,Queijo Mozzarella Light Ralado 150g,,1.29,8.6,0,kg,€/Kg,,,https://driveimg1.intermarche.com/pt/Content/images/boitmal/produit/zoom/35271112CCD07C945317D670793A0A37.jpg,,,,,,,2026-02-25T23:59:59Z,PROSPECTUS,16,1
55538,8711327629028,2000.0,Lipton,"Ice Tea Manga, 2L",,1.89,0.95,2000,L,€/L,,,https://driveimg1.intermarche.com/pt/Content/images/boitmal/produit/zoom/EE658F311958138E137C06A1B588782D.jpg,,,,,,,2026-02-25T23:59:59Z,PROSPECTUS,16,1
9293,5603722493942,250.0,Primor,Manteiga pasteurizada com sal cuvet,Embalagem de 250g,2.19,8.76,0,kg,€/Kg,,,https://driveimg1.intermarche.com/pt/Content/images/boitmal/produit/zoom/F3F4D9FDF2A69DC31DE35D801759C2EE.jpg,,,,,,,2026-02-25T23:59:59Z,PROSPECTUS,16,1
12891,2892251000000,1000.0,Fruta,Melão Amarelo,Vendido ao peso | 1 un = 2.5 kg (aprox.),1.39,1.39,0,,€/Kg,,,https://driveimg1.intermarche.com/pt/Content/images/boitmal/produit/zoom/7FC6480EAA2DA6E0684936F3CBA96CC9.jpg,,,,,,,2026-02-25T23:59:59Z,PROSPECTUS,16,1
1297,5601151543313,1000.0,Compal,"Néctar de pêssego, embalagem de 1l",,0.99,0.99,1000,L,€/L,,,https://driveimg1.intermarche.com/pt/Content/images/boitmal/produit/zoom/08E04D043544808C4F3901CA5FF6A2F4.jpg,,,,,,,2026-02-25T23:59:59Z,PROSPECTUS,16,1
13852,2891020000000,100.0,Novilho,Fígado,1 un = 100 gr (aprox.),0.6,5.99,0,,€/Kg,,,https://driveimg1.intermarche.com/pt/Content/images/boitmal/produit/zoom/7F21D014BF856223502CE366D77F0F5C.jpg,,,,,,,2026-02-25T23:59:59Z,PROSPECTUS,16,1
14950,2891247000000,100.0,Peru,Peru Costeletas,1 un = 100 gr (aprox.),0.38,3.79,0,,€/Kg,,,https://driveimg1.intermarche.com/pt/Content/images/boitmal/produit/zoom/5B1BD8BC73E46B1A5046441E54C2F5BD.jpg,,,,,,,2026-02-25T23:59:59Z,PROSPECTUS,16,1
15507,5601050031621,480.0,Danone,"Iogurte activia cremoso coco,  4 x 120 g",,1.99,4.15,0,kg,€/Kg,,,https://driveimg1.intermarche.com/pt/Content/images/boitmal/produit/zoom/C7C13400244FC9F141DCEBAD00E0F9D5.jpg,,,,,,,2026-02-25T23:59:59Z,PROSPECTUS,16,1
15979,5601119242364,650.0,Nobre,"Salsichas de Aves Frasco 7 un, emb. 650 gr",,2.23,3.43,0,kg,€/Kg,,,https://driveimg1.intermarche.com/pt/Content/images/boitmal/produit/zoom/F9B3EEFB29AFDD46B059DC76A73501AE.jpg,,,,,,,2026-02-25T23:59:59Z,PROSPECTUS,16,1
17115,5000116110155,640.0,Capitão Iglo,"Hambúrgueres de Vaca sem Glúten, emb. 640 gr (8 un)",Embalagem de 640g,9.99,15.61,0,kg,€/Kg,,Tipo de stockagem,https://driveimg1.intermarche.com/pt/Content/images/boitmal/produit/zoom/6FAFE9FC4DDEB6CE7DCD2D721BE41E81.jpg,,,,,,,2026-02-25T23:59:59Z,PROSPECTUS,16,1
19046,5000116110414,480.0,Capitão Iglo,"8 hamburguers sem glúten frango, embalagem de 480g",,8.99,18.73,0,kg,€/Kg,,Tipo de stockagem,https://driveimg1.intermarche.com/pt/Content/images/boitmal/produit/zoom/B74DC0C9C4A898B602612BD394B808F5.jpg,,,,,,,2026-02-25T23:59:59Z,PROSPECTUS,16,1
1951,5604260056972,200.0,PorSi,Vinha de Alhos 200g,,0.85,4.25,0,kg,€/Kg,,,https://driveimg1.intermarche.com/pt/Content/images/boitmal/produit/zoom/87428B1E3123BE72107948374A78573E.jpg,,,,,,,2026-02-25T23:59:59Z,PROSPECTUS,16,1
36919,5604260288878,240.0,PorSi,Merendinhas com Pepitas de Chocolate,,1.64,6.83,0,kg,€/Kg,,,https://driveimg1.intermarche.com/pt/Content/images/boitmal/produit/zoom/8CAE3B596B4B404DAEB7A604EB61BC36.jpg,,,,,,,2026-02-25T23:59:59Z,PROSPECTUS,16,1
40769,5604260301942,300.0,PorSi,Alimento Humido Cão Vaca 300g,Embalagem de 300 g,0.69,2.3,0,kg,€/Kg,,,https://driveimg1.intermarche.com/pt/Content/images/boitmal/produit/zoom/D9C4A619B4359B319F6376BE6477D965.jpg,,,,,,,2026-03-04T23:59:59Z,PROSPECTUS,16,1
41298,5601050036541,440.0,Danone,"Iogurte oikos natural,  4 x 110g",,2.59,5.89,0,kg,€/Kg,,,https://driveimg1.intermarche.com/pt/Content/images/boitmal/produit/zoom/100CC1C1966D7A85865BF44E424F358B.jpg,,,,,,,2026-02-25T23:59:59Z,PROSPECTUS,16,1
41622,5604260304585,5000.0,PorSi,Areia para Gatos Mineral Perfumada 5kg,,1.79,0.36,0,kg,€/Kg,,,https://driveimg1.intermarche.com/pt/Content/images/boitmal/produit/zoom/471523428A34BCB5DDD5150968022974.jpg,,,,,,,2026-03-04T23:59:59Z,PROSPECTUS,16,1
44059,5601363012683,160.0,LayS,"Batata frita lisas originais, embalagem de 160g",,1.29,8.06,0,kg,€/Kg,,,https://driveimg1.intermarche.com/pt/Content/images/boitmal/produit/zoom/D6B617CBD0A985504B50100E928DB47C.jpg,,,,,,,2026-02-25T23:59:59Z,PROSPECTUS,16,1
47842,5604260320257,138.0,PorSi,Barras de Cereais Forma Chocolate Negro 138g,,1.49,10.8,0,kg,€/Kg,,,https://driveimg1.intermarche.com/pt/Content/images/boitmal/produit/zoom/D8D3FBD64602D6125EA757EC79A4CBEB.jpg,,,,,,,2026-02-25T23:59:59Z,PROSPECTUS,16,1
52598,5601217137975,1710.0,Quanto,"Amaciador roupa concentrado frutos silvestres, 95 doses",,3.99,2.33,1710,L,€/L,,,https://driveimg1.intermarche.com/pt/Content/images/boitmal/produit/zoom/1A92BA40F7151350053A912CC4251BEE.jpg,,,,,,,2026-02-25T23:59:59Z,PROSPECTUS,16,1
52788,5900020043832,80.0,Nestlé,"Barras Proteicas Cacau sem Açúcar,emb. 80 gr (4 un)",,1.79,22.38,0,kg,€/Kg,,,https://driveimg1.intermarche.com/pt/Content/images/boitmal/produit/zoom/7E4A3C5552FC27CE6A83D366162140DD.jpg,,,,,,,2026-02-25T23:59:59Z,PROSPECTUS,16,1
56199,5604260334209,340.0,PorSi,Ketchup Top Down 340g,,0.79,2.32,0,kg,€/Kg,,,https://driveimg1.intermarche.com/pt/Content/images/boitmal/produit/zoom/3C4FD983F38C2960DF27780665021A28.jpg,,,,,,,2026-02-25T23:59:59Z,PROSPECTUS,16,1
56313,5604260330416,500.0,PorSi,Bolacha Crackers com Sal 500g,,1.69,3.38,0,kg,€/Kg,,,https://driveimg1.intermarche.com/pt/Content/images/boitmal/produit/zoom/E81A3AA2D3680B40D9C068C7D38CC09F.jpg,,,,,,,2026-02-25T23:59:59Z,PROSPECTUS,16,1
56414,5604260336753,1000.0,PorSi,Iogurte Tipo Grego Natural 1kg,,2.29,2.29,0,kg,€/Kg,,,https://driveimg1.intermarche.com/pt/Content/images/boitmal/produit/zoom/84C5388CE41B729F6D59437858343CDC.jpg,,,,,,,2026-02-25T23:59:59Z,PROSPECTUS,16,1
57463,5604260344055,1000.0,Páturages,Leite Uht Meio-gordo sem Lactose 1l,,1.08,1.08,1000,L,€/L,,,https://driveimg1.intermarche.com/pt/Content/images/boitmal/produit/zoom/5EADBA6D1F5C02D071136EC85D799A57.jpg,,,,,,,2026-02-25T23:59:59Z,PROSPECTUS,16,1
980,5601024134488,750.0,Oliveira da Serra,Azeite virgem extra clássico,Embalagem de 750 ml,5.69,7.59,750,L,€/L,,,https://driveimg1.intermarche.com/pt/Content/images/boitmal/produit/zoom/01EF39EFE8396CC9ACA95DC25E9D3412.jpg,,,,,,,2026-02-25T23:59:59Z,PROSPECTUS,16,1
10094,8435257040776,640.0,Nestlé,"Iogurte líquido yoggi banana, embalagem de 4 x 160 g",,1.99,3.11,0,kg,€/Kg,,,https://driveimg1.intermarche.com/pt/Content/images/boitmal/produit/zoom/6885FCEF2FEF4752D565E64A3BDEE242.jpg,,,,,,,2026-02-25T23:59:59Z,PROSPECTUS,16,1
10095,8435257040899,640.0,Nestlé,"Iogurte líquido yoggi morango, embalagem de 4 x 160g",,1.99,3.11,0,kg,€/Kg,,,https://driveimg1.intermarche.com/pt/Content/images/boitmal/produit/zoom/BCBB1C4518CDF8045B46EB41CD173E54.jpg,,,,,,,2026-02-25T23:59:59Z,PROSPECTUS,16,1
10884,3147690051206,700.0,Label 5,Whisky blended,"Garrafa de 0,70 l",11.99,17.13,700,L,€/L,,,https://driveimg1.intermarche.com/pt/Content/images/boitmal/produit/zoom/C08CAF9ADA1BDE594E3803CD3B274AB6.jpg,,,,,,,2026-02-25T23:59:59Z,PROSPECTUS,16,1
11496,5601049213991,200.0,Mimosa,"Nata uht, embalagem de 200 ml",,0.91,4.55,200,L,€/L,,,https://driveimg1.intermarche.com/pt/Content/images/boitmal/produit/zoom/8FC5ABCE23EB48F851FFE29C53BFA5D9.jpg,,,,,,,2026-02-25T23:59:59Z,PROSPECTUS,16,1
11687,5601244202158,400.0,Terra Nostra,"Queijo fatias redução de gordura, embalagem de 400g",,3.69,9.23,0,kg,€/Kg,,,https://driveimg1.intermarche.com/pt/Content/images/boitmal/produit/zoom/1F91460A767DF4AF90E45E918A360294.jpg,,,,,,,2026-02-25T23:59:59Z,PROSPECTUS,16,1
11982,5603802400020,750.0,Fiuza,"Vinho branco tejo sauvignon, garrafa de 750 ml",,4.99,6.65,750,L,€/L,,,https://driveimg1.intermarche.com/pt/Content/images/boitmal/produit/zoom/996291488226B375A67E39537E454FD9.jpg,,,,,,,2026-02-25T23:59:59Z,PROSPECTUS,16,1
1291,5601151333457,1000.0,Compal,"Néctar clássico tutti frutti, embalagem de 1l",,0.99,0.99,1000,L,€/L,,,https://driveimg1.intermarche.com/pt/Content/images/boitmal/produit/zoom/72E1F82181A7A99589C5EAFAC26322FC.jpg,,,,,,,2026-02-25T23:59:59Z,PROSPECTUS,16,1
13541,2893533000000,250.0,Congelado de Aquicultura,Camarão Congelado 60/80,1 un = 250 gr  (aprox.),1.75,6.99,0,,€/Kg,,Avantages !,https://driveimg1.intermarche.com/pt/Content/images/boitmal/produit/zoom/29A2DFA509FFDAFCD18E7F308BD753B4.jpg,,,,,,,2026-02-25T23:59:59Z,PROSPECTUS,16,1
13561,2893555000000,400.0,Peixaria,Red Fish Congelado,,1.6,3.99,0,,€/Kg,,Avantages !,https://driveimg1.intermarche.com/pt/Content/images/boitmal/produit/zoom/6B51C5A0022242B4A2691EFB27EE24DC.jpg,,,,,,,2026-02-25T23:59:59Z,PROSPECTUS,16,1
13577,2893572000000,200.0,Peixaria,Pota Inteira Congelada,1 un= 200 gr (aprox.),1.0,4.99,0,,€/Kg,,Avantages !,https://driveimg1.intermarche.com/pt/Content/images/boitmal/produit/zoom/B2D6321EA80C5271A6C9DE3162C36D95.jpg,,,,,,,2026-02-25T23:59:59Z,PROSPECTUS,16,1
14169,5601151734452,1000.0,Compal,"Sumo 100% maçã, 1 litro",,1.49,1.49,1000,L,€/L,,,https://driveimg1.intermarche.com/pt/Content/images/boitmal/produit/zoom/3B7D32B63074578EB7477E7E971C8957.jpg,,,,,,,2026-02-25T23:59:59Z,PROSPECTUS,16,1
14337,3387390320008,141.0,Nestlé,"Barras de Cereais Chocolate Fitness, emb. 141 gr (6 un)",,1.99,14.11,0,kg,€/Kg,,,https://driveimg1.intermarche.com/pt/Content/images/boitmal/produit/zoom/60AE623A4FF700F6FDA38FA5729DE5A4.jpg,,,,,,,2026-02-25T23:59:59Z,PROSPECTUS,16,1
20918,5000116110964,840.0,Capitão Iglo,"30 douradinhos, embalagem de 840g",,8.99,10.7,0,kg,€/Kg,,Tipo de stockagem,https://driveimg1.intermarche.com/pt/Content/images/boitmal/produit/zoom/3C52B0905F2F1ACE3D67359B13FE0331.jpg,,,,,,,2026-02-25T23:59:59Z,PROSPECTUS,16,1
22994,5609765000048,600.0,Brioxa,Madalenas de Laranja,12 Unidades - Embalagem de 500 g,1.79,2.98,0,kg,€/Kg,,,https://driveimg1.intermarche.com/pt/Content/images/boitmal/produit/zoom/B86F1C9777D22DCE1E454CE43EAF77F8.jpg,,,,,,,2026-02-25T23:59:59Z,PROSPECTUS,16,1
25153,5000146400042,750.0,Harpic,"Líquido wc duraguard pinho da montanha, de 750 ml",,1.99,2.65,750,L,€/L,,,https://driveimg1.intermarche.com/pt/Content/images/boitmal/produit/zoom/60482C1A42B437AF7EE7BE6BA2170110.jpg,,,,,,,2026-02-25T23:59:59Z,PROSPECTUS,16,1
32076,7613036496353,340.0,Purina One,"Comida Húmida para Gato Adulto Esterilizado Salmão e Peru Saquetas, emb. 4 x 85 gr",,2.59,7.62,0,kg,€/Kg,,,https://driveimg1.intermarche.com/pt/Content/images/boitmal/produit/zoom/3F5C404D1E0ED04E5681C0681EDCBF4A.jpg,,,,,,,2026-03-04T23:59:59Z,PROSPECTUS,16,1
3564,2894493000000,150.0,PorSi,Fiambre da Perna Extra,1 un = 150 gr (aprox.),1.5,9.99,0,,€/Kg,,,https://driveimg1.intermarche.com/pt/Content/images/boitmal/produit/zoom/A9EBA756C9FD3C422D551E66AF89E1C9.jpg,,,,,,,2026-02-25T23:59:59Z,PROSPECTUS,16,1
36189,5604260286485,4000.0,PorSi,Alimento Seco Gato Adulto Carnes 4 kg,,5.79,1.45,0,kg,€/Kg,,,https://driveimg1.intermarche.com/pt/Content/images/boitmal/produit/zoom/AE19C8FD88EDD684CD1CC8CA20BAED8C.jpg,,,,,,,2026-03-04T23:59:59Z,PROSPECTUS,16,1
40554,5604260302239,300.0,PorSi,Bolacha com Aveia 300g,,0.98,3.27,0,kg,€/Kg,,,https://driveimg1.intermarche.com/pt/Content/images/boitmal/produit/zoom/88BBD84CA0C8FC5C14D480655CF3E457.jpg,,,,,,,2026-02-25T23:59:59Z,PROSPECTUS,16,1
40925,8710522652138,240.0,Calvé,"Maionese Top Down, emb. 240 gr",,1.48,6.17,0,kg,€/Kg,,,https://driveimg1.intermarche.com/pt/Content/images/boitmal/produit/zoom/ECF2C8ABFC985CAC5B87AA78A2E96931.jpg,https://driveimg1.intermarche.com/pt/Content/images/boitmal/produit/zoom/8E23B17512BCD2C444A6228885CC4217.jpg,https://driveimg1.intermarche.com/pt/Content/images/boitmal/produit/zoom/8E23B17512BCD2C444A6228885CC4217.jpg,https://driveimg1.intermarche.com/pt/Content/images/boitmal/produit/zoom/8E23B17512BCD2C444A6228885CC4217.jpg,https://driveimg1.intermarche.com/pt/Content/images/boitmal/produit/zoom/8E23B17512BCD2C444A6228885CC4217.jpg,,,2026-02-25T23:59:59Z,PROSPECTUS,16,1
41121,5029053036151,,Scottex,"Papel Higiénico Húmido fresh, embalagem com 74 unidades",,1.99,1.99,0,,€/Unidade,,,https://driveimg1.intermarche.com/pt/Content/images/boitmal/produit/zoom/C3950416692767A75D861E18C38C6E2D.jpg,,,,,,,2026-02-25T23:59:59Z,PROSPECTUS,16,1
43011,5604260307210,300.0,PorSi,Alimento Húmido Cão Peru 300g,Embalagem de 300 g,0.69,2.3,0,kg,€/Kg,,,https://driveimg1.intermarche.com/pt/Content/images/boitmal/produit/zoom/AE75F326B51996BD6ABA74276377C9ED.jpg,https://driveimg1.intermarche.com/pt/Content/images/boitmal/produit/zoom/A5C82BE522F15BBA14EEE2D9C8DA8265.jpg,https://driveimg1.intermarche.com/pt/Content/images/boitmal/produit/zoom/A5C82BE522F15BBA14EEE2D9C8DA8265.jpg,https://driveimg1.intermarche.com/pt/Content/images/boitmal/produit/zoom/A5C82BE522F15BBA14EEE2D9C8DA8265.jpg,https://driveimg1.intermarche.com/pt/Content/images/boitmal/produit/zoom/A5C82BE522F15BBA14EEE2D9C8DA8265.jpg,https://driveimg1.intermarche.com/pt/Content/images/boitmal/produit/zoom/A5C82BE522F15BBA14EEE2D9C8DA8265.jpg,https://driveimg1.intermarche.com/pt/Content/images/boitmal/produit/zoom/A5C82BE522F15BBA14EEE2D9C8DA8265.jpg,2026-03-04T23:59:59Z,PROSPECTUS,16,1
43012,5604260307197,300.0,PorSi,Alimento Húmido Cão Frango 300g,Embalagem de 300 g,0.69,2.3,0,kg,€/Kg,,,https://driveimg1.intermarche.com/pt/Content/images/boitmal/produit/zoom/2225898E3C121DD19FEF9F2C0CEB962C.jpg,https://driveimg1.intermarche.com/pt/Content/images/boitmal/produit/zoom/3FD0F0D9955E6135023C13E6B1D173A7.jpg,https://driveimg1.intermarche.com/pt/Content/images/boitmal/produit/zoom/3FD0F0D9955E6135023C13E6B1D173A7.jpg,https://driveimg1.intermarche.com/pt/Content/images/boitmal/produit/zoom/3FD0F0D9955E6135023C13E6B1D173A7.jpg,https://driveimg1.intermarche.com/pt/Content/images/boitmal/produit/zoom/3FD0F0D9955E6135023C13E6B1D173A7.jpg,https://driveimg1.intermarche.com/pt/Content/images/boitmal/produit/zoom/3FD0F0D9955E6135023C13E6B1D173A7.jpg,https://driveimg1.intermarche.com/pt/Content/images/boitmal/produit/zoom/3FD0F0D9955E6135023C13E6B1D173A7.jpg,2026-03-04T23:59:59Z,PROSPECTUS,16,2
44159,5604260282791,2000.0,PorSi,Laranja Programa Origens | categoria II,embalagem de 2 kg,1.99,1.0,0,kg,€/Kg,,,https://driveimg1.intermarche.com/pt/Content/images/boitmal/produit/zoom/A5F43CE8523CB5F096F6D4FFFFA358EE.jpg,,,,,,,2026-02-25T23:59:59Z,PROSPECTUS,16,2
48044,5604260316304,60.0,PorSi,Snack Gato Antibolas Pelo 60g,,0.84,14.0,0,kg,€/Kg,,,https://driveimg1.intermarche.com/pt/Content/images/boitmal/produit/zoom/D89DDEE3AB023A90C2B010422B623F96.jpg,,,,,,,2026-03-04T23:59:59Z,PROSPECTUS,16,2
48264,5604260319268,1200.0,PorSi,Alimento Húmidogato Pedaços Geleia 12x100g,Embalagem de 4 x 100 g,3.49,2.91,0,kg,€/Kg,,,https://driveimg1.intermarche.com/pt/Content/images/boitmal/produit/zoom/19C43A574A237C6F71740258CF36123E.jpg,,,,,,,2026-03-04T23:59:59Z,PROSPECTUS,16,2
5036,5601028012164,,Renova,"Papel higiénico compacto, extra xxl, 6 rolos",Uma embalagem,2.94,2.94,0,,€/Unidade,,,https://driveimg1.intermarche.com/pt/Content/images/boitmal/produit/zoom/9367736D84791631B6A81B574D2BBA50.jpg,https://driveimg1.intermarche.com/pt/Content/images/boitmal/produit/zoom/1F9398A5B85712D9E30015F112CCAF6E.jpg,https://driveimg1.intermarche.com/pt/Content/images/boitmal/produit/zoom/84ED764CBC37072F87BD089140194A37.jpg,,,,,2026-02-25T23:59:59Z,PROSPECTUS,16,2
50624,5603722520969,200.0,Mimosa,"Nata culinária sem lactose, 200 ml",,1.04,5.2,200,L,€/L,,,https://driveimg1.intermarche.com/pt/Content/images/boitmal/produit/zoom/17C52EE6D7D8FA0AE40E9527FFF803CC.jpg,,,,,,,2026-02-25T23:59:59Z,PROSPECTUS,16,2
50658,7622201724443,150.0,Philadelphia,Queijo creme philadelphia light 150g,,1.79,11.93,0,kg,€/Kg,,,https://driveimg1.intermarche.com/pt/Content/images/boitmal/produit/zoom/8FABEA35481B05FDB647E4BD69595A1D.jpg,,,,,,,2026-02-25T23:59:59Z,PROSPECTUS,16,2
51572,5604260327966,750.0,PorSi,Azeite Virgem Extra 750ml,,4.69,6.25,750,L,€/L,,,https://driveimg1.intermarche.com/pt/Content/images/boitmal/produit/zoom/AC740C8B03C58C895BBDE8FC6044BE3A.jpg,,,,,,,2026-02-25T23:59:59Z,PROSPECTUS,16,2
53360,5029053037547,,Scottex,"Papel Higiénico Húmido Junior, embalagem com 76 unidades",,1.99,1.99,0,,€/Unidade,,,https://driveimg1.intermarche.com/pt/Content/images/boitmal/produit/zoom/6720E628A4C90F83AB9BEDB34BEB43CE.jpg,https://driveimg1.intermarche.com/pt/Content/images/boitmal/produit/zoom/2579B1CF85E1A1D17CF750A04908C263.jpg,https://driveimg1.intermarche.com/pt/Content/images/boitmal/produit/zoom/2579B1CF85E1A1D17CF750A04908C263.jpg,https://driveimg1.intermarche.com/pt/Content/images/boitmal/produit/zoom/2579B1CF85E1A1D17CF750A04908C263.jpg,https://driveimg1.intermarche.com/pt/Content/images/boitmal/produit/zoom/2579B1CF85E1A1D17CF750A04908C263.jpg,,,2026-02-25T23:59:59Z,PROSPECTUS,16,2
53759,8435495833864,4050.0,Gama,Detergente Máquina Roupa Líquido Floral,Embalagem de 90 Doses,9.99,2.47,4050,L,€/L,,,https://driveimg1.intermarche.com/pt/Content/images/boitmal/produit/zoom/E1E291536BF780CF5BF8B661E6DDC660.jpg,https://driveimg1.intermarche.com/pt/Content/images/boitmal/produit/zoom/B1444808EE37FB337A50B68241AE2CB7.jpg,https://driveimg1.intermarche.com/pt/Content/images/boitmal/produit/zoom/B1444808EE37FB337A50B68241AE2CB7.jpg,,,,,2026-02-25T23:59:59Z,PROSPECTUS,16,2
54374,8435495842798,,A+,"Detergente Máquina Roupa Líquido Fresh Flowers, 56D",,8.99,8.99,0,,€/Unidade,,,https://driveimg1.intermarche.com/pt/Content/images/boitmal/produit/zoom/229F605C57CCF29A5FEDA8CCA020ADD9.jpg,,,,,,,2026-02-25T23:59:59Z,PROSPECTUS,16,2
54671,8711327587199,2000.0,Lipton,"Ice tea limao, 2 l",,1.89,0.95,2000,L,€/L,,,https://driveimg1.intermarche.com/pt/Content/images/boitmal/produit/zoom/50E0AE93B7B2DC79031DA2E6F9D15838.jpg,,,,,,,2026-02-25T23:59:59Z,PROSPECTUS,16,2
54795,5603722521225,604.0,Mimosa,"Iogurte magro liquido morango, 4x151 ml",,1.54,2.55,604,L,€/L,,,https://driveimg1.intermarche.com/pt/Content/images/boitmal/produit/zoom/075603ECF4916B645B9AA45146480552.jpg,,,,,,,2026-02-25T23:59:59Z,PROSPECTUS,16,2
56391,5604260336463,200.0,PorSi,Peito Frango Fatias Finas 150g,,1.79,8.95,0,kg,€/Kg,,,https://driveimg1.intermarche.com/pt/Content/images/boitmal/produit/zoom/0763B5B61F936BEA055EAE7BC7DBDF6C.jpg,,,,,,,2026-02-25T23:59:59Z,PROSPECTUS,16,2
57464,5604260344062,1000.0,Páturages,Leite Uht Magro sem Lactose 1l,,1.08,1.08,1000,L,€/L,,,https://driveimg1.intermarche.com/pt/Content/images/boitmal/produit/zoom/97359A3881893015EFCE0CA6209E02AF.jpg,,,,,,,2026-02-25T23:59:59Z,PROSPECTUS,16,2
8534,5601119957183,120.0,Campofrio,"Peito peru forno lenha fatias clássicas, embalagem de 120g",,2.39,19.92,0,kg,€/Kg,,,https://driveimg1.intermarche.com/pt/Content/images/boitmal/produit/zoom/623D6B2EB3EE61B2128AE1B5E62C0910.jpg,,,,,,,2026-02-25T23:59:59Z,PROSPECTUS,16,2
9111,5601989001412,750.0,Monte Velho,"Vinho regional alentejano tinto, garrafa de 0.75 l",,3.99,5.32,750,L,€/L,,,https://driveimg1.intermarche.com/pt/Content/images/boitmal/produit/zoom/5313E203A06105D1BF7A5AD8308AD864.jpg,,,,,,,2026-02-25T23:59:59Z,PROSPECTUS,16,2
1116,5601066301152,500.0,Nacional,"Massa de cotovelos, embalagem de 500g",,0.85,1.7,0,kg,€/Kg,,,https://driveimg1.intermarche.com/pt/Content/images/boitmal/produit/zoom/8DDB0C745E67458BAC26BBF8F8ADAE50.jpg,,,,,,,2026-02-25T23:59:59Z,PROSPECTUS,16,2
1142,5601082026954,55.0,Delta Q,Café em cápsulas  qonvictus,Embalagem de 55 g,3.79,68.91,0,kg,€/Kg,,,https://driveimg1.intermarche.com/pt/Content/images/boitmal/produit/zoom/2BCCE3D035FB6F5D7FC434FDA25E120B.jpg,,,,,,,2026-02-25T23:59:59Z,PROSPECTUS,16,2
11464,5601018003400,1000.0,Matinal,"Leite seleccionado meio gordo, de 1l",,1.0,1.0,1000,L,€/L,,,https://driveimg1.intermarche.com/pt/Content/images/boitmal/produit/zoom/5F34056BF2D07C9D39E218B31081D1FC.jpg,,,,,,,2026-02-25T23:59:59Z,PROSPECTUS,16,2
11465,5601018003608,1000.0,Matinal,"Leite seleccionado magro, de 1l",,1.0,1.0,1000,L,€/L,,,https://driveimg1.intermarche.com/pt/Content/images/boitmal/produit/zoom/F46A1F399BBA63407EB01F30929F5649.jpg,,,,,,,2026-02-25T23:59:59Z,PROSPECTUS,16,2
11522,5601050207750,1200.0,Danone,"Iogurte danacol de morango, embalagem de 12 x 100 g",,5.99,4.99,0,kg,€/Kg,,,https://driveimg1.intermarche.com/pt/Content/images/boitmal/produit/zoom/10BA36D674585833A0006F09517047AF.jpg,,,,,,,2026-02-25T23:59:59Z,PROSPECTUS,16,2
11524,5601051420028,250.0,Primor,Manteiga sem sal,Embalagem de 250g,2.19,8.76,0,kg,€/Kg,,,https://driveimg1.intermarche.com/pt/Content/images/boitmal/produit/zoom/0C41B270FBA7B622E759FBA7E3B6B1CD.jpg,,,,,,,2026-02-25T23:59:59Z,PROSPECTUS,16,2
11940,5603488000033,750.0,Santar,"Casa de Santar Colheita DOC Dão Vinho Tinto, garrafa 75 cl",,5.99,7.99,750,L,€/L,,,https://driveimg1.intermarche.com/pt/Content/images/boitmal/produit/zoom/3F4287E44D1EEC69E82A6B4E8B0188E7.jpg,https://driveimg1.intermarche.com/pt/Content/images/boitmal/produit/zoom/7A563D647C4A54F5ADF522EE09342D9C.jpg,https://driveimg1.intermarche.com/pt/Content/images/boitmal/produit/zoom/7A563D647C4A54F5ADF522EE09342D9C.jpg,https://driveimg1.intermarche.com/pt/Content/images/boitmal/produit/zoom/7A563D647C4A54F5ADF522EE09342D9C.jpg,,,,2026-02-25T23:59:59Z,PROSPECTUS,16,2
11974,5603722508752,200.0,Castelões,"Queijo em fatias original, embalagem de 200g",,2.19,10.95,0,kg,€/Kg,,,https://driveimg1.intermarche.com/pt/Content/images/boitmal/produit/zoom/9709716796DE3B121923F09B97DF17ED.jpg,,,,,,,2026-02-25T23:59:59Z,PROSPECTUS,16,2
1225,5601146000319,500.0,Sagres,"Cerveja com Álcool, lata 50 cl",,0.85,1.7,500,L,€/L,,,https://driveimg1.intermarche.com/pt/Content/images/boitmal/produit/zoom/B1B5F95DEB5BC6A9F4E736C209DD9550.jpg,,,,,,,2026-02-25T23:59:59Z,PROSPECTUS,16,2
12471,8435257040868,640.0,Nestlé,"Iogurte líquido yoggi morango/banana, embalagem de 4 x 160g",,1.99,3.11,0,kg,€/Kg,,,https://driveimg1.intermarche.com/pt/Content/images/boitmal/produit/zoom/E92C48D7A1A5BA67322D0E6250F5BAFF.jpg,,,,,,,2026-02-25T23:59:59Z,PROSPECTUS,16,2
12884,2892009000000,200.0,Fruta,Limão,1 un = 200 gr (aprox.),0.28,1.39,0,,€/Kg,,,https://driveimg1.intermarche.com/pt/Content/images/boitmal/produit/zoom/5223F19D9F11D77A77B2577CB1D4D05C.jpg,,,,,,,2026-02-25T23:59:59Z,PROSPECTUS,16,2
14372,8712100599392,550.0,Calvé,"Ketchup Top Down sem Glúten, emb. 550 gr",,2.59,4.71,0,kg,€/Kg,,,https://driveimg1.intermarche.com/pt/Content/images/boitmal/produit/zoom/6D3218F33B22BC3205033BC41E176600.jpg,https://driveimg1.intermarche.com/pt/Content/images/boitmal/produit/zoom/FE7F103C359D2D1FD7BF3FDC8DD381BA.jpg,https://driveimg1.intermarche.com/pt/Content/images/boitmal/produit/zoom/FE7F103C359D2D1FD7BF3FDC8DD381BA.jpg,https://driveimg1.intermarche.com/pt/Content/images/boitmal/produit/zoom/FE7F103C359D2D1FD7BF3FDC8DD381BA.jpg,,,,2026-02-25T23:59:59Z,PROSPECTUS,16,2
14490,5604260273584,1000.0,PorSi,Corn Flakes 1 kg,,2.99,2.99,0,kg,€/Kg,,,https://driveimg1.intermarche.com/pt/Content/images/boitmal/produit/zoom/3EF873C3D07412E04ADAF72EA17EF40E.jpg,,,,,,,2026-02-25T23:59:59Z,PROSPECTUS,16,2
15489,7613031884247,4000.0,Friskies,"Ração para gato adulto com vaca, frango, embalagem de 4kg",,10.69,2.67,0,kg,€/Kg,,,https://driveimg1.intermarche.com/pt/Content/images/boitmal/produit/zoom/AA74DE430E0D577781082E763F8D5C13.jpg,,,,,,,2026-03-04T23:59:59Z,PROSPECTUS,16,2
15566,8410063056180,250.0,Pescanova,"Miolo de Camarão Gigante 15/30 Ultracongelado, emb. 250 gr",,6.99,27.96,0,kg,€/Kg,,Tipo de stockagem,https://driveimg1.intermarche.com/pt/Content/images/boitmal/produit/zoom/BEE1FF3586E000AD085B4D38C7ACD034.jpg,,,,,,,2026-02-25T23:59:59Z,PROSPECTUS,16,2
1712,5604170000027,500.0,Jorge v.f.,Mel em frasco de vidro,Embalagem de 500g,2.69,5.38,0,kg,€/Kg,,,https://driveimg1.intermarche.com/pt/Content/images/boitmal/produit/zoom/693292E1451C1DACF9088820AF4FE2DC.jpg,,,,,,,2026-02-25T23:59:59Z,PROSPECTUS,16,2
17665,8712100745591,754.0,Calvé,"Maionese XXL Top Down, emb. 754 gr",,3.49,4.63,0,kg,€/Kg,,,https://driveimg1.intermarche.com/pt/Content/images/boitmal/produit/zoom/C6F00A8AA4D7D21E56D34CFA61170423.jpg,,,,,,,2026-02-25T23:59:59Z,PROSPECTUS,16,2
18840,8410136003448,400.0,Pedigree,"Alimento húmido para cão saquetas, 4x 100g",,2.44,6.1,0,kg,€/Kg,,,https://driveimg1.intermarche.com/pt/Content/images/boitmal/produit/zoom/961527F12ADB8A4ECF23743154D781CF.jpg,,,,,,,2026-03-04T23:59:59Z,PROSPECTUS,16,2
19224,5601146000302,330.0,Sagres,"Cerveja com Álcool, emb. 33 cl",,0.64,1.94,330,L,€/L,,,https://driveimg1.intermarche.com/pt/Content/images/boitmal/produit/zoom/021C2A3D686B3B40ECD987D05D836084.jpg,,,,,,,2026-02-25T23:59:59Z,PROSPECTUS,16,2
1966,5604260061563,210.0,PorSi,Wafer Chocolate 210g,,1.17,5.57,0,kg,€/Kg,,,https://driveimg1.intermarche.com/pt/Content/images/boitmal/produit/zoom/E154175D8E403083CFB63244310CB908.jpg,,,,,,,2026-02-25T23:59:59Z,PROSPECTUS,16,2
21417,8410136003486,400.0,Pedigree,"Alimento húmido para cão, galinha e cordeiro, embalagem de 400g",,2.44,6.1,0,kg,€/Kg,,,https://driveimg1.intermarche.com/pt/Content/images/boitmal/produit/zoom/86028D828AE007C340066BE4BDE7410A.jpg,,,,,,,2026-03-04T23:59:59Z,PROSPECTUS,16,2
22335,5000116110940,420.0,Capitão Iglo,"15 douradinhos, embalagem de 420g",,4.99,11.88,0,kg,€/Kg,,Tipo de stockagem,https://driveimg1.intermarche.com/pt/Content/images/boitmal/produit/zoom/3973A8C90F686ECB72E76C3B0A0492D4.jpg,,,,,,,2026-02-25T23:59:59Z,PROSPECTUS,16,2
23524,5000204922851,750.0,Pato,"Abrasivo Sanitário Gel Extra Power com Lixívia Marinho, emb. 750 ml",,1.69,2.25,750,L,€/L,,,https://driveimg1.intermarche.com/pt/Content/images/boitmal/produit/zoom/60268FF4016AF8FBA52DB6A9A88D181B.jpg,,,,,,,2026-02-25T23:59:59Z,PROSPECTUS,16,2
2474,7613032408602,85.0,Purina Gourmet,"Comida húmida para gato vaca e frango, embalagem de 90g",,0.74,8.71,0,kg,€/Kg,,,https://driveimg1.intermarche.com/pt/Content/images/boitmal/produit/zoom/571C1A9D6D5EE4C101463565EC0CDDDE.jpg,,,,,,,2026-03-04T23:59:59Z,PROSPECTUS,16,2
24843,5604655005158,400.0,Peixaria,Paloco desfiado do pacifico,Embalagem de 400 g,2.89,7.23,0,kg,€/Kg,,,https://driveimg1.intermarche.com/pt/Content/images/boitmal/produit/zoom/A6D43F84A49577D695E61B0D7FE082C0.jpg,,,,,,,2026-02-25T23:59:59Z,PROSPECTUS,16,2
24923,5601066632799,43.0,Margão,"Tempero segredos alho e salsa, 43g",,2.19,50.93,0,kg,€/Kg,,,https://driveimg1.intermarche.com/pt/Content/images/boitmal/produit/zoom/052D9EEB90245B91F1330C2D46B48ACF.jpg,,,,,,,2026-02-25T23:59:59Z,PROSPECTUS,16,2
25242,5606586004576,500.0,Legumes,Mix pimentos 3 cores,Embalagem de 500 g,2.59,5.18,0,kg,€/Kg,,,https://driveimg1.intermarche.com/pt/Content/images/boitmal/produit/zoom/DFF802B7D57CA27FA6D647BAC9940397.jpg,,,,,,,2026-02-25T23:59:59Z,PROSPECTUS,16,2
25262,5000116112166,208.0,Capitão Iglo,"10 nuggets de frango, embalagem de 210g",,2.99,14.38,0,kg,€/Kg,,Tipo de stockagem,https://driveimg1.intermarche.com/pt/Content/images/boitmal/produit/zoom/CF1467DF1CD91C352F5C2C303E0557A7.jpg,,,,,,,2026-02-25T23:59:59Z,PROSPECTUS,16,2
2588,7622300270469,150.0,Milka,"Bolachas de chocolate leite, embalagem de 150g",,2.24,14.93,0,kg,€/Kg,,,https://driveimg1.intermarche.com/pt/Content/images/boitmal/produit/zoom/D3835F95E7726A33CA160A344F067F5A.jpg,,,,,,,2026-02-25T23:59:59Z,PROSPECTUS,16,2
2776,8410168195586,85.0,Purina Gourmet,"Comida húmida para gato mousse com frango, embalagem de 90g",,0.74,8.71,0,kg,€/Kg,,,https://driveimg1.intermarche.com/pt/Content/images/boitmal/produit/zoom/AD2543EBC7042F310644AC95CA7E3983.jpg,,,,,,,2026-03-04T23:59:59Z,PROSPECTUS,16,2
36527,5604260286492,4000.0,PorSi,Alimento Seco Gato Adulto Peixe 4kg,,5.79,1.45,0,kg,€/Kg,,,https://driveimg1.intermarche.com/pt/Content/images/boitmal/produit/zoom/88356AD51D92524DFF3B08AA84A48F7D.jpg,,,,,,,2026-03-04T23:59:59Z,PROSPECTUS,16,2
37045,5601217132659,500.0,Cillitbang,"Spray bolor e sujidade, garrafa de 500 ml",,2.39,4.78,500,L,€/L,,,https://driveimg1.intermarche.com/pt/Content/images/boitmal/produit/zoom/2A51671BCEA4544BF377B06769DE1169.jpg,,,,,,,2026-02-25T23:59:59Z,PROSPECTUS,16,2
39864,5604321029167,1000.0,Cemporcento,"Flocos de aveia finos integrais, embalagem de 1 kg",,1.79,1.79,0,kg,€/Kg,,,https://driveimg1.intermarche.com/pt/Content/images/boitmal/produit/zoom/852CF24F72140CDA1898A94481D769FB.jpg,,,,,,,2026-02-25T23:59:59Z,PROSPECTUS,16,2
39921,5604321030644,300.0,Cemporcento,"Sementes de chia, embalagem de 300g",,1.99,6.63,0,kg,€/Kg,,,https://driveimg1.intermarche.com/pt/Content/images/boitmal/produit/zoom/09412F5312B02326A4EFEC27E040F185.jpg,,,,,,,2026-02-25T23:59:59Z,PROSPECTUS,16,2
41079,8718951337770,1250.0,Ajax,"Detergente líquido lava tudo festa das flores lavanda, embalagem de 1.25l",,2.24,1.79,1250,L,€/L,,,https://driveimg1.intermarche.com/pt/Content/images/boitmal/produit/zoom/9AF3F843CD8D9DB932E9E6D241AC411E.jpg,,,,,,,2026-02-25T23:59:59Z,PROSPECTUS,16,2
42839,5604260307784,455.0,PorSi,Nata Pasteurizada 15% Mg 45cl/ 455g,,2.15,4.73,0,kg,€/Kg,,,https://driveimg1.intermarche.com/pt/Content/images/boitmal/produit/zoom/9258882FC9DEA71F901004030AD2D6DF.jpg,,,,,,,2026-02-25T23:59:59Z,PROSPECTUS,16,2
43009,5604260307180,300.0,PorSi,Alimento Húmido Cão Borrego 300g,Embalagem de 300 g,0.69,2.3,0,kg,€/Kg,,,https://driveimg1.intermarche.com/pt/Content/images/boitmal/produit/zoom/46BB006F9006760CC3B996BFB49A1540.jpg,https://driveimg1.intermarche.com/pt/Content/images/boitmal/produit/zoom/2B27BF4714216FFB4E9E5882412593BE.jpg,https://driveimg1.intermarche.com/pt/Content/images/boitmal/produit/zoom/2B27BF4714216FFB4E9E5882412593BE.jpg,https://driveimg1.intermarche.com/pt/Content/images/boitmal/produit/zoom/2B27BF4714216FFB4E9E5882412593BE.jpg,https://driveimg1.intermarche.com/pt/Content/images/boitmal/produit/zoom/2B27BF4714216FFB4E9E5882412593BE.jpg,https://driveimg1.intermarche.com/pt/Content/images/boitmal/produit/zoom/2B27BF4714216FFB4E9E5882412593BE.jpg,,2026-03-04T23:59:59Z,PROSPECTUS,16,2
43010,5604260307203,300.0,PorSi,Alimento Húmido Cão Pato 300g,Embalagem de 300 g,0.69,2.3,0,kg,€/Kg,,,https://driveimg1.intermarche.com/pt/Content/images/boitmal/produit/zoom/EF517BDA6432D171B79789F9639F2D05.jpg,https://driveimg1.intermarche.com/pt/Content/images/boitmal/produit/zoom/4C76F71764FDB9631AA346622B304BFC.jpg,https://driveimg1.intermarche.com/pt/Content/images/boitmal/produit/zoom/4C76F71764FDB9631AA346622B304BFC.jpg,https://driveimg1.intermarche.com/pt/Content/images/boitmal/produit/zoom/4C76F71764FDB9631AA346622B304BFC.jpg,https://driveimg1.intermarche.com/pt/Content/images/boitmal/produit/zoom/4C76F71764FDB9631AA346622B304BFC.jpg,https://driveimg1.intermarche.com/pt/Content/images/boitmal/produit/zoom/4C76F71764FDB9631AA346622B304BFC.jpg,https://driveimg1.intermarche.com/pt/Content/images/boitmal/produit/zoom/4C76F71764FDB9631AA346622B304BFC.jpg,2026-03-04T23:59:59Z,PROSPECTUS,16,2
44264,5603722517136,200.0,Mimosa,"Nata cremosa sem lactose, 200 ml",,1.04,5.2,200,L,€/L,,,https://driveimg1.intermarche.com/pt/Content/images/boitmal/produit/zoom/8BEE16017818634A0906C7EEA760EC96.jpg,,,,,,,2026-02-25T23:59:59Z,PROSPECTUS,16,2
44809,7613035593756,1000.0,Nesquik,"Achocolatado em saco, embalagem de 1 kg",,6.59,6.59,0,kg,€/Kg,,,https://driveimg1.intermarche.com/pt/Content/images/boitmal/produit/zoom/B72BED7B45B21CF0D0F77A499251A582.jpg,,,,,,,2026-02-25T23:59:59Z,PROSPECTUS,16,2
45671,5604260310739,150.0,PorSi,Bolachas com Cobertura Chocolate e Avelâ 150g,,1.49,9.93,0,kg,€/Kg,,,https://driveimg1.intermarche.com/pt/Content/images/boitmal/produit/zoom/7F1BBC868F6B770A58E4FA292EA0F55F.jpg,,,,,,,2026-02-25T23:59:59Z,PROSPECTUS,16,2
46501,8410136023293,400.0,Pedigree,"Alimento húmido cão galinha, vaca e cenoura, 4 x 100g",,2.44,6.1,0,kg,€/Kg,,,https://driveimg1.intermarche.com/pt/Content/images/boitmal/produit/zoom/30E070E4432BF20EDCDCCA6E8C58258A.jpg,,,,,,,2026-03-04T23:59:59Z,PROSPECTUS,16,2
46807,5601050037258,1200.0,Danone,"Iogurte tutti fruti, embalagem de 12 x 100 g",,5.99,4.99,0,kg,€/Kg,,,https://driveimg1.intermarche.com/pt/Content/images/boitmal/produit/zoom/E2388230C3A52F627250715E11000D3C.jpg,,,,,,,2026-02-25T23:59:59Z,PROSPECTUS,16,2
47634,5411188135142,1000.0,Alpro,Bebida de Soja Proteína,1 litro,1.99,1.99,1000,L,€/L,,,https://driveimg1.intermarche.com/pt/Content/images/boitmal/produit/zoom/C6D7AB327DA95D73F5EBE65622CAD3F8.jpg,,,,,,,2026-02-25T23:59:59Z,PROSPECTUS,16,2
48018,7613287492111,340.0,Felix,"Comida Húmida para Gato Fantastic Duo Saborosa Seleção numa Gelatina, emb. 4 x 85 gr",Embalagem de 4 x 85 g,2.19,6.44,0,kg,€/Kg,,,https://driveimg1.intermarche.com/pt/Content/images/boitmal/produit/zoom/C0DE4D13141D71FBD5B676052866AD04.jpg,,,,,,,2026-03-04T23:59:59Z,PROSPECTUS,16,2
48075,5604260320868,,PorSi,Pensos Higiénicos Ultrafinos Noite com Abas - 10 Unidades,,1.05,1.05,0,,€/Unidade,,,https://driveimg1.intermarche.com/pt/Content/images/boitmal/produit/zoom/12ADA0D268721D24041379800219E3C0.jpg,,,,,,,2026-02-25T23:59:59Z,PROSPECTUS,16,2
48280,5604260323210,,PorSi,Fraldas Premium T6 17-28 kg - 40 Unidades,,8.49,8.49,0,,€/Unidade,,,https://driveimg1.intermarche.com/pt/Content/images/boitmal/produit/zoom/B950359F977599B745889D6912F1E08A.jpg,,,,,,,2026-02-25T23:59:59Z,PROSPECTUS,16,2
48472,7613035442535,85.0,Purina Gourmet,"Comida húmida gato tartelette com carne de frango/cenoura, 85g",,0.74,8.71,0,kg,€/Kg,,,https://driveimg1.intermarche.com/pt/Content/images/boitmal/produit/zoom/FE2BFA3A67FA184C824076A0562D4232.jpg,,,,,,,2026-03-04T23:59:59Z,PROSPECTUS,16,2
49271,7613287494320,340.0,Felix,"Comida Húmida para Gato Adulto Fantastic Seleção Legumes em Gelatina, emb. 4 x 85 gr",Embalagem de 4 x 85 g,2.19,6.44,0,kg,€/Kg,,,https://driveimg1.intermarche.com/pt/Content/images/boitmal/produit/zoom/465E1661478FDA1E40529283D35EC1FE.jpg,,,,,,,2026-03-04T23:59:59Z,PROSPECTUS,16,2
50393,5411188136613,1000.0,Alpro,"Bebida de aveia not milk clássica vegan, de 1 l",,1.99,1.99,1000,L,€/L,,,https://driveimg1.intermarche.com/pt/Content/images/boitmal/produit/zoom/6821B4EC371AD517DBE48650010725D9.jpg,,,,,,,2026-02-25T23:59:59Z,PROSPECTUS,16,2
51538,8006540752333,,Fairy,Detergente Loiça Máquina Platinum Plus Limão,Pack XXL de 48 pastilhas,12.99,12.99,0,,€/Unidade,,,https://driveimg1.intermarche.com/pt/Content/images/boitmal/produit/zoom/8786FC846898F0510EA5C208486C5D8B.jpg,,,,,,,2026-02-25T23:59:59Z,PROSPECTUS,16,2
51678,5604260323395,,PorSi,Tapetes Educativos Animais 60x60 Cm 20 Uni,,5.99,5.99,0,,€/Unidade,,,https://driveimg1.intermarche.com/pt/Content/images/boitmal/produit/zoom/6ACEFB07359CB5B1F19AD9E1B95A21D9.jpg,,,,,,,2026-03-04T23:59:59Z,PROSPECTUS,16,2
51955,5601151966518,1000.0,Compal,"Clássico néctar maçã, embalagem de 1 l",,0.99,0.99,1000,L,€/L,,,https://driveimg1.intermarche.com/pt/Content/images/boitmal/produit/zoom/AAC2B38FB8DA9D096749B1C613B9605A.jpg,,,,,,,2026-02-25T23:59:59Z,PROSPECTUS,16,2
52088,7613032881313,85.0,Purina Gourmet,Comida húmida para gato gourmet gold com coelho 85g,,0.74,8.71,0,kg,€/Kg,,,https://driveimg1.intermarche.com/pt/Content/images/boitmal/produit/zoom/C00E78B2201EC475A2889804E65AE983.jpg,,,,,,,2026-03-04T23:59:59Z,PROSPECTUS,16,2
52593,8720181385049,,Skip,Detergente Máquina Roupa Líquido Sensitive,100 Doses,15.99,15.99,0,,€/Unidade,,,https://driveimg1.intermarche.com/pt/Content/images/boitmal/produit/zoom/AFC8244D618B3035788FED7EABC12BA4.jpg,,,,,,,2026-02-25T23:59:59Z,PROSPECTUS,16,2
52601,5601217137944,1710.0,Quanto,"Amaciador roupa concentrado rubi e jasmim, 95 doses",,3.99,2.33,1710,L,€/L,,,https://driveimg1.intermarche.com/pt/Content/images/boitmal/produit/zoom/F98E5B67EBAD53610C2B7527547160F8.jpg,,,,,,,2026-02-25T23:59:59Z,PROSPECTUS,16,2
52603,5604260328628,120.0,PorSi,Salsichas Frankfurt Lata 6 Unidades,,0.75,6.25,0,kg,€/Kg,,,https://driveimg1.intermarche.com/pt/Content/images/boitmal/produit/zoom/6A98ABEF16E2F4CDE5CD24A91CA89900.jpg,,,,,,,2026-02-25T23:59:59Z,PROSPECTUS,16,2
53022,8445290502490,85.0,Purina Gourmet,"Comida Húmida para Gato Adulto Delícias Suculentas Peixe do Oceano, emb. 85 gr",,0.74,8.71,0,kg,€/Kg,,,https://driveimg1.intermarche.com/pt/Content/images/boitmal/produit/zoom/74BCC173AD7328B601FA910CCCEC8560.jpg,https://driveimg1.intermarche.com/pt/Content/images/boitmal/produit/zoom/FA365B85872BF39268AE03B4C04E8717.jpg,https://driveimg1.intermarche.com/pt/Content/images/boitmal/produit/zoom/FA365B85872BF39268AE03B4C04E8717.jpg,,,,,2026-03-04T23:59:59Z,PROSPECTUS,16,2
53194,8445290067890,800.0,Purina One,"Ração para Gato Pele e Pêlo, 800g",,5.59,6.99,0,kg,€/Kg,,,https://driveimg1.intermarche.com/pt/Content/images/boitmal/produit/zoom/4E4960ABB7C902819653D58752E4A631.jpg,https://driveimg1.intermarche.com/pt/Content/images/boitmal/produit/zoom/F57E7F5688102CC99095B3E6A5083F56.jpg,https://driveimg1.intermarche.com/pt/Content/images/boitmal/produit/zoom/F57E7F5688102CC99095B3E6A5083F56.jpg,,,,,2026-03-04T23:59:59Z,PROSPECTUS,16,2
53292,8719200265424,450.0,Becel,"Creme vegetal culinária, 450g",,2.59,5.76,0,kg,€/Kg,,,https://driveimg1.intermarche.com/pt/Content/images/boitmal/produit/zoom/731104623BFBA291592C36763AD2ACB6.jpg,https://driveimg1.intermarche.com/pt/Content/images/boitmal/produit/zoom/FE0F50DA9FD82BB1CA28828D6783A017.jpg,https://driveimg1.intermarche.com/pt/Content/images/boitmal/produit/zoom/FE0F50DA9FD82BB1CA28828D6783A017.jpg,https://driveimg1.intermarche.com/pt/Content/images/boitmal/produit/zoom/FE0F50DA9FD82BB1CA28828D6783A017.jpg,,,,2026-02-25T23:59:59Z,PROSPECTUS,16,2
53884,5604260331468,600.0,Porsi Vivabem,Leite Uht Meio-gordo sem Lactose 3x200ml,,1.29,2.15,600,L,€/L,,,https://driveimg1.intermarche.com/pt/Content/images/boitmal/produit/zoom/25C67B949DAB7DEC5CC06A1DAABD67FA.jpg,,,,,,,2026-02-25T23:59:59Z,PROSPECTUS,16,2
53908,5604260331369,200.0,PorSi,Mortadela de Peru e Azeitonas Fatiada 200g,,1.79,8.95,0,kg,€/Kg,,,https://driveimg1.intermarche.com/pt/Content/images/boitmal/produit/zoom/2AECD7E930C8B86B786DAF0F6458C172.jpg,,,,,,,2026-02-25T23:59:59Z,PROSPECTUS,16,2
54237,8720182870940,750.0,Cif,"Spray cozinha power & shine, 750ml",,2.99,3.99,750,L,€/L,,,https://driveimg1.intermarche.com/pt/Content/images/boitmal/produit/zoom/7C5092B5C783F181B704CE4066ABA0E8.jpg,,,,,,,2026-02-25T23:59:59Z,PROSPECTUS,16,2
54240,8720182870933,750.0,Cif,"Spray wc power & shine, 750ml",,2.99,3.99,750,L,€/L,,,https://driveimg1.intermarche.com/pt/Content/images/boitmal/produit/zoom/AF06DD56DD26D88A17AF72D8DF21ED04.jpg,,,,,,,2026-02-25T23:59:59Z,PROSPECTUS,16,2
54538,8006540763582,,Fairy,"Detergente Máquina Loiça Pastilhas Original Tudo em 1 Limão, 71D",,12.99,12.99,0,,€/Unidade,,,https://driveimg1.intermarche.com/pt/Content/images/boitmal/produit/zoom/937EB01E1BF93392425BD6CC2ABF2650.jpg,,,,,,,2026-02-25T23:59:59Z,PROSPECTUS,16,2
54789,8711327608665,400.0,Magnum,"4 gelados chocolate e amêndoa, 400 ml",,3.99,9.98,400,L,€/L,,Tipo de stockagem,https://driveimg1.intermarche.com/pt/Content/images/boitmal/produit/zoom/8722D1A85B18DF132EACF542CF5DDE68.jpg,,,,,,,2026-02-25T23:59:59Z,PROSPECTUS,16,2
54799,5603722521263,604.0,Mimosa,Iogurte magro liquido frutos silvestres 4 x 151 ml,,1.54,2.55,604,L,€/L,,,https://driveimg1.intermarche.com/pt/Content/images/boitmal/produit/zoom/783E43940BBBFF2CB63BFFCCB1232BA5.jpg,,,,,,,2026-02-25T23:59:59Z,PROSPECTUS,16,2
55251,8445290751928,340.0,Friskies,"Comida Húmida para Cão Adulto Gelatina Frango, 4 x 85g",,1.89,5.56,0,kg,€/Kg,,,https://driveimg1.intermarche.com/pt/Content/images/boitmal/produit/zoom/189517B3F23D13BC221A7216F72130B8.jpg,,,,,,,2026-03-04T23:59:59Z,PROSPECTUS,16,2
55354,8410063095202,1200.0,Pescanova,"Barrinhas de Pescada sem Glúten, emb. 1,2 kg (36 a 40 un)",,7.99,6.66,0,kg,€/Kg,,Tipo de stockagem,https://driveimg1.intermarche.com/pt/Content/images/boitmal/produit/zoom/D2F57A76EACAFAE8D2E905FFD81B787B.jpg,,,,,,,2026-02-25T23:59:59Z,PROSPECTUS,16,2
55537,5602720010229,750.0,EA,"Vinho Tinto do Alentejo, 75cl",,3.99,5.32,750,L,€/L,,,https://driveimg1.intermarche.com/pt/Content/images/boitmal/produit/zoom/9293BEDB0E3E7DF4C61DA16FFDD1AB0A.jpg,,,,,,,2026-02-25T23:59:59Z,PROSPECTUS,16,2
56173,5604260336494,500.0,PorSi,Snack Cão Adulto Rolinhos 500g,,1.39,2.78,0,kg,€/Kg,,,https://driveimg1.intermarche.com/pt/Content/images/boitmal/produit/zoom/72A5653C437BD768EE281A4F61610F68.jpg,,,,,,,2026-03-04T23:59:59Z,PROSPECTUS,16,2
56174,5604260339105,3000.0,PorSi Select,Alimento Seco Cão Pro Raca Pequena 3kg,,6.99,2.33,0,kg,€/Kg,,,https://driveimg1.intermarche.com/pt/Content/images/boitmal/produit/zoom/0520A2B441F0A7462DAECB5D2AD8B391.jpg,,,,,,,2026-03-04T23:59:59Z,PROSPECTUS,16,2
56193,5604260329830,500.0,PorSi,Mel 500g,,2.99,5.98,0,kg,€/Kg,,,https://driveimg1.intermarche.com/pt/Content/images/boitmal/produit/zoom/5A3F3D7CF49D38F01C02C4813FB37362.jpg,,,,,,,2026-02-25T23:59:59Z,PROSPECTUS,16,2
56246,5604260330454,1000.0,PorSi,Açúcar Mascavado 1kg,,2.39,2.39,0,kg,€/Kg,,,https://driveimg1.intermarche.com/pt/Content/images/boitmal/produit/zoom/04A0FC4D0689D23D66B5DB5CB258AD4A.jpg,,,,,,,2026-02-25T23:59:59Z,PROSPECTUS,16,2
56623,5604260333820,,PorSi,Rolo de Cozinha 3 Folhas Maxi Absorvente 3 Rolos,,2.94,2.94,0,,€/Unidade,,,https://driveimg1.intermarche.com/pt/Content/images/boitmal/produit/zoom/22CCB07DB24E393FECE5E5A7EDC5F212.jpg,,,,,,,2026-02-25T23:59:59Z,PROSPECTUS,16,2
57264,5900020030443,100.0,Nestlé,"Barras de Cereais Lion,emb. 100 gr (4 un)",,1.49,14.9,0,kg,€/Kg,,,https://driveimg1.intermarche.com/pt/Content/images/boitmal/produit/zoom/5CFA936ED344CB7ED26BE8829E2EED99.jpg,,,,,,,2026-02-25T23:59:59Z,PROSPECTUS,16,2
57396,8445291914193,310.0,Nestlé,"Chocapic Minis Cereais Pequeno-Almoço, emb. 310 gr",,2.99,9.65,0,kg,€/Kg,,,https://driveimg1.intermarche.com/pt/Content/images/boitmal/produit/zoom/CC38869F27E0C60011E0F947D75141F1.jpg,,,,,,,2026-02-25T23:59:59Z,PROSPECTUS,16,2
6205,8001480020450,2000.0,Neoblanc,Lixívia Denso-Activa Harmonias Florais p/ Casa e Roupa,Embalagem de 2 l,2.99,1.5,2000,L,€/L,,,https://driveimg1.intermarche.com/pt/Content/images/boitmal/produit/zoom/C3481E94CAB9959473CAD676E85F2973.jpg,,,,,,,2026-02-25T23:59:59Z,PROSPECTUS,16,2
8315,5601028013307,,Renova,"Papel higiénico, compacto, extra xxl, folha dupla, 24 unidades",1 embalagem,10.99,10.99,0,,€/Unidade,,,https://driveimg1.intermarche.com/pt/Content/images/boitmal/produit/zoom/8841944F9F3703369828D4B2A56CAC2C.jpg,https://driveimg1.intermarche.com/pt/Content/images/boitmal/produit/zoom/F6866F63DEC5517DB1E2DC48AD701110.jpg,https://driveimg1.intermarche.com/pt/Content/images/boitmal/produit/zoom/52CEDF162CBC9A98A93B293FEE315F10.jpg,,,,,2026-02-25T23:59:59Z,PROSPECTUS,16,2
8382,5601049131998,1000.0,Mimosa,"Leite uht gordo, embalagem de 1litro",,1.05,1.05,1000,L,€/L,,,https://driveimg1.intermarche.com/pt/Content/images/boitmal/produit/zoom/5D46937192D7E0425B02DA44F0AF6CA9.jpg,https://driveimg1.intermarche.com/pt/Content/images/boitmal/produit/zoom/85426DF0A207BC5690BA7486D86DBCDC.jpg,https://driveimg1.intermarche.com/pt/Content/images/boitmal/produit/zoom/85C3489AE589A6300942C731BCB55282.jpg,,,,,2026-02-25T23:59:59Z,PROSPECTUS,16,2
8384,5601049133992,1000.0,Mimosa,"Leite uht magro, embalagem de 1litro",,0.9,0.9,1000,L,€/L,,,https://driveimg1.intermarche.com/pt/Content/images/boitmal/produit/zoom/128AB814EBA9C0783B386EB2E0A38CC9.jpg,https://driveimg1.intermarche.com/pt/Content/images/boitmal/produit/zoom/8C350978140C257D0AAD7365CD133F0C.jpg,https://driveimg1.intermarche.com/pt/Content/images/boitmal/produit/zoom/B9BED9F397071733FB4D36CBE39ECDBA.jpg,,,,,2026-02-25T23:59:59Z,PROSPECTUS,16,2
9723,5604260272525,500.0,PorSi,Iogurte Aroma Banana 4x125g,,0.79,1.58,0,kg,€/Kg,,,https://driveimg1.intermarche.com/pt/Content/images/boitmal/produit/zoom/D2059B4E5A418F64743F693F4C251D07.jpg,,,,,,,2026-02-25T23:59:59Z,PROSPECTUS,16,2
973,5601024105020,1000.0,Fula,"Óleo Alimentar, emb. 1 lt",Embalagem 1L,1.99,1.99,1000,L,€/L,,,https://driveimg1.intermarche.com/pt/Content/images/boitmal/produit/zoom/322383F88535C8A24498724B92188318.jpg,,,,,,,2026-02-25T23:59:59Z,PROSPECTUS,16,2
9884,7613031584765,340.0,Purina Gourmet,"Comida Húmida Para Gato Finos Pedaços Com Legumes, emb. 4 x 85 gr",,2.59,7.62,0,kg,€/Kg,,,https://driveimg1.intermarche.com/pt/Content/images/boitmal/produit/zoom/C0CDF4838FFE7D06F232C7798568AA0E.jpg,,,,,,,2026-03-04T23:59:59Z,PROSPECTUS,16,3
1014,5601043111149,1000.0,Espiga,"Farinha sem fermento tipo 65, embalagem de 1 kg",,1.29,1.29,0,kg,€/Kg,,,https://driveimg1.intermarche.com/pt/Content/images/boitmal/produit/zoom/0956112EF7C4C6A7364E7D84CAC59686.jpg,,,,,,,2026-02-25T23:59:59Z,PROSPECTUS,16,3
10595,8712000900014,1500.0,Heineken,"Cerveja com álcool, embalagem de 6x0,25 l",,4.49,2.99,1500,L,€/L,,,https://driveimg1.intermarche.com/pt/Content/images/boitmal/produit/zoom/63BE27FDC0B9B249A8F4BBA82132DFD3.jpg,,,,,,,2026-02-25T23:59:59Z,PROSPECTUS,16,3
1138,5601082022796,250.0,Delta,"Café em Grão Torrado Lote Chávena Int 12, emb. 250 gr",Embalagem de 250g,3.79,15.16,0,kg,€/Kg,,,https://driveimg1.intermarche.com/pt/Content/images/boitmal/produit/zoom/A8B4C93555D2897E7B184C0C3550DF4C.jpg,,,,,,,2026-02-25T23:59:59Z,PROSPECTUS,16,3
1140,5601082026909,,Delta Q,"Cápsulas de Café Qalidus Int 10, 10 Cápsulas",Embalagem de 60g,3.79,3.79,0,,€/Unidade,,,https://driveimg1.intermarche.com/pt/Content/images/boitmal/produit/zoom/441EE69B99F521CFEC78FC743837C36E.jpg,,,,,,,2026-02-25T23:59:59Z,PROSPECTUS,16,3
11405,5411188104971,500.0,Alpro,"Yofu de soja natural, de 4x125 g",,2.54,5.08,0,kg,€/Kg,,,https://driveimg1.intermarche.com/pt/Content/images/boitmal/produit/zoom/F1F1BA1F02C9951A72D939766BAFAE6F.jpg,,,,,,,2026-02-25T23:59:59Z,PROSPECTUS,16,3
11503,5601050019100,600.0,Danone,"Danacol frutos exóticos, embalagem de 6 x 100 g",,3.09,5.15,0,kg,€/Kg,,,https://driveimg1.intermarche.com/pt/Content/images/boitmal/produit/zoom/2A16EAD58E7A10ECD338C77C33D25273.jpg,,,,,,,2026-02-25T23:59:59Z,PROSPECTUS,16,3
11523,5601051410029,250.0,Primor,"Manteiga com sal, 250g",,2.19,8.76,0,kg,€/Kg,,,https://driveimg1.intermarche.com/pt/Content/images/boitmal/produit/zoom/6515E45A6FB2F6024F4DECB68FB265B3.jpg,,,,,,,2026-02-25T23:59:59Z,PROSPECTUS,16,3
11950,5603722495106,200.0,Mimosa,"Nata uht light, embalagem de 200 ml",,0.91,4.55,200,L,€/L,,,https://driveimg1.intermarche.com/pt/Content/images/boitmal/produit/zoom/B134F58E2258EB7BCE2AC1B56CF95546.jpg,,,,,,,2026-02-25T23:59:59Z,PROSPECTUS,16,3
11984,5603802400082,750.0,Fiuza,"Vinho regional tejo 3 castas tinto, garrafa de 750 ml",,2.99,3.99,750,L,€/L,,,https://driveimg1.intermarche.com/pt/Content/images/boitmal/produit/zoom/C97513CC1650E73DD6C79DB2002B4660.jpg,,,,,,,2026-02-25T23:59:59Z,PROSPECTUS,16,3
12046,5604260104116,500.0,PorSi,Molho Béchamel 500ml,,1.69,3.38,500,L,€/L,,,https://driveimg1.intermarche.com/pt/Content/images/boitmal/produit/zoom/B291394A8F64F4ED834F032F124A988C.jpg,,,,,,,2026-02-25T23:59:59Z,PROSPECTUS,16,3
12232,7613034453129,300.0,Purina Gourmet,"Comida húmida para gato seleção de peixes, embalagem de 300g",,2.59,8.63,0,kg,€/Kg,,,https://driveimg1.intermarche.com/pt/Content/images/boitmal/produit/zoom/0AFE779DB5FF364F09315DAB6399C25A.jpg,,,,,,,2026-03-04T23:59:59Z,PROSPECTUS,16,3
12797,3600521329900,75.0,Studio Line,"Cera cabelo, indestructible",Embalagem de 75 ml,4.19,55.87,75,L,€/L,,,https://driveimg1.intermarche.com/pt/Content/images/boitmal/produit/zoom/D83E22EED52EC12D4F39D7DF074B774B.jpg,,,,,,,2026-02-25T23:59:59Z,PROSPECTUS,16,3
13582,2893577000000,400.0,Peixaria,Solha Congelada,,2.4,5.99,0,,€/Kg,,Avantages !,https://driveimg1.intermarche.com/pt/Content/images/boitmal/produit/zoom/09CD29C77ECA15BC59D0A288B72C20B4.jpg,,,,,,,2026-02-25T23:59:59Z,PROSPECTUS,16,3
13861,2691127000000,,Aves,Codornizes,1 un. = 150 g (aprox.),1.09,1.09,0,,€/Unidade,,,https://driveimg1.intermarche.com/pt/Content/images/boitmal/produit/zoom/49A0BEA3AB28A38ED8B2B84EBCB7B813.jpg,,,,,,,2026-02-25T23:59:59Z,PROSPECTUS,16,3
13944,2891054000000,250.0,Porco,Orelhas,1 un = 250 gr (aprox.),1.12,4.49,0,,€/Kg,,,https://driveimg1.intermarche.com/pt/Content/images/boitmal/produit/zoom/58E736C9F70B312B5FE9853375C94DCC.jpg,,,,,,,2026-02-25T23:59:59Z,PROSPECTUS,16,3
14227,5601043119015,500.0,Espiga,"Farinha de milho, embalagem de 500g",,0.94,1.88,0,kg,€/Kg,,,https://driveimg1.intermarche.com/pt/Content/images/boitmal/produit/zoom/3A94212450C6EA54B275D891253D59E7.jpg,,,,,,,2026-02-25T23:59:59Z,PROSPECTUS,16,3
14509,5411188115533,1000.0,Alpro,Bebida de soja baunilha,Embalagem de 1L,1.99,1.99,1000,L,€/L,,,https://driveimg1.intermarche.com/pt/Content/images/boitmal/produit/zoom/218A8B639B241166E3D114746FC92529.jpg,,,,,,,2026-02-25T23:59:59Z,PROSPECTUS,16,3
15286,7613034453754,300.0,Purina Gourmet,Comida húmida para gato seleção de aves,Embalagem de 300g,2.59,8.63,0,kg,€/Kg,,,https://driveimg1.intermarche.com/pt/Content/images/boitmal/produit/zoom/E37BC08E397EF4C9355F3D465FCA634D.jpg,,,,,,,2026-03-04T23:59:59Z,PROSPECTUS,16,3
15869,8411134117335,,Control,12 Preservativos Adapta Finíssimo XL,,8.04,8.04,0,,€/Unidade,,,https://driveimg1.intermarche.com/pt/Content/images/boitmal/produit/zoom/2CC37768CC6B71DC4D1E6AFE6BEF2561.jpg,https://driveimg1.intermarche.com/pt/Content/images/boitmal/produit/zoom/688239E7673C56F339B1B2B0AE89DD0F.jpg,,,,,,2026-02-25T23:59:59Z,PROSPECTUS,16,3
15949,7613033191565,200.0,Friskies,"Snack para cão adulto com frango, embalagem de 200g",,2.24,11.2,0,kg,€/Kg,,,https://driveimg1.intermarche.com/pt/Content/images/boitmal/produit/zoom/95D652EE3131BA6B7F2253F8DF29DE4E.jpg,,,,,,,2026-03-04T23:59:59Z,PROSPECTUS,16,3
15952,7613032918729,3000.0,Friskies,"Ração para Gato Adulto de Interior Frango, Peru e Legumes, emb. 3 kg",Embalagem de 3 kg,8.74,2.91,0,kg,€/Kg,,,https://driveimg1.intermarche.com/pt/Content/images/boitmal/produit/zoom/750597FE3D8CEBBA8D73F587B10AA8B2.jpg,,,,,,,2026-03-04T23:59:59Z,PROSPECTUS,16,3
16565,5060166690380,500.0,Monster,"Bebida Energética Energy Green, emb. 50 cl",,1.39,2.78,500,L,€/L,,,https://driveimg1.intermarche.com/pt/Content/images/boitmal/produit/zoom/0007D6DA22B3DA6620347D4A495B2B12.jpg,,,,,,,2026-02-25T23:59:59Z,PROSPECTUS,16,3
16567,5000116110070,750.0,Iglo,"Esparregado de espinafres, embalagem de 750g",,3.99,5.32,0,kg,€/Kg,,Tipo de stockagem,https://driveimg1.intermarche.com/pt/Content/images/boitmal/produit/zoom/F70E4F5A76F097E6E455FB2FF67D9B6F.jpg,,,,,,,2026-02-25T23:59:59Z,PROSPECTUS,16,3
17013,7613033823886,250.0,Nestum,Nestum 5 cereais,Embalagem de 250g,2.24,8.96,0,kg,€/Kg,,,https://driveimg1.intermarche.com/pt/Content/images/boitmal/produit/zoom/55D8589D3232C35CE7023AECB9A4A628.jpg,,,,,,,2026-02-25T23:59:59Z,PROSPECTUS,16,3
17114,5000116110148,320.0,Capitão Iglo,"4 hamburguers vaca sem glúten, embalagem de 320g",,5.99,18.72,0,kg,€/Kg,,Tipo de stockagem,https://driveimg1.intermarche.com/pt/Content/images/boitmal/produit/zoom/F31F98EC751272F860D1F790EE53DF35.jpg,,,,,,,2026-02-25T23:59:59Z,PROSPECTUS,16,3
17149,8436048440393,120.0,Artiach,"Bolacha infantil dinossaurus mini cereais, 120g",,1.49,12.42,0,kg,€/Kg,,,https://driveimg1.intermarche.com/pt/Content/images/boitmal/produit/zoom/1FED2E26C7BE3137E3235C534B824911.jpg,,,,,,,2026-02-25T23:59:59Z,PROSPECTUS,16,3
17595,5411188115366,1000.0,Alpro,"Bebida aveia, embalagem de 1 litro",,1.99,1.99,1000,L,€/L,,,https://driveimg1.intermarche.com/pt/Content/images/boitmal/produit/zoom/F5E08DFF719942D46F9D4BF500500435.jpg,,,,,,,2026-02-25T23:59:59Z,PROSPECTUS,16,3
17827,5603344531022,110.0,General,Atum posta em óleo,Embalagem de 110g,0.94,8.55,0,kg,€/Kg,,,https://driveimg1.intermarche.com/pt/Content/images/boitmal/produit/zoom/6CF8780AD6CFF5E4D2703538338330A5.jpg,,,,,,,2026-02-25T23:59:59Z,PROSPECTUS,16,3
18024,2696283000000,250.0,Pastelaria,"Baguete Constance Cereais, 250 g",,0.99,3.96,0,kg,€/Kg,,,https://driveimg1.intermarche.com/pt/Content/images/boitmal/produit/zoom/CA22C31024FFE026D063A83A78526055.jpg,,,,,,,2026-02-25T23:59:59Z,PROSPECTUS,16,3
18426,3600541887817,400.0,Garnier,Champô Ultra Suave Delicias de Aveia,Embalagem de 400 ml,3.79,9.48,400,L,€/L,,,https://driveimg1.intermarche.com/pt/Content/images/boitmal/produit/zoom/FB3520AB0507187656A408B0D650CF4F.jpg,,,,,,,2026-02-25T23:59:59Z,PROSPECTUS,16,3
18428,3600541888197,400.0,Garnier,Amaciador Ultra Suave Delicadeza de Aveia,Embalagem de 400 ml,3.79,9.48,400,L,€/L,,,https://driveimg1.intermarche.com/pt/Content/images/boitmal/produit/zoom/EEB54D99A81A12744A915743CE2BE7E6.jpg,,,,,,,2026-02-25T23:59:59Z,PROSPECTUS,16,3
1964,5604260061549,210.0,PorSi,Wafer Baunilha 210g,,1.17,5.57,0,kg,€/Kg,,,https://driveimg1.intermarche.com/pt/Content/images/boitmal/produit/zoom/AE1901FA5655C3C5C219D23CA15136C7.jpg,,,,,,,2026-02-25T23:59:59Z,PROSPECTUS,16,3
1965,5604260061556,210.0,PorSi,Wafer Morango 210g,,1.17,5.57,0,kg,€/Kg,,,https://driveimg1.intermarche.com/pt/Content/images/boitmal/produit/zoom/712B0BFD0ABA25E98F7F0AF8A3313F75.jpg,,,,,,,2026-02-25T23:59:59Z,PROSPECTUS,16,3
19702,4008429059278,60.0,Catisfactions,"Snack para gato de galinha e pato, embalagem de 60g",,1.69,28.17,0,kg,€/Kg,,,https://driveimg1.intermarche.com/pt/Content/images/boitmal/produit/zoom/5ED7681CBE5EE32EEFB9EC4EB630A10B.jpg,,,,,,,2026-03-04T23:59:59Z,PROSPECTUS,16,3
19954,5602947000416,750.0,Quinta da Pacheca,Vinho tinto doc douro superior,Garrafa de 0.75 l,9.99,13.32,750,L,€/L,,,https://driveimg1.intermarche.com/pt/Content/images/boitmal/produit/zoom/0AD1FE231F09F3E2DDE62289E3088EE1.jpg,,,,,,,2026-02-25T23:59:59Z,PROSPECTUS,16,3
2004,5604260095483,250.0,PorSi Select,Vinagre Balsâmico de Modena 250ml,,1.25,5.0,250,L,€/L,,,https://driveimg1.intermarche.com/pt/Content/images/boitmal/produit/zoom/8CCAF5050BAB206C331B17751AD5E5E3.jpg,,,,,,,2026-02-25T23:59:59Z,PROSPECTUS,16,3
20433,5601244500070,1000.0,Terra Nostra,"Leite de pastagem magro, embalagem de 1 l",,0.89,0.89,1000,L,€/L,,,https://driveimg1.intermarche.com/pt/Content/images/boitmal/produit/zoom/9F4485855ABBC3534A5CD1111ACFCBA8.jpg,https://driveimg1.intermarche.com/pt/Content/images/boitmal/produit/zoom/E6424B45F8177C670F59F3BF8C085519.jpg,,,,,,2026-02-25T23:59:59Z,PROSPECTUS,16,3
20434,5601244500063,1000.0,Terra Nostra,"Leite de pastagem meio gordo, embalagem de 1litro",,0.89,0.89,1000,L,€/L,,,https://driveimg1.intermarche.com/pt/Content/images/boitmal/produit/zoom/416A848D81A31A3BE14CC7E8951CC4DA.jpg,https://driveimg1.intermarche.com/pt/Content/images/boitmal/produit/zoom/E82125FE177156A16B33D08208F11D7F.jpg,,,,,,2026-02-25T23:59:59Z,PROSPECTUS,16,3
21749,7613035766532,250.0,Nestum,"Nestum chocolate, embalagem de 250g",,2.24,8.96,0,kg,€/Kg,,,https://driveimg1.intermarche.com/pt/Content/images/boitmal/produit/zoom/56615AB89B36DE078E553AF04539E1E0.jpg,,,,,,,2026-02-25T23:59:59Z,PROSPECTUS,16,3
22451,8076802085738,500.0,Barilla,"Massa alimentícia penne rigate, embalagem de 500g",,1.09,2.18,0,kg,€/Kg,,,https://driveimg1.intermarche.com/pt/Content/images/boitmal/produit/zoom/C0AFC2E79E59A7CBEB8CD3B16752797B.jpg,,,,,,,2026-02-25T23:59:59Z,PROSPECTUS,16,3
23276,5604260281299,175.0,Porsi Programa Origens,Salada Gourmet 175 G,,1.09,6.23,0,kg,€/Kg,,,https://driveimg1.intermarche.com/pt/Content/images/boitmal/produit/zoom/4B8FE4793F676EB4D411F04A36543FE6.jpg,,,,,,,2026-02-25T23:59:59Z,PROSPECTUS,16,3
23653,5600202948299,750.0,Valleperro,Vinho doc douro tinto,Garrafa de 750 ml,2.99,3.99,750,L,€/L,,,https://driveimg1.intermarche.com/pt/Content/images/boitmal/produit/zoom/F5865C13DEE1923E987B86EC1D61E976.jpg,,,,,,,2026-02-25T23:59:59Z,PROSPECTUS,16,3
2441,5998749107898,720.0,Pedigree,"Snack dentastix médio, de 720 g",,8.14,11.31,0,kg,€/Kg,,,https://driveimg1.intermarche.com/pt/Content/images/boitmal/produit/zoom/FC04B8F248B16D5802B314F197DBA209.jpg,,,,,,,2026-03-04T23:59:59Z,PROSPECTUS,16,3
24927,5601066632676,17.0,Margão,"Tempero segredos grelhados, 17g",,2.19,128.82,0,kg,€/Kg,,,https://driveimg1.intermarche.com/pt/Content/images/boitmal/produit/zoom/B4041781BC6EFD50E653514699394961.jpg,,,,,,,2026-02-25T23:59:59Z,PROSPECTUS,16,3
2500,7613033129025,250.0,Cerelac,"Papa Infantil Não Láctea Bolacha Maria +6M, emb. 250 gr",,2.39,9.56,0,kg,€/Kg,,,https://driveimg1.intermarche.com/pt/Content/images/boitmal/produit/zoom/86F8E21230827C4A87CCDAA9CDA276AE.jpg,,,,,,,2026-02-25T23:59:59Z,PROSPECTUS,16,3
2520,7613033822827,250.0,Nestum,"Cereais mel com cereais integrais, embalagem de 250g",,2.24,8.96,0,kg,€/Kg,,,https://driveimg1.intermarche.com/pt/Content/images/boitmal/produit/zoom/50987E91B590C03F84755178E67E5C7E.jpg,,,,,,,2026-02-25T23:59:59Z,PROSPECTUS,16,3
25220,5998749133392,60.0,Catisfactions,Snack gato peru,Embalagem de 60g,1.69,28.17,0,kg,€/Kg,,,https://driveimg1.intermarche.com/pt/Content/images/boitmal/produit/zoom/639F3544CF1F5DB80C2C8DEA1E40B4E1.jpg,,,,,,,2026-03-04T23:59:59Z,PROSPECTUS,16,3
25275,5775345121578,700.0,Sunquick,"Concentrado Laranja, garrafa 70 cl",Garrafa de 700 ml,6.15,8.79,700,L,€/L,,,https://driveimg1.intermarche.com/pt/Content/images/boitmal/produit/zoom/60CE4BBE254D671FC1E542A0A73849E2.jpg,,,,,,,2026-02-25T23:59:59Z,PROSPECTUS,16,3
25539,7613035799837,3000.0,Friskies,Ração para gato esterilizado com peru,Embalagem de 3 kg,8.74,2.91,0,kg,€/Kg,,,https://driveimg1.intermarche.com/pt/Content/images/boitmal/produit/zoom/6753096F838736845D00B1BB9E9BE49E.jpg,,,,,,,2026-03-04T23:59:59Z,PROSPECTUS,16,3
2581,7622300086404,100.0,Milka,"Tablete de chocolate com creme de caramelo, embalagem de 100g",,1.99,19.9,0,kg,€/Kg,,,https://driveimg1.intermarche.com/pt/Content/images/boitmal/produit/zoom/B056CF42D2CA274C5F222D61901AFE29.jpg,,,,,,,2026-02-25T23:59:59Z,PROSPECTUS,16,3
25861,5603722509759,800.0,Mimosa,"Leite com chocolate, embalagem de 4 x 200 ml",,1.68,2.1,800,L,€/L,,,https://driveimg1.intermarche.com/pt/Content/images/boitmal/produit/zoom/4FE9754297F54084EBC31D72FBB55E4F.jpg,,,,,,,2026-02-25T23:59:59Z,PROSPECTUS,16,3
26305,8435495801542,510.0,Gama,Detergente Manual p/ Lavar Roupa Regular,Embalagem de 510 g,1.78,3.49,0,kg,€/Kg,,,https://driveimg1.intermarche.com/pt/Content/images/boitmal/produit/zoom/76A1C7555826705FB1747A251DD116A0.jpg,,,,,,,2026-02-25T23:59:59Z,PROSPECTUS,16,3
2779,8410180108038,185.0,Artiach,Bolachas infantil dinossauros,Embalagem de 190g,1.69,9.14,0,kg,€/Kg,,,https://driveimg1.intermarche.com/pt/Content/images/boitmal/produit/zoom/93FFBED3F451AE6676EBADF170E0F9AC.jpg,,,,,,,2026-02-25T23:59:59Z,PROSPECTUS,16,3
27895,3600542139977,400.0,Garnier,Champô Ultra Suave Riqueza D'Argão,Embalagem de 400 ml,3.79,9.48,400,L,€/L,,,https://driveimg1.intermarche.com/pt/Content/images/boitmal/produit/zoom/77E999E8D164E33EBDE7F1A567689F18.jpg,,,,,,,2026-02-25T23:59:59Z,PROSPECTUS,16,3
28443,0000042332824,50.0,Nivea Men,"Desodorizante Black&White Active Roll-On Invisible, 50ml",,2.99,59.8,50,L,€/L,,,https://driveimg1.intermarche.com/pt/Content/images/boitmal/produit/zoom/23AEC11E060ABC48167BD960BFBE0CEF.jpg,,,,,,,2026-02-25T23:59:59Z,PROSPECTUS,16,3
28859,5000116123841,336.0,Capitão Iglo,"Douradinhos estaladiços, embalagem de 340g",,4.99,14.85,0,kg,€/Kg,,Tipo de stockagem,https://driveimg1.intermarche.com/pt/Content/images/boitmal/produit/zoom/49AFDC264463FC49315EE03B7B5FBE4C.jpg,,,,,,,2026-02-25T23:59:59Z,PROSPECTUS,16,3
28876,7613035116115,3000.0,Purina One Mini,"Ração para Cão Adulto Mini Vaca e Arroz, emb. 3 kg",Embalagem de 3 kg,11.99,4.0,0,kg,€/Kg,,,https://driveimg1.intermarche.com/pt/Content/images/boitmal/produit/zoom/4E297E03C6A7DFBC549FEC91CAA1BD47.jpg,,,,,,,2026-03-04T23:59:59Z,PROSPECTUS,16,3
28880,5602182360139,750.0,Monte da Ravasqueira,Vinho tinto regional alentejano superior,Garrafa de 750 ml,4.99,6.65,750,L,€/L,,,https://driveimg1.intermarche.com/pt/Content/images/boitmal/produit/zoom/6FF671489AD108ACE18CD76A49E812FC.jpg,,,,,,,2026-02-25T23:59:59Z,PROSPECTUS,16,3
31141,3073781094930,140.0,A Vaca Que Ri,"Queijo fundido palitos light 140g, embalagem de 140g",,1.99,14.21,0,kg,€/Kg,,,https://driveimg1.intermarche.com/pt/Content/images/boitmal/produit/zoom/F66CF0DE9FAADEC9E619DBA8AD59FC6D.jpg,,,,,,,2026-02-25T23:59:59Z,PROSPECTUS,16,3
31203,5601043115628,200.0,Espiga,"Spray para untar, 200ml",,3.69,18.45,200,L,€/L,,,https://driveimg1.intermarche.com/pt/Content/images/boitmal/produit/zoom/FC32330DF6C50150785CBF9E155B0DEB.jpg,,,,,,,2026-02-25T23:59:59Z,PROSPECTUS,16,3
32302,4005900388636,50.0,Nivea,"Desodorizante Roll On Black & White Invisible Original, emb. 50 ml",,2.3,46.0,50,L,€/L,,,https://driveimg1.intermarche.com/pt/Content/images/boitmal/produit/zoom/A7033FA7EF521736C8A4EC3A7B6E46A0.jpg,,,,,,,2026-02-25T23:59:59Z,PROSPECTUS,16,3
32304,4005900386564,50.0,Nivea,"Desodorizante Roll On Black & White Active, emb. 50 ml",,2.99,59.8,50,L,€/L,,,https://driveimg1.intermarche.com/pt/Content/images/boitmal/produit/zoom/456BB91446D840F87A037D96EF8F2C1F.jpg,,,,,,,2026-02-25T23:59:59Z,PROSPECTUS,16,3
32402,4005900542557,50.0,Nivea,"Desodorizante Roll On Black & White Silky Smooth, emb. 50 ml",,2.99,59.8,50,L,€/L,,,https://driveimg1.intermarche.com/pt/Content/images/boitmal/produit/zoom/38BC337DF80EFF7BB0EAAC1C90FD7BD0.jpg,,,,,,,2026-02-25T23:59:59Z,PROSPECTUS,16,3
32408,5601050034967,600.0,Danone,"Danacol aveia, embalagem de 6 x 100g",,3.09,5.15,0,kg,€/Kg,,,https://driveimg1.intermarche.com/pt/Content/images/boitmal/produit/zoom/5CE656F263120C59B9C0953B21D516B7.jpg,,,,,,,2026-02-25T23:59:59Z,PROSPECTUS,16,3
33291,5601029000047,385.0,Bom Petisco,"Atum posta natural, 385g",,4.55,11.82,0,kg,€/Kg,,,https://driveimg1.intermarche.com/pt/Content/images/boitmal/produit/zoom/F97402A97CE5BCD8777B49EE163C0C1E.jpg,,,,,,,2026-02-25T23:59:59Z,PROSPECTUS,16,3
33400,5604260285228,4000.0,PorSi,Alimento Seco Cão Adulto Mix 4kg,,5.49,1.37,0,kg,€/Kg,,,https://driveimg1.intermarche.com/pt/Content/images/boitmal/produit/zoom/3AA045D73049470D10C23032126C6A0F.jpg,,,,,,,2026-03-04T23:59:59Z,PROSPECTUS,16,3
33401,3065890142350,1200.0,Pedigree,"Alimento húmido para cão adulto, 12 x 100 g",,5.34,4.45,0,kg,€/Kg,,,https://driveimg1.intermarche.com/pt/Content/images/boitmal/produit/zoom/B303A5148245C532F7D1FC9626EB2397.jpg,,,,,,,2026-03-04T23:59:59Z,PROSPECTUS,16,3
33596,8412857000034,450.0,Humydry,Recarga Desumidificador Inodoro,embalagem de 450g,2.45,5.44,0,kg,€/Kg,,,https://driveimg1.intermarche.com/pt/Content/images/boitmal/produit/zoom/939BDDD8A364E225B47B3EEBD19FAA67.jpg,,,,,,,2026-02-25T23:59:59Z,PROSPECTUS,16,3
33600,8412857900891,250.0,Humydry,Desumidificador Basic,embalagem de 250g,3.84,15.36,0,kg,€/Kg,,,https://driveimg1.intermarche.com/pt/Content/images/boitmal/produit/zoom/B45FCE09221B2D76DE77724F3F974FCD.jpg,,,,,,,2026-02-25T23:59:59Z,PROSPECTUS,16,3
34254,3250391531318,280.0,Bouton d' Or,Tomate seco em óleo,Embalagem de 280g,2.79,9.96,0,kg,€/Kg,,,https://driveimg1.intermarche.com/pt/Content/images/boitmal/produit/zoom/4764DBD701A083E8005725BFED304DAC.jpg,,,,,,,2026-02-25T23:59:59Z,PROSPECTUS,16,3
34760,7613036912709,28.0,Maggi,"Suculento no forno ervas, embalagem de 40g",,0.89,31.79,0,kg,€/Kg,,,https://driveimg1.intermarche.com/pt/Content/images/boitmal/produit/zoom/76C2A3A48D30703422BAF9E59F656EBB.jpg,,,,,,,2026-02-25T23:59:59Z,PROSPECTUS,16,3
35441,5604260291168,420.0,PorSi,Cogumelos Laminados 780g,,2.19,5.21,0,kg,€/Kg,,,https://driveimg1.intermarche.com/pt/Content/images/boitmal/produit/zoom/96B079EE01AB76F05B9B6D58B22BA998.jpg,,,,,,,2026-02-25T23:59:59Z,PROSPECTUS,16,3
36657,5601217132673,500.0,Cillitbang,"Spray lixívia e higiene, de 500 ml",,2.39,4.78,500,L,€/L,,,https://driveimg1.intermarche.com/pt/Content/images/boitmal/produit/zoom/D9B27A41A222F2F218026715A414F2D0.jpg,,,,,,,2026-02-25T23:59:59Z,PROSPECTUS,16,3
36712,5604260294879,200.0,PorSi,Queijo Gouda Fatiado 200g,,1.69,8.45,0,kg,€/Kg,,,https://driveimg1.intermarche.com/pt/Content/images/boitmal/produit/zoom/DA95A9507FFD36014042570F7367B99A.jpg,,,,,,,2026-02-25T23:59:59Z,PROSPECTUS,16,3
36732,5604260286454,2000.0,PorSi,Alimento Seco Gato Adulto Carne 2 kg,,3.59,1.8,0,kg,€/Kg,,,https://driveimg1.intermarche.com/pt/Content/images/boitmal/produit/zoom/DB71D9E83D68197D41D14C0FD3462038.jpg,,,,,,,2026-03-04T23:59:59Z,PROSPECTUS,16,3
372,8711200532391,260.0,Calvé,"Molho Burger Top Down, emb. 260 gr",,1.94,7.46,0,kg,€/Kg,,,https://driveimg1.intermarche.com/pt/Content/images/boitmal/produit/zoom/274182EF6D0EFA8A84998CA913A7016C.jpg,https://driveimg1.intermarche.com/pt/Content/images/boitmal/produit/zoom/122719564EBC4BB4D52F039A6C0EDAF1.jpg,,,,,,2026-02-25T23:59:59Z,PROSPECTUS,16,3
37460,5900020033963,141.0,Nestlé,"Barras de Cereais Chocolate e Banana Fitness, emb. 141 gr (6 un)",Embalagem de 141 g,1.99,14.11,0,kg,€/Kg,,,https://driveimg1.intermarche.com/pt/Content/images/boitmal/produit/zoom/1E85263A2C5A59452E4D94091A02574C.jpg,,,,,,,2026-02-25T23:59:59Z,PROSPECTUS,16,3
37603,5601244700005,250.0,Terra Nostra,"Manteiga sem sal terra nostra, embalagem de 250g",,2.29,9.16,0,kg,€/Kg,,,https://driveimg1.intermarche.com/pt/Content/images/boitmal/produit/zoom/317E2CDE181AB3CCD0895012A2A6754F.jpg,,,,,,,2026-02-25T23:59:59Z,PROSPECTUS,16,3
37812,5604260301065,,PorSi,Fraldas Premium T3 4-10 kg - 60 Unidades,,8.49,8.49,0,,€/Unidade,,,https://driveimg1.intermarche.com/pt/Content/images/boitmal/produit/zoom/4EAC10020B9224D6442ABE842B034538.jpg,,,,,,,2026-02-25T23:59:59Z,PROSPECTUS,16,3
37814,5604260301089,,PorSi,Fraldas Premium T5 13-18 kg - 42 Unidades,,8.1,8.1,0,,€/Unidade,,,https://driveimg1.intermarche.com/pt/Content/images/boitmal/produit/zoom/C13EDAEA790705BF6C3FF3D6193E73D1.jpg,,,,,,,2026-02-25T23:59:59Z,PROSPECTUS,16,3
37990,8410063036175,1000.0,Pescanova,"Caprichos do Mar sem Glúten, emb. 1 kg (31 a 37 un.)",,7.39,7.39,0,kg,€/Kg,,Tipo de stockagem,https://driveimg1.intermarche.com/pt/Content/images/boitmal/produit/zoom/6895ADBC20BAA64ABF1A75EDB160FACB.jpg,,,,,,,2026-02-25T23:59:59Z,PROSPECTUS,16,3
38417,5411188124689,1000.0,Alpro,"Bebida aveia sem açúcar, embalagem de 1l",,1.89,1.89,1000,L,€/L,,,https://driveimg1.intermarche.com/pt/Content/images/boitmal/produit/zoom/242D83F75D71A1E8390A9D4AC652F0B9.jpg,,,,,,,2026-02-25T23:59:59Z,PROSPECTUS,16,3
38569,5601043111385,500.0,Espiga,"Farinha de arroz, embalagem de 500g",,0.99,1.98,0,kg,€/Kg,,,https://driveimg1.intermarche.com/pt/Content/images/boitmal/produit/zoom/28DC7EE63C94ABC2441EEA0D7A9449BD.jpg,,,,,,,2026-02-25T23:59:59Z,PROSPECTUS,16,3
38934,5601164863217,500.0,Somersby,"Sidra com Álcool Maçã, emb. 50 cl",,1.25,2.5,500,L,€/L,,,https://driveimg1.intermarche.com/pt/Content/images/boitmal/produit/zoom/A3D6F4DDF9AFF4F9F8F47269DBD60191.jpg,,,,,,,2026-02-25T23:59:59Z,PROSPECTUS,16,3
39625,5607233533951,385.0,Panrico,Pão cerealia 100% integral,Embalagem de 385g,1.99,5.17,0,kg,€/Kg,,,https://driveimg1.intermarche.com/pt/Content/images/boitmal/produit/zoom/41D40B955E0A17EB04A654C74F17935A.jpg,,,,,,,2026-02-25T23:59:59Z,PROSPECTUS,16,3
39677,5604321031627,400.0,Cemporcento,"Flocos de aveia finos sem glúten, embalagem de 400g",,1.49,3.73,0,kg,€/Kg,,,https://driveimg1.intermarche.com/pt/Content/images/boitmal/produit/zoom/F27865F23D12D2EC899A9AFCC2B0963F.jpg,,,,,,,2026-02-25T23:59:59Z,PROSPECTUS,16,3
405,8712566410910,275.0,Calvé,"Ketchup Top Down sem Glúten, emb. 275 gr",,1.48,5.38,0,kg,€/Kg,,,https://driveimg1.intermarche.com/pt/Content/images/boitmal/produit/zoom/9E63EED4B27A252289B8979C188F5B40.jpg,https://driveimg1.intermarche.com/pt/Content/images/boitmal/produit/zoom/0D7B165FF00CA45BD8F6AC077E3CA1EC.jpg,https://driveimg1.intermarche.com/pt/Content/images/boitmal/produit/zoom/0D7B165FF00CA45BD8F6AC077E3CA1EC.jpg,https://driveimg1.intermarche.com/pt/Content/images/boitmal/produit/zoom/0D7B165FF00CA45BD8F6AC077E3CA1EC.jpg,,,,2026-02-25T23:59:59Z,PROSPECTUS,16,3
40833,8718951333482,1250.0,Ajax,"Detergente líquido lava-tudo festa das flores, 1.25 litros",,2.24,1.79,1250,L,€/L,,,https://driveimg1.intermarche.com/pt/Content/images/boitmal/produit/zoom/693F264420C4477C1D894CD0E8FEFC0A.jpg,,,,,,,2026-02-25T23:59:59Z,PROSPECTUS,16,3
40974,8711327407121,2000.0,Lipton,Ice tea de limão zero açúcar garrafa 2 l,,1.89,0.95,2000,L,€/L,,,https://driveimg1.intermarche.com/pt/Content/images/boitmal/produit/zoom/01B1D0B046262E5013625D98284F67D4.jpg,,,,,,,2026-02-25T23:59:59Z,PROSPECTUS,16,3
41360,5601050036268,160.0,Yopro,"Yopro mirtilo, embalagem de 160g",,1.29,8.06,0,kg,€/Kg,,,https://driveimg1.intermarche.com/pt/Content/images/boitmal/produit/zoom/DCA8853EDE27123693F6D3AE94D87D35.jpg,,,,,,,2026-02-25T23:59:59Z,PROSPECTUS,16,3
41388,5604260304356,2000.0,PorSi Select,Alimento Seco Gato Pro Esterilizado 2 kg,,5.39,2.7,0,kg,€/Kg,,,https://driveimg1.intermarche.com/pt/Content/images/boitmal/produit/zoom/8A8341870D185F9B8420300F8DA6DD25.jpg,,,,,,,2026-03-04T23:59:59Z,PROSPECTUS,16,3
41661,5603769000752,750.0,Piano,Vinho DOC Douro Tinto Reserva,Garrafa de 0.75 l,6.74,8.99,750,L,€/L,,,https://driveimg1.intermarche.com/pt/Content/images/boitmal/produit/zoom/B0DFAFE37BB6D8C6F3E4E55468B7B398.jpg,,,,,,,2026-02-25T23:59:59Z,PROSPECTUS,16,3
41901,7613037677591,250.0,Cerelac,"Papa Infantil Farinha Láctea com 40% Menos Açúcares +6M,  emb. 250 gr",,2.24,8.96,0,kg,€/Kg,,,https://driveimg1.intermarche.com/pt/Content/images/boitmal/produit/zoom/029375962274AEB82420915E9195E54A.jpg,,,,,,,2026-02-25T23:59:59Z,PROSPECTUS,16,3
42034,5604260302956,400.0,PorSi,Alimento Humido Gato Geleia Carne 4x100g,Embalagem de 4 x 100 g,1.79,4.48,0,kg,€/Kg,,,https://driveimg1.intermarche.com/pt/Content/images/boitmal/produit/zoom/C902EC152491A4A1A1A0CF70E1553BE8.jpg,https://driveimg1.intermarche.com/pt/Content/images/boitmal/produit/zoom/99F852605FDCA88EC66100070F5E9DD4.jpg,,,,,,2026-03-04T23:59:59Z,PROSPECTUS,16,3
42146,5604260304363,2000.0,PorSi Select,Alimento Seco Gato Pro Interior 2kg,,5.39,2.7,0,kg,€/Kg,,,https://driveimg1.intermarche.com/pt/Content/images/boitmal/produit/zoom/5C1E77C66BE03B927EC3C6A958E696BC.jpg,,,,,,,2026-03-04T23:59:59Z,PROSPECTUS,16,3
42179,5604260307777,441.0,PorSi,Nata Pasteurizada 30% Mg 45cl/ 441g,,2.95,6.69,0,kg,€/Kg,,,https://driveimg1.intermarche.com/pt/Content/images/boitmal/produit/zoom/6E34B08A0109E785FC983F0CB93196A9.jpg,,,,,,,2026-02-25T23:59:59Z,PROSPECTUS,16,3
42511,5604260308217,100.0,PorSi,Blocos Wc Multiativo Pinho 2x50g,Pack de 2 x 50 g,1.64,16.4,0,kg,€/Kg,,,https://driveimg1.intermarche.com/pt/Content/images/boitmal/produit/zoom/0F8A67F1E6CF7C2342C15D97399AE5FF.jpg,,,,,,,2026-02-25T23:59:59Z,PROSPECTUS,16,3
42849,5604260308019,1000.0,PorSi Bio,Bebida Soja Bio 0% Açúcares Adicionados 1l,,0.94,0.94,1000,L,€/L,,,https://driveimg1.intermarche.com/pt/Content/images/boitmal/produit/zoom/D68BCA87C01974D9C9D9721C9B8735AE.jpg,https://driveimg1.intermarche.com/pt/Content/images/boitmal/produit/zoom/A719986887CCAA7BB37BDD96A9897A6B.jpg,https://driveimg1.intermarche.com/pt/Content/images/boitmal/produit/zoom/A719986887CCAA7BB37BDD96A9897A6B.jpg,https://driveimg1.intermarche.com/pt/Content/images/boitmal/produit/zoom/A719986887CCAA7BB37BDD96A9897A6B.jpg,https://driveimg1.intermarche.com/pt/Content/images/boitmal/produit/zoom/A719986887CCAA7BB37BDD96A9897A6B.jpg,,,2026-02-25T23:59:59Z,PROSPECTUS,16,3
42850,5604260307623,400.0,Porsi Vivabem,Especialidade Soja 4x100g,,1.29,3.23,0,kg,€/Kg,,,https://driveimg1.intermarche.com/pt/Content/images/boitmal/produit/zoom/DB9725133F1B2FF31F4BB486DF7451DE.jpg,,,,,,,2026-02-25T23:59:59Z,PROSPECTUS,16,3
42987,5604260310142,200.0,Porsi Vivabem,Bolachas Marítimas com Chia 200g,,1.88,9.4,0,kg,€/Kg,,,https://driveimg1.intermarche.com/pt/Content/images/boitmal/produit/zoom/F47D7E06AB57B9945432B19BCFB9F330.jpg,,,,,,,2026-02-25T23:59:59Z,PROSPECTUS,16,4
43048,5604260311026,500.0,PorSi,Muesli Nozes 500g,,2.19,4.38,0,kg,€/Kg,,,https://driveimg1.intermarche.com/pt/Content/images/boitmal/produit/zoom/D1E75D70406A0C96D2A302F9A791696F.jpg,,,,,,,2026-02-25T23:59:59Z,PROSPECTUS,16,4
43541,5604260309955,2000.0,PorSi,Amaciador Concentrado Floral 2l,,1.79,0.9,2000,L,€/L,,,https://driveimg1.intermarche.com/pt/Content/images/boitmal/produit/zoom/051755203CB0DF5DAB3A4311EAE749EB.jpg,,,,,,,2026-02-25T23:59:59Z,PROSPECTUS,16,4
43542,5604260309962,2000.0,PorSi,Amaciador Concentrado Jojoba 2l,,1.79,0.9,2000,L,€/L,,,https://driveimg1.intermarche.com/pt/Content/images/boitmal/produit/zoom/6B2C0ED9EBB7028DFF63C98BA2CD7526.jpg,,,,,,,2026-02-25T23:59:59Z,PROSPECTUS,16,4
44616,5998749138410,2160.0,Pedigree,"Snack para cão grande dentastix fresh, 56 unidades",,16.74,7.75,0,kg,€/Kg,,,https://driveimg1.intermarche.com/pt/Content/images/boitmal/produit/zoom/687F1DA3C884F2F296CE7564AC62C8D2.jpg,,,,,,,2026-03-04T23:59:59Z,PROSPECTUS,16,4
44634,8711327485082,330.0,Magnum,"Gelados mini double gold caramel billionaire, embalagem de 6x55 ml",,4.49,13.61,330,L,€/L,,Tipo de stockagem,https://driveimg1.intermarche.com/pt/Content/images/boitmal/produit/zoom/42AC7934AA428100845DBDC81A00E314.jpg,,,,,,,2026-02-25T23:59:59Z,PROSPECTUS,16,4
44916,8711327480438,440.0,Magnum,"Gelado double gold caramel billionaire, embalagem de 440 ml",,3.99,9.07,440,L,€/L,,Tipo de stockagem,https://driveimg1.intermarche.com/pt/Content/images/boitmal/produit/zoom/7C07DC9914F4DA381F8A8A6ECD5557A3.jpg,,,,,,,2026-02-25T23:59:59Z,PROSPECTUS,16,4
44948,5604260313273,250.0,PorSi Bio,Mel Bio 250g,,2.25,9.0,0,kg,€/Kg,,,https://driveimg1.intermarche.com/pt/Content/images/boitmal/produit/zoom/31C947C55452B58F8A77204579DA2099.jpg,,,,,,,2026-02-25T23:59:59Z,PROSPECTUS,16,4
45029,3600542369794,400.0,Garnier,"Champô Ultra Suave camomila, 400 ml",,3.79,9.48,400,L,€/L,,,https://driveimg1.intermarche.com/pt/Content/images/boitmal/produit/zoom/3D84CCE5242E797E89883507C54F8153.jpg,,,,,,,2026-02-25T23:59:59Z,PROSPECTUS,16,4
45396,5053827176057,600.0,KelloggS,"Cereais krave trésor avelã, embalagem de 600g",,4.79,7.98,0,kg,€/Kg,,,https://driveimg1.intermarche.com/pt/Content/images/boitmal/produit/zoom/22414DB827D28782C0C570A1BF19C3BD.jpg,,,,,,,2026-02-25T23:59:59Z,PROSPECTUS,16,4
45670,5604260310715,150.0,PorSi,Bolacha com Cobertura Chocolate Negro 150g,,1.99,13.27,0,kg,€/Kg,,,https://driveimg1.intermarche.com/pt/Content/images/boitmal/produit/zoom/EEDA2FEFFA828F4A903BCB6328CC6093.jpg,,,,,,,2026-02-25T23:59:59Z,PROSPECTUS,16,4
45715,5604260310722,150.0,PorSi,Bolacha com Cobertura Chocolate de Leite 150g,,1.99,13.27,0,kg,€/Kg,,,https://driveimg1.intermarche.com/pt/Content/images/boitmal/produit/zoom/316BF2EFAABDC61698C845DF2D1BBE17.jpg,,,,,,,2026-02-25T23:59:59Z,PROSPECTUS,16,4
46517,5000204208917,750.0,Pato,"Abrasivo Sanitário Líquido Ação Total Pinho, emb. 750 ml",,1.94,2.59,750,L,€/L,,,https://driveimg1.intermarche.com/pt/Content/images/boitmal/produit/zoom/08C17A1F547C898E2E6E9CBB3441BB2A.jpg,,,,,,,2026-02-25T23:59:59Z,PROSPECTUS,16,4
46518,5000204208856,750.0,Pato,"Abrasivo Sanitário Líquido Ação Total Menta, emb. 750 ml",,1.94,2.59,750,L,€/L,,,https://driveimg1.intermarche.com/pt/Content/images/boitmal/produit/zoom/8D02BC7C70B0CBFEDA11FE724DDAAE84.jpg,,,,,,,2026-02-25T23:59:59Z,PROSPECTUS,16,4
47119,5998749138335,125.0,Pedigree,"Snack para cão júnior dentastix galinha, de 125g",,2.14,17.12,0,kg,€/Kg,,,https://driveimg1.intermarche.com/pt/Content/images/boitmal/produit/zoom/0C79593AFD61A5AAF6276B4A6FC330FF.jpg,,,,,,,2026-03-04T23:59:59Z,PROSPECTUS,16,4
4791,5010103803403,700.0,J&B,Whisky 15 anos c/caixa,Garrafa de 700 ml,26.29,37.56,700,L,€/L,,,https://driveimg1.intermarche.com/pt/Content/images/boitmal/produit/zoom/60235257103CB19EF8ABB0C7DC8E78C0.jpg,,,,,,,2026-02-25T23:59:59Z,PROSPECTUS,16,4
47917,5604260320264,126.0,PorSi,Barras de Cereais Forma Clássicas 126g,,1.39,11.03,0,kg,€/Kg,,,https://driveimg1.intermarche.com/pt/Content/images/boitmal/produit/zoom/ED9C046B5C97FE757232CE7F0670F7B1.jpg,https://driveimg1.intermarche.com/pt/Content/images/boitmal/produit/zoom/502AF5D05C669A741A5F5BF8A39E9552.jpg,,,,,,2026-02-25T23:59:59Z,PROSPECTUS,16,4
48030,7613287495259,1020.0,Felix,"Fantastic seleção de peixes em gelatina, embalagem de 12x100g",,5.99,5.87,0,kg,€/Kg,,,https://driveimg1.intermarche.com/pt/Content/images/boitmal/produit/zoom/6C8C86286E27A01458DD382E5FE02A80.jpg,,,,,,,2026-03-04T23:59:59Z,PROSPECTUS,16,4
48045,5604260316298,60.0,PorSi,Snack Gato Frango Queijo 60g,,0.84,14.0,0,kg,€/Kg,,,https://driveimg1.intermarche.com/pt/Content/images/boitmal/produit/zoom/854857BE4185746376B5406625D015D0.jpg,https://driveimg1.intermarche.com/pt/Content/images/boitmal/produit/zoom/CB6BC0D5C675072423B15DE86C8C5EFA.jpg,https://driveimg1.intermarche.com/pt/Content/images/boitmal/produit/zoom/CB6BC0D5C675072423B15DE86C8C5EFA.jpg,https://driveimg1.intermarche.com/pt/Content/images/boitmal/produit/zoom/CB6BC0D5C675072423B15DE86C8C5EFA.jpg,https://driveimg1.intermarche.com/pt/Content/images/boitmal/produit/zoom/CB6BC0D5C675072423B15DE86C8C5EFA.jpg,,,2026-03-04T23:59:59Z,PROSPECTUS,16,4
48061,5604260319442,30.0,PorSi,Snack Gato Sticks Carne 6 X 5g,,0.84,28.0,0,kg,€/Kg,,,https://driveimg1.intermarche.com/pt/Content/images/boitmal/produit/zoom/6570F0FA5E25C666636E7DDA0178985A.jpg,https://driveimg1.intermarche.com/pt/Content/images/boitmal/produit/zoom/7E12E91E40314E3AA97865899BC992C9.jpg,https://driveimg1.intermarche.com/pt/Content/images/boitmal/produit/zoom/7E12E91E40314E3AA97865899BC992C9.jpg,https://driveimg1.intermarche.com/pt/Content/images/boitmal/produit/zoom/7E12E91E40314E3AA97865899BC992C9.jpg,,,,2026-03-04T23:59:59Z,PROSPECTUS,16,4
48066,5604260320974,,PorSi,Pensos Incontinência Maxi Noite - 12 Unidades Dispositivo Médico,,2.99,2.99,0,,€/Unidade,,,https://driveimg1.intermarche.com/pt/Content/images/boitmal/produit/zoom/A9FEFEF8ADC3A3EB51F3D73B7247EB64.jpg,,,,,,,2026-02-25T23:59:59Z,PROSPECTUS,16,4
48070,5604260320813,,PorSi,Pensos Higiénicos Ultrafinos Normal com Abas - 28 Unidades,,1.69,1.69,0,,€/Unidade,,,https://driveimg1.intermarche.com/pt/Content/images/boitmal/produit/zoom/0DFFDFEEB2AC2E065EADDE282CDFEEC2.jpg,,,,,,,2026-02-25T23:59:59Z,PROSPECTUS,16,4
48073,5604260320844,,PorSi,Pensos Higiénicos Ultrafinos Super com Abas - 12 Unidades,,1.03,1.03,0,,€/Unidade,,,https://driveimg1.intermarche.com/pt/Content/images/boitmal/produit/zoom/F8F160F853B4301369D2348F44D1EACA.jpg,,,,,,,2026-02-25T23:59:59Z,PROSPECTUS,16,4
48139,5604260319275,1200.0,PorSi,Alimento Húmido Gato Pedaços Molho 12x100g,Embalagem de 12 x 100 g,3.49,2.91,0,kg,€/Kg,,,https://driveimg1.intermarche.com/pt/Content/images/boitmal/produit/zoom/9384B60785BEBF14FFB885F3137420A4.jpg,,,,,,,2026-03-04T23:59:59Z,PROSPECTUS,16,4
48170,5604260318698,750.0,Labell,Gel de Banho Hipoalergénico com Doseador,Embalagem de 750 ml,2.19,2.92,750,L,€/L,,,https://driveimg1.intermarche.com/pt/Content/images/boitmal/produit/zoom/586FB969A2ED6C37DC9A100A0D45148A.jpg,,,,,,,2026-02-25T23:59:59Z,PROSPECTUS,16,4
48345,5604260318414,150.0,Porsi Vivabem,Queijo Gouda sem Lactose Fatiado 150g,,1.79,11.93,0,kg,€/Kg,,,https://driveimg1.intermarche.com/pt/Content/images/boitmal/produit/zoom/22C952CD8FFE4AA93EF3C9EB4961E5EF.jpg,,,,,,,2026-02-25T23:59:59Z,PROSPECTUS,16,4
48459,7613287495792,1020.0,Felix,"Comida Húmida para Gato Fantastic Duo Saborosa Seleção numa Gelatina, emb. 12 x 85 gr",,5.99,5.87,0,kg,€/Kg,,,https://driveimg1.intermarche.com/pt/Content/images/boitmal/produit/zoom/9C79A22F67594AD9DD1EF334A5976D4B.jpg,,,,,,,2026-03-04T23:59:59Z,PROSPECTUS,16,4
49732,5601151968550,1500.0,B!,Sumo laranja de 1.5 l,,1.29,0.86,1500,L,€/L,,,https://driveimg1.intermarche.com/pt/Content/images/boitmal/produit/zoom/9AAF54C8C6026472C904CE6BBDCD6089.jpg,https://driveimg1.intermarche.com/pt/Content/images/boitmal/produit/zoom/541FF8CD6B842066C646823694BB7C20.jpg,https://driveimg1.intermarche.com/pt/Content/images/boitmal/produit/zoom/541FF8CD6B842066C646823694BB7C20.jpg,https://driveimg1.intermarche.com/pt/Content/images/boitmal/produit/zoom/541FF8CD6B842066C646823694BB7C20.jpg,,,,2026-02-25T23:59:59Z,PROSPECTUS,16,4
49773,7613287322838,35.0,Gerber,"Snack bio arroz e trigo c/ banana e framboesa, 35g",,1.75,50.0,0,kg,€/Kg,,,https://driveimg1.intermarche.com/pt/Content/images/boitmal/produit/zoom/4CA3CBE5E0E71014216E0EEE0E6E0B15.jpg,,,,,,,2026-02-25T23:59:59Z,PROSPECTUS,16,4
49819,5603722517327,600.0,Matinal,"Leite seleccionado leve, pack 3 x 200 ml",,1.43,2.38,600,L,€/L,,,https://driveimg1.intermarche.com/pt/Content/images/boitmal/produit/zoom/4E1E39519082067F8E10CE178A1C4928.jpg,,,,,,,2026-02-25T23:59:59Z,PROSPECTUS,16,4
50386,8445290290014,30.0,Maggi,"Molho suculento frango no forno com alho e cebola em saqueta, 30g",,0.89,29.67,0,kg,€/Kg,,,https://driveimg1.intermarche.com/pt/Content/images/boitmal/produit/zoom/0DEECC66FD9482A59A0436C06913C5D2.jpg,,,,,,,2026-02-25T23:59:59Z,PROSPECTUS,16,4
50500,5601217134981,500.0,Vanish,"Aditivo tira nódoas spray nódoas dia-a-dia, 500 ml",,3.99,7.98,500,L,€/L,,,https://driveimg1.intermarche.com/pt/Content/images/boitmal/produit/zoom/77F5862CE52D144666F18B51D6C135F6.jpg,,,,,,,2026-02-25T23:59:59Z,PROSPECTUS,16,4
50630,5603722521461,1208.0,Mimosa,"Iogurte magro liquido de ananas e manga, 8x151ml",,2.99,2.48,1208,L,€/L,,,https://driveimg1.intermarche.com/pt/Content/images/boitmal/produit/zoom/391469C60827762112BDD90CD5A7ACC1.jpg,,,,,,,2026-02-25T23:59:59Z,PROSPECTUS,16,4
50657,7622201723767,150.0,Philadelphia,Queijo Creme Original,Embalagem de 150g,1.79,11.93,0,kg,€/Kg,,,https://driveimg1.intermarche.com/pt/Content/images/boitmal/produit/zoom/AC9B422E061B505FC42474B3EA77E15F.jpg,,,,,,,2026-02-25T23:59:59Z,PROSPECTUS,16,4
51066,5604260324316,250.0,Porsi Vivabem,Queijo Fundido Light X16 250g,,1.99,7.96,0,kg,€/Kg,,,https://driveimg1.intermarche.com/pt/Content/images/boitmal/produit/zoom/88F63BC05D9FDBD7CBBF37390F91DC98.jpg,,,,,,,2026-02-25T23:59:59Z,PROSPECTUS,16,4
51113,8720181262784,500.0,Cif,"Limpa casa banho spray higiene c/ lixívia, 500 ml",,2.19,4.38,500,L,€/L,,,https://driveimg1.intermarche.com/pt/Content/images/boitmal/produit/zoom/8CA4C0BAC8A169ADEC56BAD426803345.jpg,,,,,,,2026-02-25T23:59:59Z,PROSPECTUS,16,4
51250,8445290287229,30.0,Maggi,"Molho Suculento Entrecosto no Forno com Alho e Pimentão Doce em Saqueta, emb. 30 gr",,0.89,29.67,0,kg,€/Kg,,,https://driveimg1.intermarche.com/pt/Content/images/boitmal/produit/zoom/68CDA71560F39F4BC908CB18542B7C9D.jpg,,,,,,,2026-02-25T23:59:59Z,PROSPECTUS,16,4
51439,3600542374712,400.0,Garnier,Champô Ultra Suave Delicadeza Aveia,Embalagem de 400 ml,3.79,9.48,400,L,€/L,,,https://driveimg1.intermarche.com/pt/Content/images/boitmal/produit/zoom/18AEC889B56008A7493F5F9064C62D6F.jpg,,,,,,,2026-02-25T23:59:59Z,PROSPECTUS,16,4
51623,8445290099426,800.0,Purina One,Ração seca para gato esterilizado vaca,Embalagem de 800g,5.59,6.99,0,kg,€/Kg,,,https://driveimg1.intermarche.com/pt/Content/images/boitmal/produit/zoom/913C6E752F1EE698DDE3304A8611D873.jpg,,,,,,,2026-03-04T23:59:59Z,PROSPECTUS,16,4
5173,5601123425104,75.0,Dentagard,"Pasta dentífrica plantas, 75 ml",,1.99,26.53,75,L,€/L,,,https://driveimg1.intermarche.com/pt/Content/images/boitmal/produit/zoom/437CCCAB6C663096295804D6E40541F4.jpg,,,,,,,2026-02-25T23:59:59Z,PROSPECTUS,16,4
51734,8445290071934,800.0,Purina One,Ração seca para gato esterilizado salmão,Embalagem de 800g,5.59,6.99,0,kg,€/Kg,,,https://driveimg1.intermarche.com/pt/Content/images/boitmal/produit/zoom/41D61280FA62E46F3F3D7A89D2D79E05.jpg,,,,,,,2026-03-04T23:59:59Z,PROSPECTUS,16,4
51784,5604260327683,1000.0,PorSi,Iogurte Líquido Magro Morango 1kg/ 963ml,,1.65,1.65,0,kg,€/Kg,,,https://driveimg1.intermarche.com/pt/Content/images/boitmal/produit/zoom/B0E18B7A21CC999A008B26FEB2D32234.jpg,,,,,,,2026-02-25T23:59:59Z,PROSPECTUS,16,4
51837,8711327587205,2000.0,Lipton,Ice tea lipton pessego 2l,,1.89,0.95,2000,L,€/L,,,https://driveimg1.intermarche.com/pt/Content/images/boitmal/produit/zoom/337078DD8DFA2309401BA5C925E0DABA.jpg,,,,,,,2026-02-25T23:59:59Z,PROSPECTUS,16,4
51925,8711327587632,2000.0,Lipton,Ice tea lipton chá preto manga zero 2l,,1.89,0.95,2000,L,€/L,,,https://driveimg1.intermarche.com/pt/Content/images/boitmal/produit/zoom/241DBF240C312378317C24947EDC5453.jpg,,,,,,,2026-02-25T23:59:59Z,PROSPECTUS,16,4
51944,5900020042514,300.0,Nestlé,"Cereais Crunchy Brownie, emb. 300 gr",,2.99,9.97,0,kg,€/Kg,,,https://driveimg1.intermarche.com/pt/Content/images/boitmal/produit/zoom/25B9E4C171EF4A838F85BA0E9113CFD5.jpg,,,,,,,2026-02-25T23:59:59Z,PROSPECTUS,16,4
52018,5900951283710,300.0,Whiskas,"Whiskas ração para gatos junior sabor frango, embalagem de 300g",,1.64,5.47,0,kg,€/Kg,,,https://driveimg1.intermarche.com/pt/Content/images/boitmal/produit/zoom/FB571998569A864A09E19B784A9CC7C5.jpg,,,,,,,2026-03-04T23:59:59Z,PROSPECTUS,16,4
52301,3600542512183,400.0,Garnier,Condicionador Ultra Suave Carvão,Embalagem de 400ml,3.74,9.35,400,L,€/L,,,https://driveimg1.intermarche.com/pt/Content/images/boitmal/produit/zoom/C392B28F80277B22BEA16EB83033CA3C.jpg,,,,,,,2026-02-25T23:59:59Z,PROSPECTUS,16,4
52381,8720181407154,1300.0,Cif,"Lava tudo perfumado lavanda, embalagem de 1,3l",,2.09,1.61,1300,L,€/L,,,https://driveimg1.intermarche.com/pt/Content/images/boitmal/produit/zoom/12443931DBE21DE904E26826F24E6B07.jpg,https://driveimg1.intermarche.com/pt/Content/images/boitmal/produit/zoom/935C662FEAE9FBF79977B0438F001CF1.jpg,,,,,,2026-02-25T23:59:59Z,PROSPECTUS,16,4
52600,5601217137951,1710.0,Quanto,"Amaciador roupa concentrado ouro e orquídea branca, 95 doses",,3.99,2.33,1710,L,€/L,,,https://driveimg1.intermarche.com/pt/Content/images/boitmal/produit/zoom/D5BBE20226E42754DBBAD723FC764C65.jpg,,,,,,,2026-02-25T23:59:59Z,PROSPECTUS,16,4
5273,5601164902343,7920.0,Super Bock,"Cerveja com Álcool, emb. 24 x 33 cl",,17.99,2.27,7920,L,€/L,,,https://driveimg1.intermarche.com/pt/Content/images/boitmal/produit/zoom/B20818C9DD1836C39491D27565F038C6.jpg,,,,,,,2026-02-25T23:59:59Z,PROSPECTUS,16,4
52783,8410136025631,1020.0,Whiskas,"Comida húmida para gatos adultos seleção peixes em geleia, 12x85g",,5.59,5.48,0,kg,€/Kg,,,https://driveimg1.intermarche.com/pt/Content/images/boitmal/produit/zoom/B3BE323D5874058D23D0CA2BA77A7789.jpg,,,,,,,2026-03-04T23:59:59Z,PROSPECTUS,16,4
52787,5900020044129,80.0,Nestlé,"Barras de Trigo, Aveia e Quinoa de Mel Fibra sem Açúcar, emb. 80 gr (4 un)",,1.79,22.38,0,kg,€/Kg,,,https://driveimg1.intermarche.com/pt/Content/images/boitmal/produit/zoom/187D25227C186EA7E6F2778C2AF07CC6.jpg,,,,,,,2026-02-25T23:59:59Z,PROSPECTUS,16,4
