identifier,produitEan13,capacite,marque,libelle,conditionnement,prix,unitPrice,volume,typeProduit_uniteByCode,unit_value,pictogrammes_0,pictogrammes_libelleCategorie,images_0,images_1,images_2,avantages_dateFin,avantages_categorie,nro_paginas,page,images_3
978,5601024134136,750.0,Oliveira da Serra,Azeite,Embalagem de 750 ml,4.99,6.65,750,L,€/L,,1000 Artigos,https://driveimg1.intermarche.com/pt/Content/images/boitmal/produit/zoom/4618FCD27F27BDBAA8CF1CDC30F2EFF5.jpg,,,2024-08-28T23:59:59.999999999+01:00,PROSPECTUS,12,1,
12978,2892462000000,400.0,Legumes,Alface Frisada,1 un= 400 g (aprox.),0.48,1.19,0,,€/Kg,,,https://driveimg1.intermarche.com/pt/Content/images/boitmal/produit/zoom/14C8DBD7827DB992F77D5C5056950123.jpg,,,2024-08-28T23:59:59.999999999+01:00,PROSPECTUS,12,1,
15161,5604260274246,1000.0,PorSi,Cenouras Programa Origens,Embalagem de 1 kg,0.89,0.89,0,kg,€/Kg,,,https://driveimg1.intermarche.com/pt/Content/images/boitmal/produit/zoom/2C5D90EF430B0C18141C519CD5070475.jpg,,,2024-08-28T23:59:59.999999999+01:00,PROSPECTUS,12,1,
14897,2892245000000,4000.0,Fruta,Melancia Riscada,Vendido ao peso | 1 un = 4kg (aprox.),2.36,0.59,0,,€/Kg,,,https://driveimg1.intermarche.com/pt/Content/images/boitmal/produit/zoom/AA3D63A30F9BA2DBBD75810E5FD774FC.jpg,,,2024-08-28T23:59:59.999999999+01:00,PROSPECTUS,12,1,
13818,2892584000000,250.0,Legumes,Pimento Vermelho,1 un=250 gr (aprox.),0.42,1.69,0,,€/Kg,,,https://driveimg1.intermarche.com/pt/Content/images/boitmal/produit/zoom/A89EFDBC825F249BCF5C02ECF326661E.jpg,,,2024-08-28T23:59:59.999999999+01:00,PROSPECTUS,12,1,
30958,5449000957955,3500.0,Coca-Cola,Coca-cola zero,pack 2 x 1.75 l,3.14,0.9,3500,L,€/L,,,https://driveimg1.intermarche.com/pt/Content/images/boitmal/produit/zoom/9B5373624D44366A3ACEBCD7C73191EB.jpg,,,2024-08-28T23:59:59.999999999+01:00,PROSPECTUS,12,1,
17402,8412600027233,700.0,Bimbo,Pão forma familiar normal,embalagem de 700 g,1.99,2.84,0,kg,€/Kg,,,https://driveimg1.intermarche.com/pt/Content/images/boitmal/produit/zoom/DE8CCFFBC376CC9F4596A72F8ABC4CE5.jpg,,,2024-08-28T23:59:59.999999999+01:00,PROSPECTUS,12,1,
24838,5601164903722,7500.0,Super Bock,Cerveja Mini,Pack 30 X 0.25 L,13.85,1.85,7500,L,€/L,,1000 Artigos,https://driveimg1.intermarche.com/pt/Content/images/boitmal/produit/zoom/21F823289804B326F67E5D90563F901B.jpg,,,2024-09-06T23:59:59.999999999+01:00,PROSPECTUS,12,1,
1315,5601151983508,1250.0,Seven-up,Refrigerante com Gás Lima Limão,"Garrafa de 1,25 l",1.19,0.95,1250,L,€/L,,1000 Artigos,https://driveimg1.intermarche.com/pt/Content/images/boitmal/produit/zoom/D7ADD067C52BBE29F907539EA3813D05.jpg,,,2024-09-06T23:59:59.999999999+01:00,PROSPECTUS,12,1,
13947,2891125000000,150.0,Peru,Espetadas de Peru,1 un = 150 gr (aprox.),0.9,5.99,0,,€/Kg,,,https://driveimg1.intermarche.com/pt/Content/images/boitmal/produit/zoom/F64981E370592175339C16298CEA7C3B.jpg,,,2024-08-28T23:59:59.999999999+01:00,PROSPECTUS,12,1,
14921,2892534000000,400.0,Legumes,Couve Bróculo,Vendido ao peso,0.88,2.19,0,,€/Kg,,,https://driveimg1.intermarche.com/pt/Content/images/boitmal/produit/zoom/4F48873F332B6ECE759CD88793270811.jpg,,,2024-08-28T23:59:59.999999999+01:00,PROSPECTUS,12,1,
1322,5601163011114,5400.0,Luso,Água s/ gás,"Garrafa de 5,4 l",1.59,0.29,5400,L,€/L,,,https://driveimg1.intermarche.com/pt/Content/images/boitmal/produit/zoom/4B414C742356ECF49B4C0D49D2F721F7.jpg,,,2024-08-28T23:59:59.999999999+01:00,PROSPECTUS,12,1,
13866,2891048000000,1000.0,Porco,Bifanas,Vendido ao peso a partir de 1 kg,4.29,4.29,0,,€/Kg,,,https://driveimg1.intermarche.com/pt/Content/images/boitmal/produit/zoom/C9E276B082B119EFEDC2A2B0E1BC737E.jpg,,,2024-09-06T23:59:59.999999999+01:00,PROSPECTUS,12,1,
37864,5604260273461,800.0,PorSi,Bolacha maria dourada,Embalagem de 800g,1.79,2.24,0,kg,€/Kg,,1000 Artigos,https://driveimg1.intermarche.com/pt/Content/images/boitmal/produit/zoom/DF6C4B865BD4B260CFAD982CCAED0429.jpg,,,2024-09-06T23:59:59.999999999+01:00,PROSPECTUS,12,1,
5273,5601164902343,7920.0,Super Bock,Cerveja c/ álcool,pack 24 x 0.33 l,16.99,2.15,7920,L,€/L,,1000 Artigos,https://driveimg1.intermarche.com/pt/Content/images/boitmal/produit/zoom/9036A4A1A895E7D1EC16B298057D65EB.jpg,,,2024-09-06T23:59:59.999999999+01:00,PROSPECTUS,12,1,
13625,2893620000000,300.0,Peixaria,Salmão de viveiro à posta,1 un. = 300 g (aprox.),3.6,11.99,0,,€/Kg,,,https://driveimg1.intermarche.com/pt/Content/images/boitmal/produit/zoom/29B9DB2E73FB6AE756265DB326B65712.jpg,,,2024-08-28T23:59:59.999999999+01:00,PROSPECTUS,12,1,
16105,5601146703463,7500.0,Sagres,Cerveja Mini,pack 30 x 0.25 L,13.75,1.83,7500,L,€/L,,1000 Artigos,https://driveimg1.intermarche.com/pt/Content/images/boitmal/produit/zoom/6A268F7D3CFF6A55F6AD0FB91F4E6512.jpg,,,2024-09-06T23:59:59.999999999+01:00,PROSPECTUS,12,1,
41129,5604260303762,200.0,PorSi,8 salsichas aves,Embalagem de 200 g,1.09,5.45,0,kg,€/Kg,,1000 Artigos,https://driveimg1.intermarche.com/pt/Content/images/boitmal/produit/zoom/B0DF7D5316DF865B4DCE8F58163C3E81.jpg,,,2024-09-06T23:59:59.999999999+01:00,PROSPECTUS,12,1,
973,5601024105020,1000.0,Fula,Óleo alimentar,Embalagem 1L,1.79,1.79,1000,L,€/L,,1000 Artigos,https://driveimg1.intermarche.com/pt/Content/images/boitmal/produit/zoom/82D3E88293E42CC5B178C569AA9B57E6.jpg,,,2024-08-28T23:59:59.999999999+01:00,PROSPECTUS,12,1,
1309,5601151979105,1250.0,Sumol,"Refrigerante com gás, ananás","Garrafa de 1,25 l",1.09,0.87,1250,L,€/L,,1000 Artigos,https://driveimg1.intermarche.com/pt/Content/images/boitmal/produit/zoom/BEECBA2128529C8FAEEDAE9896BFB132.jpg,,,2024-09-06T23:59:59.999999999+01:00,PROSPECTUS,12,1,
13893,2891043000000,1000.0,Porco,Entrecosto,Vendido ao peso a partir de 1 kg,4.99,4.99,0,,€/Kg,,,https://driveimg1.intermarche.com/pt/Content/images/boitmal/produit/zoom/AA05EE99D302D59771FCC108473E0700.jpg,,,2024-09-06T23:59:59.999999999+01:00,PROSPECTUS,12,1,
13894,2891044000000,1000.0,Porco,Entremeada sem Entrecosto,Vendido ao peso a partir de 1 kg,4.88,4.88,0,,€/Kg,,,https://driveimg1.intermarche.com/pt/Content/images/boitmal/produit/zoom/C03EF63C56AFB4E4EA78E134436BF30C.jpg,,,2024-09-06T23:59:59.999999999+01:00,PROSPECTUS,12,1,
18864,5604260280506,500.0,PorSi,"Iogurte tipo grego stracciatella,  500g",,1.68,3.36,0,kg,€/Kg,,1000 Artigos,https://driveimg1.intermarche.com/pt/Content/images/boitmal/produit/zoom/8FFE8052AD3107A5266901AC73719CB5.jpg,,,2024-09-06T23:59:59.999999999+01:00,PROSPECTUS,12,1,
2458,7613031423583,625.0,Nestlé,Cereais nesquik,Embalagem de 625g,3.24,5.18,0,kg,€/Kg,,1000 Artigos,https://driveimg1.intermarche.com/pt/Content/images/boitmal/produit/zoom/3F494F3C149F2147A07872C278BEDBC9.jpg,,,2024-09-06T23:59:59.999999999+01:00,PROSPECTUS,12,1,
31516,8435257039107,1440.0,Nestlé,"Yoggi liquido morango,  8x160g",,3.89,2.7,0,kg,€/Kg,,,https://driveimg1.intermarche.com/pt/Content/images/boitmal/produit/zoom/C1FDD60617CEBA746EBEE60AECF62B13.jpg,,,2024-08-28T23:59:59.999999999+01:00,PROSPECTUS,12,1,
36926,5604260296729,200.0,PorSi,Queijo flamengo ralado,Embalagem de 200G,1.45,7.25,0,kg,€/Kg,,1000 Artigos,https://driveimg1.intermarche.com/pt/Content/images/boitmal/produit/zoom/DFC2644CA861B461322B07CE2298EC44.jpg,,,2024-09-06T23:59:59.999999999+01:00,PROSPECTUS,12,1,
40925,8710522652138,240.0,Calvé,Maionese,Embalagem de 240g,1.59,6.63,0,kg,€/Kg,,1000 Artigos,https://driveimg1.intermarche.com/pt/Content/images/boitmal/produit/zoom/BAE5DB5E204D247526D3D3D4E5D5A52E.jpg,https://driveimg1.intermarche.com/pt/Content/images/boitmal/produit/zoom/8E23B17512BCD2C444A6228885CC4217.jpg,https://driveimg1.intermarche.com/pt/Content/images/boitmal/produit/zoom/8E23B17512BCD2C444A6228885CC4217.jpg,2024-08-28T23:59:59.999999999+01:00,PROSPECTUS,12,1,
42191,5604260308859,420.0,PorSi,Milho doce,Embalagem de 3 x 140 g,1.95,4.64,0,kg,€/Kg,,1000 Artigos,https://driveimg1.intermarche.com/pt/Content/images/boitmal/produit/zoom/266EAC28722339A277E45CFD753A8D80.jpg,,,2024-09-06T23:59:59.999999999+01:00,PROSPECTUS,12,1,
10095,8435257040899,640.0,Nestlé,"Iogurte líquido yoggi morango,  4 x 160 g",,1.99,3.11,0,kg,€/Kg,,1000 Artigos,https://driveimg1.intermarche.com/pt/Content/images/boitmal/produit/zoom/F1F347BA34EB28F1148C3C442A42CC17.jpg,,,2024-08-28T23:59:59.999999999+01:00,PROSPECTUS,12,1,
12884,2892009000000,200.0,Fruta,Limão,1 un = 200 gr (aprox.),0.26,1.29,0,,€/Kg,,,https://driveimg1.intermarche.com/pt/Content/images/boitmal/produit/zoom/2F7773525E5DEBAE013C06CBE4768FAC.jpg,,,2024-08-28T23:59:59.999999999+01:00,PROSPECTUS,12,1,
13048,2893561000000,250.0,Marisco,Ameijoa Branca Vietnamita Congelada,Vendido a partir de 250 gr  (aprox.),0.5,1.99,0,,€/Kg,,Avantages !,https://driveimg1.intermarche.com/pt/Content/images/boitmal/produit/zoom/87AAE93BFC6F911123DE0600840801E2.jpg,,,2024-08-28T23:59:59.999999999+01:00,PROSPECTUS,12,1,
1414,5601252106639,750.0,Gallo,Azeite virgem delicado,Garrafa de 750 ml,7.49,9.99,750,L,€/L,,,https://driveimg1.intermarche.com/pt/Content/images/boitmal/produit/zoom/14892E13E5F7C3707D2EB967992642D1.jpg,,,2024-08-28T23:59:59.999999999+01:00,PROSPECTUS,12,1,
1451,5601286201782,500.0,Milaneza,Massa esparguete,Embalagem de 500g,0.88,1.76,0,kg,€/Kg,,1000 Artigos,https://driveimg1.intermarche.com/pt/Content/images/boitmal/produit/zoom/89EEFB55B8646A1FAE623D8BE27A3C12.jpg,,,2024-09-06T23:59:59.999999999+01:00,PROSPECTUS,12,1,
19022,5603722509742,800.0,Agros,Leite com Chocolate,Embalagem de 4 x 200 ml,1.49,1.86,800,L,€/L,,1000 Artigos,https://driveimg1.intermarche.com/pt/Content/images/boitmal/produit/zoom/5E96016EA2C29977083D2986B4126E1A.jpg,,,2024-08-28T23:59:59.999999999+01:00,PROSPECTUS,12,1,
19163,5604260278121,500.0,PorSi,"Iogurte tipo grego morango,  4 x 125 g",,1.68,3.36,0,kg,€/Kg,,1000 Artigos,https://driveimg1.intermarche.com/pt/Content/images/boitmal/produit/zoom/D25DDD975356242352206DA80B2AF65D.jpg,,,2024-09-06T23:59:59.999999999+01:00,PROSPECTUS,12,1,
2079,5604260193646,1000.0,PorSi,"Néctar ananás, prisma",Garrafa de 1 l,0.99,0.99,1000,L,€/L,,1000 Artigos,https://driveimg1.intermarche.com/pt/Content/images/boitmal/produit/zoom/10E9329F83000135085CDE8D45A5A26A.jpg,,,2024-09-06T23:59:59.999999999+01:00,PROSPECTUS,12,1,
26772,5449000106186,3500.0,Coca-Cola,Refrigerante c/ gás,pack 2 x 1.75 l,3.68,1.05,3500,L,€/L,,,https://driveimg1.intermarche.com/pt/Content/images/boitmal/produit/zoom/1D4EC82F15980642AA3BE6E246545A05.jpg,,,2024-08-28T23:59:59.999999999+01:00,PROSPECTUS,12,1,
33991,5604260283446,1000.0,PorSi,"Iogurte pedaços frutimax frutos variados,  8 x 125 g",,2.38,2.38,0,kg,€/Kg,,1000 Artigos,https://driveimg1.intermarche.com/pt/Content/images/boitmal/produit/zoom/8D7F0C9001CDCE3069FE327E50E87619.jpg,,,2024-09-06T23:59:59.999999999+01:00,PROSPECTUS,12,1,
41621,5604260303625,5000.0,PorSi,Areia para gatos 100% natural,Embalagem de 5 kg,1.29,0.26,0,kg,€/Kg,,1000 Artigos,https://driveimg1.intermarche.com/pt/Content/images/boitmal/produit/zoom/D31760E94B21E9196509712F2DC20BF5.jpg,,,2024-09-06T23:59:59.999999999+01:00,PROSPECTUS,12,1,
42152,5604260309009,200.0,PorSi,Tiras de bacon fumado,Embalagem de 2 x 100 g,2.09,10.45,0,kg,€/Kg,,1000 Artigos,https://driveimg1.intermarche.com/pt/Content/images/boitmal/produit/zoom/370FF2BC2013B8923987037050A2F519.jpg,,,2024-09-06T23:59:59.999999999+01:00,PROSPECTUS,12,1,
49463,8445290250322,600.0,Nestum,Flocos Cereais Mel,Embalagem de 600g,3.79,6.32,0,kg,€/Kg,,1000 Artigos,https://driveimg1.intermarche.com/pt/Content/images/boitmal/produit/zoom/9F028579C623CFF4FC3FA9CCEB955938.jpg,,,2024-09-06T23:59:59.999999999+01:00,PROSPECTUS,12,1,
4987,5601012115505,750.0,Planalto,Vinho doc douro branco,Garrafa de 0.75 l,4.99,6.65,750,L,€/L,,1000 Artigos,https://driveimg1.intermarche.com/pt/Content/images/boitmal/produit/zoom/6C726FDABB211E05C4F7D5DBE4A94D76.jpg,,,2024-09-06T23:59:59.999999999+01:00,PROSPECTUS,12,1,
9279,5603533652002,1000.0,Frize,Água c/ gás limão,pack 4 x 0.25 l,1.99,1.99,1000,L,€/L,,1000 Artigos,https://driveimg1.intermarche.com/pt/Content/images/boitmal/produit/zoom/5168323A2D812BEF907FCB0E5F1CDA9E.jpg,,,2024-09-06T23:59:59.999999999+01:00,PROSPECTUS,12,1,
980,5601024134488,750.0,Oliveira da Serra,Azeite virgem extra clássico,Embalagem de 750 ml,8.79,11.72,750,L,€/L,,1000 Artigos,https://driveimg1.intermarche.com/pt/Content/images/boitmal/produit/zoom/01EF39EFE8396CC9ACA95DC25E9D3412.jpg,,,2024-09-06T23:59:59.999999999+01:00,PROSPECTUS,12,1,
10094,8435257040776,640.0,Nestlé,"Iogurte líquido yoggi banana,  4 x 160 g",,1.99,3.11,0,kg,€/Kg,,,https://driveimg1.intermarche.com/pt/Content/images/boitmal/produit/zoom/7A1039A34E2D3851553F65DFE7093FB2.jpg,,,2024-08-28T23:59:59.999999999+01:00,PROSPECTUS,12,1,
1187,5601119007963,120.0,Nobre,6 Salsichas de porco,Lata de 120g,1.59,13.25,0,kg,€/Kg,,,https://driveimg1.intermarche.com/pt/Content/images/boitmal/produit/zoom/120DC1535B1AFA150D13CE3A5CE70137.jpg,,,2024-08-28T23:59:59.999999999+01:00,PROSPECTUS,12,1,
13242,2893227000000,200.0,Peixaria,Robalo de Viveiro,de 200 a 600 g (aprox.),1.16,5.79,0,,€/Kg,,,https://driveimg1.intermarche.com/pt/Content/images/boitmal/produit/zoom/48561D1FC8B0542874DDBC21F2E9ADCA.jpg,,,2024-08-28T23:59:59.999999999+01:00,PROSPECTUS,12,1,
1347,5601170167743,180.0,Vatel,Flôr de sal,Embalagem de 180g,1.59,8.83,0,kg,€/Kg,,,https://driveimg1.intermarche.com/pt/Content/images/boitmal/produit/zoom/AF7623683F1368091D8FED517B6D218E.jpg,,,2024-08-28T23:59:59.999999999+01:00,PROSPECTUS,12,1,
13523,2893515000000,250.0,Peixaria,Lula Congelada,1 un= 250 gr (aprox.),1.25,4.99,0,,€/Kg,,Avantages !,https://driveimg1.intermarche.com/pt/Content/images/boitmal/produit/zoom/B2B7BBDC4CDC3C912C9CD2FEC6D3B682.jpg,,,2024-08-28T23:59:59.999999999+01:00,PROSPECTUS,12,1,
13821,2892597000000,200.0,Legumes,Tomate Cacho,1 un = 200 gr (aprox.),0.3,1.49,0,,€/Kg,,,https://driveimg1.intermarche.com/pt/Content/images/boitmal/produit/zoom/3B66EF6541266EDFA27BC4541501843F.jpg,,,2024-08-28T23:59:59.999999999+01:00,PROSPECTUS,12,1,
13842,2891009000000,800.0,Novilho,Bife da Vazia,Vendido ao peso a partir de 800 g,10.39,12.99,0,,€/Kg,,,https://driveimg1.intermarche.com/pt/Content/images/boitmal/produit/zoom/01A34A12BFFC51D86F44E2793C3596E7.jpg,,,2024-08-28T23:59:59.999999999+01:00,PROSPECTUS,12,1,
14726,8711100080060,400.0,Maizena,Farinha,Embalagem de 400g,1.64,4.1,0,kg,€/Kg,,,https://driveimg1.intermarche.com/pt/Content/images/boitmal/produit/zoom/B08373790D6917B03E052473E2AB175C.jpg,,,2024-08-28T23:59:59.999999999+01:00,PROSPECTUS,12,1,
2072,5604260193516,1000.0,PorSi,"Néctar pêssego, prisma",Embalagem de 1 l,0.99,0.99,1000,L,€/L,,1000 Artigos,https://driveimg1.intermarche.com/pt/Content/images/boitmal/produit/zoom/B29D4F2CB69685F48D5CAFE4294E327C.jpg,,,2024-09-06T23:59:59.999999999+01:00,PROSPECTUS,12,1,
2514,7613033739873,250.0,Maggi,Puré de batata,Embalagem de 250g,2.24,8.96,0,kg,€/Kg,,1000 Artigos,https://driveimg1.intermarche.com/pt/Content/images/boitmal/produit/zoom/E520E90232B763315D1FB976D27B9A50.jpg,,,2024-08-28T23:59:59.999999999+01:00,PROSPECTUS,12,1,
26047,8412600070994,650.0,Bimbo,Pão de forma s/ côdea,Embalagem de 650 g,2.09,3.22,0,kg,€/Kg,,,https://driveimg1.intermarche.com/pt/Content/images/boitmal/produit/zoom/998967574B383CCF8D49F03316F06108.jpg,,,2024-08-28T23:59:59.999999999+01:00,PROSPECTUS,12,1,
36189,5604260286485,4000.0,PorSi,Ração seca de carne para gato adulto,Embalagem de 4 kg,4.99,1.25,0,kg,€/Kg,,1000 Artigos,https://driveimg1.intermarche.com/pt/Content/images/boitmal/produit/zoom/45AFD294585EE14289E36B34758F626C.jpg,,,2024-09-06T23:59:59.999999999+01:00,PROSPECTUS,12,1,
405,8712566410910,280.0,Calvé,Ketchup,Embalagem de 280g,1.84,6.57,0,kg,€/Kg,,1000 Artigos,https://driveimg1.intermarche.com/pt/Content/images/boitmal/produit/zoom/D7E099A6ABAECF4C5D06260734A2C975.jpg,https://driveimg1.intermarche.com/pt/Content/images/boitmal/produit/zoom/0D7B165FF00CA45BD8F6AC077E3CA1EC.jpg,https://driveimg1.intermarche.com/pt/Content/images/boitmal/produit/zoom/0D7B165FF00CA45BD8F6AC077E3CA1EC.jpg,2024-08-28T23:59:59.999999999+01:00,PROSPECTUS,12,1,
45213,5604260313457,,PorSi,Toalhitas Bebé Recarga,Embalagem de 72 unidades,1.09,1.09,0,,€/Unidade,,1000 Artigos,https://driveimg1.intermarche.com/pt/Content/images/boitmal/produit/zoom/28861C0DE96DF76960DF397C1DD8B10A.jpg,,,2024-09-06T23:59:59.999999999+01:00,PROSPECTUS,12,1,
46714,5604260318742,,PorSi,Papel higiénico branco folha tripla,12 rolos,3.99,3.99,0,,€/Unidade,,,https://driveimg1.intermarche.com/pt/Content/images/boitmal/produit/zoom/4117CB72E2310914A1F7B260DFCFFD79.jpg,,,2024-08-28T23:59:59.999999999+01:00,PROSPECTUS,12,1,
49359,5601146700066,6000.0,Sagres,Cerveja Mini,pack 24 x 0.25 l,10.99,1.83,6000,L,€/L,,1000 Artigos,https://driveimg1.intermarche.com/pt/Content/images/boitmal/produit/zoom/6C2425FE0470CC14A198CD6F86FC4300.jpg,https://driveimg1.intermarche.com/pt/Content/images/boitmal/produit/zoom/B2E3D57423A20C8E7B4C1173F1457C2E.jpg,,2024-09-06T23:59:59.999999999+01:00,PROSPECTUS,12,1,
6398,8410372182303,75.0,Colgate,Dentifríco Flúor Gel,Embalagem de 75 ml,1.99,26.53,75,L,€/L,,1000 Artigos,https://driveimg1.intermarche.com/pt/Content/images/boitmal/produit/zoom/151B05A6AAEB6CE1CB58AF02C5B0B452.jpg,,,2024-08-28T23:59:59.999999999+01:00,PROSPECTUS,12,1,
8413,8410500008932,600.0,Actimel Danone,"Actimel morango, 6 x 100g",,2.79,4.65,0,kg,€/Kg,,,https://driveimg1.intermarche.com/pt/Content/images/boitmal/produit/zoom/F6EB1A175778A171D463316E7A3FAC27.jpg,,,2024-08-28T23:59:59.999999999+01:00,PROSPECTUS,12,1,
8657,5601163081711,1980.0,Luso,Água s/ gás,pack 6 x 0.33 l,2.35,1.19,1980,L,€/L,,,https://driveimg1.intermarche.com/pt/Content/images/boitmal/produit/zoom/BDA4A39891F935792B52BE1088E63C0F.jpg,,,2024-08-28T23:59:59.999999999+01:00,PROSPECTUS,12,1,
929,5601001187803,630.0,Nestlé,Cereais chocapic,Embalagem de 630g,3.49,5.54,0,kg,€/Kg,,,https://driveimg1.intermarche.com/pt/Content/images/boitmal/produit/zoom/24F5DB132F7E18A7786689AD5CB8DB19.jpg,,,2024-08-28T23:59:59.999999999+01:00,PROSPECTUS,12,1,
10280,8410469002781,,Colhogar,Papel Higiénico Compacto Ultra Suave XXL,12 rolos,5.22,5.22,0,,€/Unidade,,,https://driveimg1.intermarche.com/pt/Content/images/boitmal/produit/zoom/30179BA84D6B6F4E974659F949EB4EB0.jpg,,,2024-08-28T23:59:59.999999999+01:00,PROSPECTUS,12,1,
12888,2892090000000,500.0,Fruta,Manga Avião,1 un=500 gr (aprox.),2.0,3.99,0,,€/Kg,,,https://driveimg1.intermarche.com/pt/Content/images/boitmal/produit/zoom/2F9334665091AF30C298FAAAC9CB308C.jpg,https://driveimg1.intermarche.com/pt/Content/images/boitmal/produit/zoom/842EA0C904154D230A3A6F63A245D264.jpg,,2024-08-28T23:59:59.999999999+01:00,PROSPECTUS,12,1,
1323,5601163020512,9000.0,Luso,Água s/ gás,Pack 6 x 1.5 l,3.48,0.39,9000,L,€/L,,,https://driveimg1.intermarche.com/pt/Content/images/boitmal/produit/zoom/571D03B7CBBBB17BF53B16AF9AF5385C.jpg,,,2024-08-28T23:59:59.999999999+01:00,PROSPECTUS,12,1,
13977,2696106000000,,Pastelaria,Folhado de Maçã,1 unidade= 100 g,0.89,0.89,0,,€/Unidade,,,https://driveimg1.intermarche.com/pt/Content/images/boitmal/produit/zoom/E2A4FBB809D0E7BB4A2D714065081A4C.jpg,,,2024-08-28T23:59:59.999999999+01:00,PROSPECTUS,12,1,
14038,2696013000000,80.0,Padaria,Bola mistura,1 unidade= 80 g,0.17,2.13,0,kg,€/Kg,,,https://driveimg1.intermarche.com/pt/Content/images/boitmal/produit/zoom/9D6E30346316F689C4A5A61ADBADBAB3.jpg,,,2024-08-28T23:59:59.999999999+01:00,PROSPECTUS,12,1,
1467,5601286236784,500.0,Milaneza,Massa de espirais,Embalagem de 500g,1.04,2.08,0,kg,€/Kg,,1000 Artigos,https://driveimg1.intermarche.com/pt/Content/images/boitmal/produit/zoom/75C555C38AA58E95CAD2174BF2E349D1.jpg,,,2024-08-28T23:59:59.999999999+01:00,PROSPECTUS,12,1,
1468,5601286250780,500.0,Milaneza,Massa macarronete riscado,Embalagem de 500g,1.04,2.08,0,kg,€/Kg,,,https://driveimg1.intermarche.com/pt/Content/images/boitmal/produit/zoom/E29625DD7DC1FE05A5F96FD16E9391E8.jpg,,,2024-08-28T23:59:59.999999999+01:00,PROSPECTUS,12,1,
1475,5601286273789,500.0,Milaneza,Massa fusilli tricolor,Embalagem de 500g,1.26,2.52,0,kg,€/Kg,,1000 Artigos,https://driveimg1.intermarche.com/pt/Content/images/boitmal/produit/zoom/A32BE3BEA03451FFDDD551AFD3876300.jpg,,,2024-08-28T23:59:59.999999999+01:00,PROSPECTUS,12,1,
14862,2696029000000,70.0,Padaria,Carcaça Rústica 70 g,,0.17,2.43,0,kg,€/Kg,,,https://driveimg1.intermarche.com/pt/Content/images/boitmal/produit/zoom/7501756B5498BDF68A954DEA96B9AD1C.jpg,,,2024-08-28T23:59:59.999999999+01:00,PROSPECTUS,12,1,
15125,2895006000000,150.0,Terra Nostra,Queijo Flamengo em Barra,1 un = 150 gr (aprox.),1.35,8.99,0,,€/Kg,,,https://driveimg1.intermarche.com/pt/Content/images/boitmal/produit/zoom/476F7A985B3EA4EB38194328E8345ADF.jpg,,,2024-09-06T23:59:59.999999999+01:00,PROSPECTUS,12,1,
15962,5601252107056,250.0,Gallo,Azeite virgem extra clássico,Garrafa de 250 ml,3.19,12.76,250,L,€/L,,,https://driveimg1.intermarche.com/pt/Content/images/boitmal/produit/zoom/CAFA94A66BB654B7BFA9F27383C3910F.jpg,,,2024-08-28T23:59:59.999999999+01:00,PROSPECTUS,12,1,
15979,5601119242364,650.0,Nobre,Salsichas de Aves Extra Suculentas,frasco de 650g,2.09,3.22,0,kg,€/Kg,,,https://driveimg1.intermarche.com/pt/Content/images/boitmal/produit/zoom/96E028FA4B876A7EDCC2B01C6774E1B0.jpg,,,2024-08-28T23:59:59.999999999+01:00,PROSPECTUS,12,1,
16517,5601286260215,500.0,Milaneza,Espirais s/ glúten,Embalagem de 500g,1.99,3.98,0,kg,€/Kg,,,https://driveimg1.intermarche.com/pt/Content/images/boitmal/produit/zoom/56A925808860FBA8046B55A561A8DD98.jpg,,,2024-08-28T23:59:59.999999999+01:00,PROSPECTUS,12,1,
17665,8712100745591,753.0,Calvé,Maionese XXL,Embalagem de 753 g,3.69,4.9,0,kg,€/Kg,,,https://driveimg1.intermarche.com/pt/Content/images/boitmal/produit/zoom/69DD5C01FA6303DE3BD821864A539AC3.jpg,,,2024-08-28T23:59:59.999999999+01:00,PROSPECTUS,12,1,
18350,8410320148245,80.0,Campofrio,Chouriço fatiado,Embalagem de 80g,1.59,19.88,0,kg,€/Kg,,,https://driveimg1.intermarche.com/pt/Content/images/boitmal/produit/zoom/C935719A57D5E81DA0BFC4CFFF1CE04A.jpg,,,2024-08-28T23:59:59.999999999+01:00,PROSPECTUS,12,1,
2078,5604260193615,1000.0,PorSi,"Néctar manga, prisma",Embalagem de 1 l,1.15,1.15,1000,L,€/L,,1000 Artigos,https://driveimg1.intermarche.com/pt/Content/images/boitmal/produit/zoom/F91DC367BE2D1C7BD0334DCD21B43F7E.jpg,,,2024-09-06T23:59:59.999999999+01:00,PROSPECTUS,12,1,
20967,5601027002593,175.0,Manhãzitos,5 manhãzitos choco chips,Embalagem de 175 g,2.24,12.8,0,kg,€/Kg,,,https://driveimg1.intermarche.com/pt/Content/images/boitmal/produit/zoom/0AAF2F344E6BB2E2CE72DDB89E9BE7D6.jpg,,,2024-08-28T23:59:59.999999999+01:00,PROSPECTUS,12,1,
22232,8410320104500,80.0,Campofrio,Salame fat,Embalagem de 80g,1.59,19.88,0,kg,€/Kg,,,https://driveimg1.intermarche.com/pt/Content/images/boitmal/produit/zoom/55984918C252981E6C8956EFD4419256.jpg,,,2024-08-28T23:59:59.999999999+01:00,PROSPECTUS,12,1,
22327,7613035766488,250.0,Nestum,Nestum bolacha maria,Embalagem de 250g,2.14,8.56,0,kg,€/Kg,,,https://driveimg1.intermarche.com/pt/Content/images/boitmal/produit/zoom/2A470117028949BD6CC7619A1F2A3929.jpg,,,2024-08-28T23:59:59.999999999+01:00,PROSPECTUS,12,1,
23652,8712000900175,6000.0,Heineken,Cerveja Mini,Pack 24 x 0.25 l,14.49,2.42,6000,L,€/L,,1000 Artigos,https://driveimg1.intermarche.com/pt/Content/images/boitmal/produit/zoom/A0830239E607394E6D6BDF0421171D9F.jpg,,,2024-09-06T23:59:59.999999999+01:00,PROSPECTUS,12,1,
251,2696001000000,400.0,Padaria,Baguete,400 g,0.79,1.98,0,kg,€/Kg,,,https://driveimg1.intermarche.com/pt/Content/images/boitmal/produit/zoom/872B1FA740AE707B5EB206709F5F94A0.jpg,,,2024-08-28T23:59:59.999999999+01:00,PROSPECTUS,12,1,
25597,5601151979303,1200.0,Bongo,Néctar 8 frutos,Pack 6 x 200 ml,2.19,1.83,1200,L,€/L,,1000 Artigos,https://driveimg1.intermarche.com/pt/Content/images/boitmal/produit/zoom/8F7097498E407AAD3EBA218E9E0D2469.jpg,,,2024-09-06T23:59:59.999999999+01:00,PROSPECTUS,12,1,
26471,5603722510946,200.0,Gresso,Leite com Chocolate,Pack 4X200ml,1.4,7.0,200,L,€/L,,,https://driveimg1.intermarche.com/pt/Content/images/boitmal/produit/zoom/0108FCBB6D228E5EC4619AC8345D099C.jpg,,,2024-08-28T23:59:59.999999999+01:00,PROSPECTUS,12,1,
31554,8435257039138,1440.0,Nestlé,"Iogurte Líquido de Tutti-Frutti,  8 x 160 g",,3.89,2.7,0,kg,€/Kg,,,https://driveimg1.intermarche.com/pt/Content/images/boitmal/produit/zoom/3ADD800E79600780447DBC7DD07E46CC.jpg,,,2024-08-28T23:59:59.999999999+01:00,PROSPECTUS,12,1,
31906,4005900388537,150.0,Nivea,Desodorizante Pure & Natural Spray,150 ml,2.84,18.93,150,L,€/L,,,https://driveimg1.intermarche.com/pt/Content/images/boitmal/produit/zoom/CE252F48A1BA05D2CA75526FEC5501B5.jpg,,,2024-08-28T23:59:59.999999999+01:00,PROSPECTUS,12,1,
35138,5603722517655,960.0,Mimosa,"Iogurte sólido aroma morango, ananás e banana,  8 x 120 g",,1.79,1.86,0,kg,€/Kg,,1000 Artigos,https://driveimg1.intermarche.com/pt/Content/images/boitmal/produit/zoom/0001D46CAD021E71E3E28F8FD4948E5F.jpg,,,2024-09-06T23:59:59.999999999+01:00,PROSPECTUS,12,1,
36654,8410436343497,500.0,Sonasol,Spray limpa vidros brilhante,Embalagem de 500 ml,1.99,3.98,500,L,€/L,,1000 Artigos,https://driveimg1.intermarche.com/pt/Content/images/boitmal/produit/zoom/6BD482198179BD4338A991D3B750B511.jpg,,,2024-09-06T23:59:59.999999999+01:00,PROSPECTUS,12,1,
36657,5601217132673,500.0,Cillitbang,Spray lixívia e higiene,Garrafa de 500 ml,2.49,4.98,500,L,€/L,,1000 Artigos,https://driveimg1.intermarche.com/pt/Content/images/boitmal/produit/zoom/B883369E3F8FD2106485DC8F041B61F8.jpg,,,2024-09-06T23:59:59.999999999+01:00,PROSPECTUS,12,1,
38417,5411188124689,1000.0,Alpro,Bebida Vegetal Aveia Sem Açúcar,Embalagem de 1 l,1.99,1.99,1000,L,€/L,,,https://driveimg1.intermarche.com/pt/Content/images/boitmal/produit/zoom/4E2516ED123622B6963D422374872107.jpg,,,2024-08-28T23:59:59.999999999+01:00,PROSPECTUS,12,1,
38557,5601027004764,315.0,Manhãzitos,Manhãzitos® planetus 9x2 un.,Embalagem de 315g,2.89,9.17,0,kg,€/Kg,,,https://driveimg1.intermarche.com/pt/Content/images/boitmal/produit/zoom/9668562796F86C61BB4FA95BDBF9C111.jpg,,,2024-08-28T23:59:59.999999999+01:00,PROSPECTUS,12,1,
41616,3600542298247,40.0,Ambre Solaire,Protector Solar de Rosto 50+,Embalagem de 40 ml,10.79,269.75,40,L,€/L,,,https://driveimg1.intermarche.com/pt/Content/images/boitmal/produit/zoom/4A967209F0D4850A13D1BBB54731B9E8.jpg,,,2024-08-28T23:59:59.999999999+01:00,PROSPECTUS,12,1,
41715,5604260306381,500.0,PorSi,"Iogurte tipo grego caramelo salgado,  4 x 125 g",,1.68,3.36,0,kg,€/Kg,,1000 Artigos,https://driveimg1.intermarche.com/pt/Content/images/boitmal/produit/zoom/251983AC8CC6EAAFB7E8EC7C2B551EA8.jpg,,,2024-09-06T23:59:59.999999999+01:00,PROSPECTUS,12,1,
44234,8710522854815,257.0,Calvé,Mostarda,Embalagem de 257g,1.68,6.54,0,kg,€/Kg,,,https://driveimg1.intermarche.com/pt/Content/images/boitmal/produit/zoom/7979D994594677C477DA08ADD5A2E9CB.jpg,,,2024-08-28T23:59:59.999999999+01:00,PROSPECTUS,12,1,
448,8722700752943,2000.0,Lipton,Ice tea de manga,Garrafa de 2 l,3.19,1.6,2000,L,€/L,,,https://driveimg1.intermarche.com/pt/Content/images/boitmal/produit/zoom/D8A7BBA271F5B46B5DC4031B0621A8E9.jpg,,,2024-08-28T23:59:59.999999999+01:00,PROSPECTUS,12,1,
46737,4005900388957,150.0,Nivea Men,Desodorizante spray protect & care,150 ml,2.79,18.6,150,L,€/L,,,https://driveimg1.intermarche.com/pt/Content/images/boitmal/produit/zoom/8EA5F22727C42ED9AFDAD1E445389534.jpg,,,2024-08-28T23:59:59.999999999+01:00,PROSPECTUS,12,1,
4687,5000116105212,375.0,Iglo,Ervilhas,Embalagem de 375 g,1.69,4.51,0,kg,€/Kg,,Tipo de stockagem,https://driveimg1.intermarche.com/pt/Content/images/boitmal/produit/zoom/AB2CFAA543F3CFC918196092BD0A768E.jpg,,,2024-08-28T23:59:59.999999999+01:00,PROSPECTUS,12,1,
47005,5604260315154,140.0,PorSi,"Iogurte infantil c/ drageias coloridas, 140 g",,0.54,3.86,0,kg,€/Kg,,1000 Artigos,https://driveimg1.intermarche.com/pt/Content/images/boitmal/produit/zoom/24BB9A82B8C6B32F97AB8C5679E75BB0.jpg,,,2024-09-06T23:59:59.999999999+01:00,PROSPECTUS,12,2,
50498,5775345202918,700.0,Sunquick,Concentrado Laranja e Manga,Garrafa de 700 ml,5.19,7.41,700,L,€/L,,,https://driveimg1.intermarche.com/pt/Content/images/boitmal/produit/zoom/2A5487A92FEBBD8C4A9D852619EA55EB.jpg,,,2024-08-28T23:59:59.999999999+01:00,PROSPECTUS,12,2,
5096,5601050026429,300.0,Danonino Danone,"Queijinho danonino petitdino de morango/banana,  6 x 50 g",,1.99,6.63,0,kg,€/Kg,,1000 Artigos,https://driveimg1.intermarche.com/pt/Content/images/boitmal/produit/zoom/FA8D1A9125B498992C62B9745CC5DD3D.jpg,,,2024-08-28T23:59:59.999999999+01:00,PROSPECTUS,12,2,
52362,5604260330508,375.0,PorSi,Pão Especial para Cachorro,6 Unidades,1.09,2.91,0,kg,€/Kg,,1000 Artigos,https://driveimg1.intermarche.com/pt/Content/images/boitmal/produit/zoom/6A85B03BDD56397EB032380B3AC6B299.jpg,,,2024-09-06T23:59:59.999999999+01:00,PROSPECTUS,12,2,
52880,8719200267794,450.0,Becel,"Creme Vegetal de Barrar com Sabor a Manteiga, 450g",,2.99,6.64,0,kg,€/Kg,,1000 Artigos,https://driveimg1.intermarche.com/pt/Content/images/boitmal/produit/zoom/287D301C66C180312FAA8A3BAE7EA710.jpg,,,2024-08-28T23:59:59.999999999+01:00,PROSPECTUS,12,2,
52882,8719200267923,1000.0,Planta,"Creme Vegetal de Barrar com Sabor a Manteiga, 1 kg",,4.99,4.99,0,kg,€/Kg,,,https://driveimg1.intermarche.com/pt/Content/images/boitmal/produit/zoom/CA359583CDC4B85860A9620A14431005.jpg,,,2024-08-28T23:59:59.999999999+01:00,PROSPECTUS,12,2,
5411,5601286277787,500.0,Milaneza,Massa tagliatelle com ovo,Embalagem de 500g,2.05,4.1,0,kg,€/Kg,,,https://driveimg1.intermarche.com/pt/Content/images/boitmal/produit/zoom/9D2DEFC751955A121D3B271EE9946711.jpg,,,2024-08-28T23:59:59.999999999+01:00,PROSPECTUS,12,2,
5806,5604260055845,2000.0,PorSi,Lixivia perfumada,Garrafa de 2 l,1.19,0.6,2000,L,€/L,,1000 Artigos,https://driveimg1.intermarche.com/pt/Content/images/boitmal/produit/zoom/7D9231CD470153AB42877965FFCBDC06.jpg,,,2024-09-06T23:59:59.999999999+01:00,PROSPECTUS,12,2,
6278,8410001103877,,Scotch-Brite,Esfregão com Esponja Salva Unhas Fibra Verde Gama Classic,2 unidades,1.49,1.49,0,,€/Unidade,,,https://driveimg1.intermarche.com/pt/Content/images/boitmal/produit/zoom/E718E77E4D972A0ADC7B7B914A9452B5.jpg,,,2024-08-28T23:59:59.999999999+01:00,PROSPECTUS,12,2,
8222,5411188553304,1000.0,Alpro,Bebida Vegetal de Soja com Cálcio,Embalagem de 1 l,1.69,1.69,1000,L,€/L,,,https://driveimg1.intermarche.com/pt/Content/images/boitmal/produit/zoom/545BAB00502BFD84583926EFDBFE9F24.jpg,,,2024-08-28T23:59:59.999999999+01:00,PROSPECTUS,12,2,
8371,5601045000489,1980.0,Sumol,"Refrigerante com gás de laranja, em lata",pack 6 x 0.33 l,3.69,1.86,1980,L,€/L,,,https://driveimg1.intermarche.com/pt/Content/images/boitmal/produit/zoom/F6475AB0AB19A715B4F46DAFA8901BE8.jpg,,,2024-08-28T23:59:59.999999999+01:00,PROSPECTUS,12,2,
8391,5601049159992,1000.0,Mimosa,Leite especial cálcio + vitamina d magro,Garrafa de 1 l,0.98,0.98,1000,L,€/L,,,https://driveimg1.intermarche.com/pt/Content/images/boitmal/produit/zoom/9A4AD44FB60B5A45579B826AAB547587.jpg,,,2024-08-28T23:59:59.999999999+01:00,PROSPECTUS,12,2,
8396,5601049614330,250.0,Milhafre,Manteiga com sal,Embalagem de 250g,1.99,7.96,0,kg,€/Kg,,1000 Artigos,https://driveimg1.intermarche.com/pt/Content/images/boitmal/produit/zoom/8DCB9F2F3B36086D35B7173891ABA268.jpg,,,2024-08-28T23:59:59.999999999+01:00,PROSPECTUS,12,2,
8399,5601050033809,620.0,Danone,"Iogurte activia líquido morango,  4 x 155 g",,1.99,3.21,0,kg,€/Kg,,1000 Artigos,https://driveimg1.intermarche.com/pt/Content/images/boitmal/produit/zoom/D308B1FB4C89B3E5388CD017CB0E1529.jpg,,,2024-08-28T23:59:59.999999999+01:00,PROSPECTUS,12,2,
8415,8410500007836,600.0,Actimel Danone,"Actimel tutti-frutti,  6 x 100g",,2.79,4.65,0,kg,€/Kg,,,https://driveimg1.intermarche.com/pt/Content/images/boitmal/produit/zoom/DB1D3FA2CAFD2F870E694DAF87E93AD5.jpg,,,2024-08-28T23:59:59.999999999+01:00,PROSPECTUS,12,2,
8438,5601050033816,620.0,Danone,"Iogurte activia líquido frutos silvestres,  4 x 155 g",,1.99,3.21,0,kg,€/Kg,,1000 Artigos,https://driveimg1.intermarche.com/pt/Content/images/boitmal/produit/zoom/47CDBF026E044A06DA4E05DE9D7A01E4.jpg,,,2024-08-28T23:59:59.999999999+01:00,PROSPECTUS,12,2,
927,5601001180903,380.0,Nestlé,Cereais chocapic,Embalagem de 375 g,2.29,6.03,0,kg,€/Kg,,1000 Artigos,https://driveimg1.intermarche.com/pt/Content/images/boitmal/produit/zoom/6DE0110672BED70DCD1FFE94A66DEB48.jpg,,,2024-09-06T23:59:59.999999999+01:00,PROSPECTUS,12,2,
991,5601029004090,120.0,Bom Petisco,Atum posta em azeite,Embalagem de 120 g,1.69,14.08,0,kg,€/Kg,,1000 Artigos,https://driveimg1.intermarche.com/pt/Content/images/boitmal/produit/zoom/40ABAA5E8C339E4103EB73DD68903264.jpg,,,2024-08-28T23:59:59.999999999+01:00,PROSPECTUS,12,2,
9989,8000430133035,125.0,Galbani,Queijo mozzarella fresca,Embalagem de 125 g,1.59,12.72,0,kg,€/Kg,,,https://driveimg1.intermarche.com/pt/Content/images/boitmal/produit/zoom/605C9FB94611B32191667C7EDC36EC8E.jpg,,,2024-08-28T23:59:59.999999999+01:00,PROSPECTUS,12,2,
1010,5601038300091,240.0,Knorr,Caldo de galinha 24 cubos,Embalagem de 240g,2.49,10.38,0,kg,€/Kg,,1000 Artigos,https://driveimg1.intermarche.com/pt/Content/images/boitmal/produit/zoom/4EAB67797AD4AB1D62B7E64BA0380D8B.jpg,,,2024-09-06T23:59:59.999999999+01:00,PROSPECTUS,12,2,
1012,5601043111026,1000.0,Branca de neve,Farinha para bolos super fina,Embalagem de 1 kg,1.79,1.79,0,kg,€/Kg,,,https://driveimg1.intermarche.com/pt/Content/images/boitmal/produit/zoom/69E1C041AAF495A8CA3A356AFD6DE7DA.jpg,,,2024-08-28T23:59:59.999999999+01:00,PROSPECTUS,12,2,
11463,5601018001642,250.0,Gresso,Manteiga com Sal,Embalagem de 250g,1.98,7.92,0,kg,€/Kg,,,https://driveimg1.intermarche.com/pt/Content/images/boitmal/produit/zoom/CE6327DA4716D17A10AB93CC3D5ACD31.jpg,https://driveimg1.intermarche.com/pt/Content/images/boitmal/produit/zoom/7AC5179CFF33BEA38B382077FB05A477.jpg,,2024-08-28T23:59:59.999999999+01:00,PROSPECTUS,12,2,
11466,5601018004605,200.0,Gresso,Nata Uht para Bater,Embalagem de 200 ml,0.79,3.95,200,L,€/L,,,https://driveimg1.intermarche.com/pt/Content/images/boitmal/produit/zoom/F0BDEBD8FC14852BBFA2B30DDCAEC8DB.jpg,,,2024-08-28T23:59:59.999999999+01:00,PROSPECTUS,12,2,
1162,5601089080607,20.0,Boca Doce,Pudim baunilha,Embalagem de 20g,0.47,23.5,0,kg,€/Kg,,,https://driveimg1.intermarche.com/pt/Content/images/boitmal/produit/zoom/BA3284B2E68350973B8135419AE564DE.jpg,,,2024-08-28T23:59:59.999999999+01:00,PROSPECTUS,12,2,
1163,5601089080614,20.0,Boca Doce,Pudim de caramelo,Embalagem de 20g,0.47,23.5,0,kg,€/Kg,,,https://driveimg1.intermarche.com/pt/Content/images/boitmal/produit/zoom/FA0AE8DD57417DCB8FC83196C791AFF6.jpg,,,2024-08-28T23:59:59.999999999+01:00,PROSPECTUS,12,2,
1166,5601089080645,20.0,Boca Doce,Pudim de ananás,Embalagem de 20g,0.47,23.5,0,kg,€/Kg,,,https://driveimg1.intermarche.com/pt/Content/images/boitmal/produit/zoom/C5314CE85044AE695EB3531222FEDC74.jpg,,,2024-08-28T23:59:59.999999999+01:00,PROSPECTUS,12,2,
12175,5604661000109,250.0,Seia,"Queijo ovelha curado amanteigado, 250g",,4.99,19.96,0,kg,€/Kg,,,https://driveimg1.intermarche.com/pt/Content/images/boitmal/produit/zoom/DBDF0D7BD49789FDF9FF9AE313DB1CFA.jpg,,,2024-08-28T23:59:59.999999999+01:00,PROSPECTUS,12,2,
1228,5601146230518,1500.0,Joi,"Refrigerante sem gás, laranja","Garrafa de 1,5 l",1.39,0.93,1500,L,€/L,,1000 Artigos,https://driveimg1.intermarche.com/pt/Content/images/boitmal/produit/zoom/277ED8947CD78C9CC5A552FB0B1FDBC2.jpg,,,2024-09-06T23:59:59.999999999+01:00,PROSPECTUS,12,2,
12445,8414100302742,1250.0,Sunny Delight,Refrigerante s/ gás califórnia,"Garrafa de 1,25 l",1.87,1.5,1250,L,€/L,,,https://driveimg1.intermarche.com/pt/Content/images/boitmal/produit/zoom/3A53BFE5938DDF8D0C5815BDDDB8B87B.jpg,,,2024-08-28T23:59:59.999999999+01:00,PROSPECTUS,12,2,
12471,8435257040868,640.0,Nestlé,"Iogurte líquido yoggi morango/banana,  4 x 160 g",,1.99,3.11,0,kg,€/Kg,,1000 Artigos,https://driveimg1.intermarche.com/pt/Content/images/boitmal/produit/zoom/93A52C02113750956F92B7DD59810765.jpg,,,2024-08-28T23:59:59.999999999+01:00,PROSPECTUS,12,2,
12707,3387390326574,380.0,Nestlé,Cereais cookie crisp,Embalagem de 380g,2.99,7.87,0,kg,€/Kg,,,https://driveimg1.intermarche.com/pt/Content/images/boitmal/produit/zoom/090513FD34497A5D5D8227B6519C611F.jpg,,,2024-08-28T23:59:59.999999999+01:00,PROSPECTUS,12,2,
1331,5601165006255,260.0,Calvé,Molho de alho,Embalagem de 260g,1.94,7.46,0,kg,€/Kg,,,https://driveimg1.intermarche.com/pt/Content/images/boitmal/produit/zoom/089B1CAB7287353404366CB7226AD30F.jpg,https://driveimg1.intermarche.com/pt/Content/images/boitmal/produit/zoom/5F13F0DF96776682A865C5AC21E8DB42.jpg,https://driveimg1.intermarche.com/pt/Content/images/boitmal/produit/zoom/5F13F0DF96776682A865C5AC21E8DB42.jpg,2024-08-28T23:59:59.999999999+01:00,PROSPECTUS,12,2,https://driveimg1.intermarche.com/pt/Content/images/boitmal/produit/zoom/5F13F0DF96776682A865C5AC21E8DB42.jpg
1337,5601165100786,50.0,Calvé,Piri piri,Garrafa de 50 ml,1.68,33.6,50,L,€/L,,,https://driveimg1.intermarche.com/pt/Content/images/boitmal/produit/zoom/008C8E9F15AC26570DA04227E6BC4B56.jpg,,,2024-08-28T23:59:59.999999999+01:00,PROSPECTUS,12,2,
13522,2893514000000,200.0,Peixaria,Choco Pequeno Congelado,1 un= 200 gr (aprox.),1.9,9.49,0,,€/Kg,,Avantages !,https://driveimg1.intermarche.com/pt/Content/images/boitmal/produit/zoom/37754AAC1A8B81BA5D21C470572981B5.jpg,,,2024-08-28T23:59:59.999999999+01:00,PROSPECTUS,12,2,
13585,2893580000000,250.0,Marisco,Gambão Congelado 20/30,Vendido a partir de 250 (aprox.),2.2,8.79,0,,€/Kg,,Avantages !,https://driveimg1.intermarche.com/pt/Content/images/boitmal/produit/zoom/FBF44724042B73F1218C70BB4977864A.jpg,,,2024-08-28T23:59:59.999999999+01:00,PROSPECTUS,12,2,
13915,2891249000000,2000.0,Peru,Perna com Osso,Vendido ao peso,5.98,2.99,0,,€/Kg,,,https://driveimg1.intermarche.com/pt/Content/images/boitmal/produit/zoom/1D88BA2E1544364C5EB66CF19AD6E70E.jpg,,,2024-08-28T23:59:59.999999999+01:00,PROSPECTUS,12,2,
13957,2891233000000,100.0,Aves,Salsicha Fresca de Aves,1 un = 100 gr (aprox.),0.5,4.99,0,,€/Kg,,,https://driveimg1.intermarche.com/pt/Content/images/boitmal/produit/zoom/0A11AADC497489C7F99DD3047DDB09B1.jpg,,,2024-08-28T23:59:59.999999999+01:00,PROSPECTUS,12,2,
1413,5601252106615,750.0,Gallo,Azeite Subtil,Garrafa de 750 ml,6.99,9.32,750,L,€/L,,,https://driveimg1.intermarche.com/pt/Content/images/boitmal/produit/zoom/AE7B71F484D168C6B66987F1FFF6801B.jpg,,,2024-08-28T23:59:59.999999999+01:00,PROSPECTUS,12,2,
14165,5099873090473,700.0,Jack Daniel's,Whiskey bourbon,Garrafa de 700 ml,21.99,31.41,700,L,€/L,,,https://driveimg1.intermarche.com/pt/Content/images/boitmal/produit/zoom/1C68A9CA0085F370C66B536F41B373C8.jpg,,,2024-08-28T23:59:59.999999999+01:00,PROSPECTUS,12,2,
14372,8712100599392,550.0,Calvé,Ketchup XXL,Embalagem de 550g,2.99,5.44,0,kg,€/Kg,,,https://driveimg1.intermarche.com/pt/Content/images/boitmal/produit/zoom/4544D7A761DF83B5B8BF2C6EF0FF53D9.jpg,https://driveimg1.intermarche.com/pt/Content/images/boitmal/produit/zoom/FE7F103C359D2D1FD7BF3FDC8DD381BA.jpg,https://driveimg1.intermarche.com/pt/Content/images/boitmal/produit/zoom/FE7F103C359D2D1FD7BF3FDC8DD381BA.jpg,2024-08-28T23:59:59.999999999+01:00,PROSPECTUS,12,2,
1455,5601286214782,500.0,Milaneza,Aletria,Embalagem de 500g,1.25,2.5,0,kg,€/Kg,,,https://driveimg1.intermarche.com/pt/Content/images/boitmal/produit/zoom/0C88DF23B70E89E63079C07076C9E33B.jpg,,,2024-08-28T23:59:59.999999999+01:00,PROSPECTUS,12,2,
1457,5601286218575,500.0,Milaneza,Massa spaghetti tricolore,Embalagem de 500 g,1.26,2.52,0,kg,€/Kg,,,https://driveimg1.intermarche.com/pt/Content/images/boitmal/produit/zoom/283AE101F1B6673BD5B31AF661477173.jpg,,,2024-08-28T23:59:59.999999999+01:00,PROSPECTUS,12,2,
1460,5601286222787,500.0,Milaneza,Massa de cotovelinhos,Embalagem de 500g,1.04,2.08,0,kg,€/Kg,,1000 Artigos,https://driveimg1.intermarche.com/pt/Content/images/boitmal/produit/zoom/F76BC192D8D45CCBC8881AA2D2BAAD83.jpg,,,2024-08-28T23:59:59.999999999+01:00,PROSPECTUS,12,2,
1463,5601286232779,250.0,Milaneza,Massa pevide,Embalagem de 250g,0.63,2.52,0,kg,€/Kg,,,https://driveimg1.intermarche.com/pt/Content/images/boitmal/produit/zoom/EBAFF1FEDF33318543096DA417AD4777.jpg,,,2024-08-28T23:59:59.999999999+01:00,PROSPECTUS,12,2,
1465,5601286234773,250.0,Milaneza,Massa de letras,Embalagem de 250g,0.63,2.52,0,kg,€/Kg,,,https://driveimg1.intermarche.com/pt/Content/images/boitmal/produit/zoom/B041072B3650057DB6CDC9523E22E29B.jpg,,,2024-08-28T23:59:59.999999999+01:00,PROSPECTUS,12,2,
14708,5601244202332,250.0,Terra Nostra,Manteiga c/sal,Embalagem de 250g,2.09,8.36,0,kg,€/Kg,,1000 Artigos,https://driveimg1.intermarche.com/pt/Content/images/boitmal/produit/zoom/F856625366E0E50DFC4757127A46E849.jpg,https://driveimg1.intermarche.com/pt/Content/images/boitmal/produit/zoom/9D76B5CC4F670644A71C1CF49788751C.jpg,,2024-08-28T23:59:59.999999999+01:00,PROSPECTUS,12,2,
1471,5601286254788,500.0,Milaneza,Massa macarronete grande,Embalagem de 500g,1.19,2.38,0,kg,€/Kg,,1000 Artigos,https://driveimg1.intermarche.com/pt/Content/images/boitmal/produit/zoom/ECCE0C4A0B77E8669302DA27C5B102B0.jpg,,,2024-08-28T23:59:59.999999999+01:00,PROSPECTUS,12,2,
1472,5601286256782,500.0,Milaneza,Massa de ondas,Embalagem de 500g,1.09,2.18,0,kg,€/Kg,,,https://driveimg1.intermarche.com/pt/Content/images/boitmal/produit/zoom/EBEC60CF3C8D752CF3C2E06EF4538599.jpg,,,2024-08-28T23:59:59.999999999+01:00,PROSPECTUS,12,2,
15038,2892255000000,2500.0,Programa Origens,Melão Branco,Vendido ao peso | 1 un = 2.5 kg (aprox.),1.98,0.79,0,,€/Kg,,,https://driveimg1.intermarche.com/pt/Content/images/boitmal/produit/zoom/1907C0AEFCB3376B09C7B915B4809CC0.jpg,,,2024-08-28T23:59:59.999999999+01:00,PROSPECTUS,12,2,
15966,3387390324082,375.0,Nestlé,Cereais crunch 375g,Embalagem de 380g,2.99,7.97,0,kg,€/Kg,,,https://driveimg1.intermarche.com/pt/Content/images/boitmal/produit/zoom/DFF49D4BD1FA11F2722A3C76D63C7310.jpg,,,2024-08-28T23:59:59.999999999+01:00,PROSPECTUS,12,2,
16022,5601146703609,5000.0,Sagres,Cerveja Mini,20 x 0.25 l,9.99,2.0,5000,L,€/L,,1000 Artigos,https://driveimg1.intermarche.com/pt/Content/images/boitmal/produit/zoom/FF51CCF9441973386AEED91491E4E439.jpg,,,2024-09-06T23:59:59.999999999+01:00,PROSPECTUS,12,2,
16187,8000825967702,,Giotto,Aguarelas 30mm x 12,1 unidade,3.49,3.49,0,,€/Unidade,,,https://driveimg1.intermarche.com/pt/Content/images/boitmal/produit/zoom/4E230A2B6977FEA68F63B85F0F8554FA.jpg,,,2024-09-18T23:59:59.999999999+01:00,PROSPECTUS,12,2,
16677,5604260276813,500.0,PorSi,"Iogurte tipo grego framboesa e amora,  500g",,1.68,3.36,0,kg,€/Kg,,1000 Artigos,https://driveimg1.intermarche.com/pt/Content/images/boitmal/produit/zoom/F7D5A82C7318BEA1172E029B3C7C36F8.jpg,,,2024-09-06T23:59:59.999999999+01:00,PROSPECTUS,12,2,
1677,5602711001311,1000.0,Rar,Açúcar granulado embalado em papel,Embalagem de 1 kg,1.59,1.59,0,kg,€/Kg,,1000 Artigos,https://driveimg1.intermarche.com/pt/Content/images/boitmal/produit/zoom/F8294E745C95C50AD875621A802EA691.jpg,,,2024-09-06T23:59:59.999999999+01:00,PROSPECTUS,12,2,
16962,5601029004113,390.0,Bom Petisco,Atum posta em azeite,Embalagem de 390g,5.66,14.51,0,kg,€/Kg,,,https://driveimg1.intermarche.com/pt/Content/images/boitmal/produit/zoom/1B91710086B8F360AE5F50CD51D75118.jpg,,,2024-08-28T23:59:59.999999999+01:00,PROSPECTUS,12,2,
17013,7613033823886,250.0,Nestum,Nestum 5 cereais,Embalagem de 250g,2.14,8.56,0,kg,€/Kg,,,https://driveimg1.intermarche.com/pt/Content/images/boitmal/produit/zoom/718AC984A55C84FB2BAA4182214E3DC0.jpg,,,2024-08-28T23:59:59.999999999+01:00,PROSPECTUS,12,2,
17419,5601119243781,110.0,Nobre,Peito de frango fatias finas,Embalagem de 110g,2.39,21.73,0,kg,€/Kg,,,https://driveimg1.intermarche.com/pt/Content/images/boitmal/produit/zoom/4072E19884EA23783C2756624F40B76A.jpg,,,2024-08-28T23:59:59.999999999+01:00,PROSPECTUS,12,2,
17595,5411188115366,1000.0,Alpro,Bebida Vegetal Aveia,Embalagem de 1 litro,1.99,1.99,1000,L,€/L,,,https://driveimg1.intermarche.com/pt/Content/images/boitmal/produit/zoom/022F75688FDF46C20D85292C59BA5F61.jpg,,,2024-08-28T23:59:59.999999999+01:00,PROSPECTUS,12,2,
17892,5601082039800,220.0,Delta Q,Café xl qalidus cápsulas,Embalagem de 220g,14.99,68.14,0,kg,€/Kg,,1000 Artigos,https://driveimg1.intermarche.com/pt/Content/images/boitmal/produit/zoom/366FA5D4E032D6F1950F570ABB5EB801.jpg,,,2024-08-28T23:59:59.999999999+01:00,PROSPECTUS,12,2,
17969,8410104156695,,Air Wick,Recarga ambientador elétrico delícias de verão,Embalagem de 1 unidades,3.59,3.59,1,,€/Unidade,,,https://driveimg1.intermarche.com/pt/Content/images/boitmal/produit/zoom/89EB6F6E8C7C8305CF7EAE80C39CA640.jpg,,,2024-08-28T23:59:59.999999999+01:00,PROSPECTUS,12,2,
18083,5601008200017,258.0,Vieira,Bolacha digestive aveia 258g,Embalagem de 258 g,1.79,6.94,0,kg,€/Kg,,,https://driveimg1.intermarche.com/pt/Content/images/boitmal/produit/zoom/F83AF875AA7966708505018927C302C1.jpg,,,2024-08-28T23:59:59.999999999+01:00,PROSPECTUS,12,2,
18595,8410500016012,400.0,Danonino Danone,"Iogurte líquido danonino morango,  4 x 100 g",,1.99,4.98,0,kg,€/Kg,,,https://driveimg1.intermarche.com/pt/Content/images/boitmal/produit/zoom/0E203361E14F23CD94ABD0BD721CC32D.jpg,,,2024-08-28T23:59:59.999999999+01:00,PROSPECTUS,12,2,
19162,5604260276806,500.0,PorSi,"Iogurte tipo grego natural açucarado,  4 x 125 g",,1.68,3.36,0,kg,€/Kg,,1000 Artigos,https://driveimg1.intermarche.com/pt/Content/images/boitmal/produit/zoom/F5227DB1E7426C2C57070B96D3CD2A79.jpg,,,2024-09-06T23:59:59.999999999+01:00,PROSPECTUS,12,2,
19415,5601028019798,,Renova,"Rolo de cozinha design xxl, 3 rolos",Embalagem de 3 unidades,1.99,1.99,3,,€/Unidade,,1000 Artigos,https://driveimg1.intermarche.com/pt/Content/images/boitmal/produit/zoom/72BDE5829FC47024A80D1CC998CA1B8E.jpg,,,2024-09-06T23:59:59.999999999+01:00,PROSPECTUS,12,2,
19548,8410436212014,100.0,Sonasol,Bloco Sanitário Sólido Aqua,Embalagem de 2x50 g,2.99,29.9,0,kg,€/Kg,,,https://driveimg1.intermarche.com/pt/Content/images/boitmal/produit/zoom/CB19F70ED9F9FC475AA9D82022AA5F37.jpg,,,2024-08-28T23:59:59.999999999+01:00,PROSPECTUS,12,2,
20434,5601244500063,1000.0,Terra Nostra,Leite de pastagem meio-gordo,Embalagem de 1 litro,0.85,0.85,1000,L,€/L,,1000 Artigos,https://driveimg1.intermarche.com/pt/Content/images/boitmal/produit/zoom/3A3CE8D8DC040C520516EC66868110D4.jpg,https://driveimg1.intermarche.com/pt/Content/images/boitmal/produit/zoom/E82125FE177156A16B33D08208F11D7F.jpg,,2024-08-28T23:59:59.999999999+01:00,PROSPECTUS,12,2,
21085,5601029003079,120.0,Tenorio,Atum filete natural,Embalagem de 120g,2.36,19.67,0,kg,€/Kg,,,https://driveimg1.intermarche.com/pt/Content/images/boitmal/produit/zoom/82930AA162C4BB51A63829602A849DEF.jpg,,,2024-08-28T23:59:59.999999999+01:00,PROSPECTUS,12,2,
21749,7613035766532,250.0,Nestum,Nestum chocolate,Embalagem de 250g,2.14,8.56,0,kg,€/Kg,,,https://driveimg1.intermarche.com/pt/Content/images/boitmal/produit/zoom/2985CAADA6D151AC0E20062A22E70429.jpg,,,2024-08-28T23:59:59.999999999+01:00,PROSPECTUS,12,2,
21766,7613035487840,90.0,Nestlé,Fruta para bebé banana laranja bolacha +6 meses,Embalagem de 90g,0.74,8.22,0,kg,€/Kg,,,https://driveimg1.intermarche.com/pt/Content/images/boitmal/produit/zoom/97B5DC278815B47BCD7E38EEC0455DC8.jpg,,,2024-08-28T23:59:59.999999999+01:00,PROSPECTUS,12,2,
22254,3600542027533,250.0,Ultra Suave,Champô Limão & Argila,Embalagem de 400 ml,3.79,15.16,250,L,€/L,,,https://driveimg1.intermarche.com/pt/Content/images/boitmal/produit/zoom/E3CC3793DBEA441FB5E435D1445DE8F2.jpg,,,2024-08-28T23:59:59.999999999+01:00,PROSPECTUS,12,2,
22338,8715700422084,400.0,Heinz,Maionese top down,Garrafa de 400 ml,2.46,6.15,400,L,€/L,,,https://driveimg1.intermarche.com/pt/Content/images/boitmal/produit/zoom/C7D9780039707961F74CCE9BB4A3738B.jpg,,,2024-08-28T23:59:59.999999999+01:00,PROSPECTUS,12,2,
2237,5604260267200,1000.0,PorSi,"Néctar frutos vermelhos, prisma",Embalagem de 1 l,1.09,1.09,1000,L,€/L,,1000 Artigos,https://driveimg1.intermarche.com/pt/Content/images/boitmal/produit/zoom/6C3F491EA0BF0366BD5FF574EF1B374C.jpg,,,2024-09-06T23:59:59.999999999+01:00,PROSPECTUS,12,2,
23212,8434165444874,500.0,Cuétara,Flakes,Embalagem de 500g,3.99,7.98,0,kg,€/Kg,,,https://driveimg1.intermarche.com/pt/Content/images/boitmal/produit/zoom/EFAD724A4BD601B608D6D4BB6EF66723.jpg,,,2024-08-28T23:59:59.999999999+01:00,PROSPECTUS,12,2,
23479,5601252112593,750.0,Gallo,Azeite virgem extra gourmet,Garrafa de 750 ml,7.99,10.65,750,L,€/L,,,https://driveimg1.intermarche.com/pt/Content/images/boitmal/produit/zoom/809941771CA6AC4D9EA16D139152DA96.jpg,,,2024-08-28T23:59:59.999999999+01:00,PROSPECTUS,12,2,
2358,5605173300015,60.0,Fruut,Snack de maçã vermelha doce,Embalagem de 60 g,1.49,24.83,0,kg,€/Kg,,,https://driveimg1.intermarche.com/pt/Content/images/boitmal/produit/zoom/DC04CEEA6FE8355C82A796470123097E.jpg,,,2024-08-28T23:59:59.999999999+01:00,PROSPECTUS,12,2,
23653,5600202948299,750.0,Valleperro,Vinho doc douro tinto,Garrafa de 750 ml,2.99,3.99,750,L,€/L,,1000 Artigos,https://driveimg1.intermarche.com/pt/Content/images/boitmal/produit/zoom/96071F1855B46F6FE1381F81A425A749.jpg,,,2024-09-06T23:59:59.999999999+01:00,PROSPECTUS,12,2,
23762,5600202948305,750.0,Valleperro,Vinho doc douro reserva tinto,Garrafa de 0.75 l,4.49,5.99,750,L,€/L,,1000 Artigos,https://driveimg1.intermarche.com/pt/Content/images/boitmal/produit/zoom/A1EFDD4503301D6A933720FD863CF389.jpg,,,2024-09-06T23:59:59.999999999+01:00,PROSPECTUS,12,2,
2405,5608543000096,15.0,Tetley,Chá preto,Embalagem de 20g,0.74,49.33,0,kg,€/Kg,,,https://driveimg1.intermarche.com/pt/Content/images/boitmal/produit/zoom/B40D664132094CEE9391DB8865EC11A2.jpg,,,2024-08-28T23:59:59.999999999+01:00,PROSPECTUS,12,2,
24410,8710908859502,750.0,Cif,Spray power&shine multiusos c/ lixívia,Garrafa de 750 ml,2.69,3.59,750,L,€/L,,1000 Artigos,https://driveimg1.intermarche.com/pt/Content/images/boitmal/produit/zoom/BC1FC8E39B43E72D32F4657C6D001534.jpg,,,2024-08-28T23:59:59.999999999+01:00,PROSPECTUS,12,2,
2445,5998749109113,270.0,Pedigree,Snack dentastix grande,Embalagem de 270 g,3.44,12.74,0,kg,€/Kg,,,https://driveimg1.intermarche.com/pt/Content/images/boitmal/produit/zoom/35241472DE7F17B0C520CB43E029E0A7.jpg,,,2024-08-28T23:59:59.999999999+01:00,PROSPECTUS,12,2,
24580,3600541946316,400.0,Fructis,Champô força e brilho 2 em 1,Embalagem de 400 ml,3.89,9.73,400,L,€/L,,,https://driveimg1.intermarche.com/pt/Content/images/boitmal/produit/zoom/6A7C5D2D5F5DD34FFA70ADA8E33FF354.jpg,,,2024-08-28T23:59:59.999999999+01:00,PROSPECTUS,12,2,
25068,8715700423852,560.0,Heinz,Ketchup menos sal e açucares,Embalagem de 560g,3.24,5.79,0,kg,€/Kg,,,https://driveimg1.intermarche.com/pt/Content/images/boitmal/produit/zoom/3C41C8F6C6A3C98B2482AE883777B51B.jpg,,,2024-08-28T23:59:59.999999999+01:00,PROSPECTUS,12,2,
25214,7613035930551,90.0,Nestlé,Fruta para bebé maçã banana morango +8 meses,Embalagem de 90g,0.74,8.22,0,kg,€/Kg,,,https://driveimg1.intermarche.com/pt/Content/images/boitmal/produit/zoom/320AF02AD6CE8711C7912DB2FA781A00.jpg,,,2024-08-28T23:59:59.999999999+01:00,PROSPECTUS,12,2,
2524,7613033865435,400.0,Cerelac,Leite e cereais bolacha maria +6 meses,Garrafa de 400 ml,2.24,5.6,400,L,€/L,,,https://driveimg1.intermarche.com/pt/Content/images/boitmal/produit/zoom/A1CDEF26262E9F0F53B9CDB400E24B7E.jpg,,,2024-08-28T23:59:59.999999999+01:00,PROSPECTUS,12,2,
2525,7613033865848,400.0,Cerelac,Leite e cereais 8 cereais e mel +6 meses,Garrafa de 400 ml,2.24,5.6,400,L,€/L,,,https://driveimg1.intermarche.com/pt/Content/images/boitmal/produit/zoom/C36608AAE7AECA75942A9DED1741C1CD.jpg,,,2024-08-28T23:59:59.999999999+01:00,PROSPECTUS,12,2,
25275,5775345121578,700.0,Sunquick,Concentrado de laranja,Garrafa de 700 ml,5.19,7.41,700,L,€/L,,,https://driveimg1.intermarche.com/pt/Content/images/boitmal/produit/zoom/8F6159314AFA9ACA4FB2EC88A7BBF04D.jpg,,,2024-08-28T23:59:59.999999999+01:00,PROSPECTUS,12,2,
25276,5775345121585,700.0,Sunquick,Concentrado de frutas tropicais,Garrafa de 700 ml,5.19,7.41,700,L,€/L,,,https://driveimg1.intermarche.com/pt/Content/images/boitmal/produit/zoom/4BD6A03207C4644AA25F7ED6571B6B74.jpg,,,2024-08-28T23:59:59.999999999+01:00,PROSPECTUS,12,2,
25375,5601050033441,620.0,Danone,"Iogurte activia líquido manga e papaia,  4 x 155 g",,1.99,3.21,0,kg,€/Kg,,1000 Artigos,https://driveimg1.intermarche.com/pt/Content/images/boitmal/produit/zoom/A96AE19E74579E9FA5D5277C47DE6D86.jpg,,,2024-08-28T23:59:59.999999999+01:00,PROSPECTUS,12,2,
2582,7622300118679,30.0,Tang,Refresco em pó de laranja,Embalagem de 30g,0.87,29.0,0,kg,€/Kg,,,https://driveimg1.intermarche.com/pt/Content/images/boitmal/produit/zoom/93C950E23C6D3C4F7356D5E290068B2C.jpg,,,2024-08-28T23:59:59.999999999+01:00,PROSPECTUS,12,2,
25993,3086121601118,,Bic,Esferográfica Cristal Azul,Embalagem com 10 un.,2.99,2.99,0,,€/Unidade,,,https://driveimg1.intermarche.com/pt/Content/images/boitmal/produit/zoom/ACADC8C557065E57578A759E74220F32.jpg,,,2024-09-18T23:59:59.999999999+01:00,PROSPECTUS,12,2,
2753,8410066113484,400.0,Heinz,Maionese de cebola e alho,Garrafa de 400 ml,2.89,7.23,400,L,€/L,,,https://driveimg1.intermarche.com/pt/Content/images/boitmal/produit/zoom/68C65A058BDDFE62B63D709DD1CEF540.jpg,,,2024-08-28T23:59:59.999999999+01:00,PROSPECTUS,12,2,
2777,8410168399823,3000.0,Friskies,Ração para cão júnior vitafit com frango e leite,Embalagem de 3 kg,9.74,3.25,0,kg,€/Kg,,,https://driveimg1.intermarche.com/pt/Content/images/boitmal/produit/zoom/0DFCA8E5439FA8FC7457AA59F9A611A6.jpg,,,2024-08-28T23:59:59.999999999+01:00,PROSPECTUS,12,2,
27893,3600542117937,400.0,Fructis,Champô Hidra Bomb Aloe Vera,Embalagem de 400 ml,3.89,9.73,400,L,€/L,,,https://driveimg1.intermarche.com/pt/Content/images/boitmal/produit/zoom/0B39F24315B17E1C33DCF22900D87031.jpg,,,2024-08-28T23:59:59.999999999+01:00,PROSPECTUS,12,2,
28664,8714789135274,,Colgate,Escova dentífrica zig zag suave,2 + 1 un. grátis,2.99,2.99,0,,€/Unidade,,,https://driveimg1.intermarche.com/pt/Content/images/boitmal/produit/zoom/183C712414EE3F9DB21695274506A5F4.jpg,,,2024-08-28T23:59:59.999999999+01:00,PROSPECTUS,12,2,
29126,8001090134257,,Dodot,Toalhitas,4 x 64 un.,3.99,3.99,0,,€/Unidade,,,https://driveimg1.intermarche.com/pt/Content/images/boitmal/produit/zoom/44B6C590F496632C5F8CCC122D95EF42.jpg,,,2024-08-28T23:59:59.999999999+01:00,PROSPECTUS,12,2,
2960,3250391021819,,Domédia,2 lápis hb.,Uma embalagem,0.39,0.39,0,,€/Unidade,,,https://driveimg1.intermarche.com/pt/Content/images/boitmal/produit/zoom/4A3D6CC1D2D5F74DFA421B2051D2CD02.jpg,,,2024-09-18T23:59:59.999999999+01:00,PROSPECTUS,12,2,
29733,5602182210335,750.0,Monte da Ravasqueira,Vinho regional alentejano sauvignon blanc,Garrafa de 0.75 l,4.89,6.52,750,L,€/L,,,https://driveimg1.intermarche.com/pt/Content/images/boitmal/produit/zoom/3BF3B0196B0C47D8A9F716749589EECE.jpg,,,2024-08-28T23:59:59.999999999+01:00,PROSPECTUS,12,2,
29739,8410436324502,1300.0,Sonasol,Lava Tudo Leite de Amêndoa,1.3 l,2.09,1.61,1300,L,€/L,,1000 Artigos,https://driveimg1.intermarche.com/pt/Content/images/boitmal/produit/zoom/980EF1682D4BCBA02BE44F8D63B298B7.jpg,,,2024-09-06T23:59:59.999999999+01:00,PROSPECTUS,12,2,
3069,3250391563791,,Domédia,"Fita adesiva transparente com despensador, 25x19",1 unidade,1.29,1.29,0,,€/Unidade,,,https://driveimg1.intermarche.com/pt/Content/images/boitmal/produit/zoom/72055CC991E57DC7574D0019DAAF0A00.jpg,,,2024-09-18T23:59:59.999999999+01:00,PROSPECTUS,12,2,
31327,5601286260444,500.0,Milaneza,Esparguete integral com aveia,Embalagem de 500g,1.39,2.78,0,kg,€/Kg,,,https://driveimg1.intermarche.com/pt/Content/images/boitmal/produit/zoom/ED109D373D309526BEFD47862BA4E84B.jpg,,,2024-08-28T23:59:59.999999999+01:00,PROSPECTUS,12,2,
32155,4005900547316,150.0,Nivea,Desodorizante Spray Black & White Invisible,150 ml,2.84,18.93,150,L,€/L,,,https://driveimg1.intermarche.com/pt/Content/images/boitmal/produit/zoom/C8CF1F2C1B83EC7C8CE7FE269D9960D3.jpg,,,2024-08-28T23:59:59.999999999+01:00,PROSPECTUS,12,3,
32610,7613036550338,200.0,Buondi,Buondi extreme cafe moido 12x200g,Embalagem de 200g,3.13,15.65,0,kg,€/Kg,,1000 Artigos,https://driveimg1.intermarche.com/pt/Content/images/boitmal/produit/zoom/FEECD25A62D241EF29290C5104BF6142.jpg,,,2024-09-06T23:59:59.999999999+01:00,PROSPECTUS,12,3,
33090,5411188112709,1000.0,Alpro,Bebida Vegetal Amêndoa Sem Açúcar,Embalagem de 1 litro,1.99,1.99,1000,L,€/L,,,https://driveimg1.intermarche.com/pt/Content/images/boitmal/produit/zoom/B38D6D806CDAB94AD756A0104DD1E4F1.jpg,,,2024-08-28T23:59:59.999999999+01:00,PROSPECTUS,12,3,
33123,5601172230551,125.0,Blédina,Bledina bolachinhas 125g,Embalagem de 130g,2.28,18.24,0,kg,€/Kg,,,https://driveimg1.intermarche.com/pt/Content/images/boitmal/produit/zoom/828E5C80E91863B099D4F6D055ABFB4C.jpg,,,2024-08-28T23:59:59.999999999+01:00,PROSPECTUS,12,3,
33536,3600542182485,400.0,Ultra Suave,Champô leite amêndoa,400 ml,3.79,9.48,400,L,€/L,,Produtos Bio,https://driveimg1.intermarche.com/pt/Content/images/boitmal/produit/zoom/F3B1CF4AEFF71FB10FB8C2143F7B79A7.jpg,,,2024-08-28T23:59:59.999999999+01:00,PROSPECTUS,12,3,
33659,3600542182492,400.0,Ultra Suave,Condicionador leite amêndoa,Embalagem de 400 ml,3.79,9.48,400,L,€/L,,Produtos Bio,https://driveimg1.intermarche.com/pt/Content/images/boitmal/produit/zoom/DEAD82467DDC93B6370C614580E5C99E.jpg,,,2024-08-28T23:59:59.999999999+01:00,PROSPECTUS,12,3,
35418,8410436321167,100.0,Sonasol,Bloco sanitário desinfetante eucalipto,Embalagem de 2 x 50 g,2.99,29.9,0,kg,€/Kg,,,https://driveimg1.intermarche.com/pt/Content/images/boitmal/produit/zoom/A918F313F68359F1E7193674B093B10C.jpg,,,2024-08-28T23:59:59.999999999+01:00,PROSPECTUS,12,3,
35631,8410436329545,100.0,Sonasol,Bloco sanitário desinfectante duplo floral,Embalagem de 2 x 50 g,2.99,29.9,0,kg,€/Kg,,,https://driveimg1.intermarche.com/pt/Content/images/boitmal/produit/zoom/4B512DA095664E6F814B383EE3473F2D.jpg,,,2024-08-28T23:59:59.999999999+01:00,PROSPECTUS,12,3,
36186,8715700017006,570.0,Heinz,Ketchup top down,570 g,3.24,5.68,0,kg,€/Kg,,,https://driveimg1.intermarche.com/pt/Content/images/boitmal/produit/zoom/2F0051DF72DD89785E2C6DCA29709EEB.jpg,,,2024-08-28T23:59:59.999999999+01:00,PROSPECTUS,12,3,
36188,0000087157635,342.0,Heinz,Ketchup squeeze,342 g,2.43,7.11,0,kg,€/Kg,,,https://driveimg1.intermarche.com/pt/Content/images/boitmal/produit/zoom/EE52B25D49D994FEB41D538040399913.jpg,,,2024-08-28T23:59:59.999999999+01:00,PROSPECTUS,12,3,
37045,5601217132659,500.0,Cillitbang,"Spray bolor e sujidade, garrafa de 500 ml",,2.49,4.98,500,L,€/L,,1000 Artigos,https://driveimg1.intermarche.com/pt/Content/images/boitmal/produit/zoom/2A51671BCEA4544BF377B06769DE1169.jpg,,,2024-09-06T23:59:59.999999999+01:00,PROSPECTUS,12,3,
372,8711200532391,260.0,Calvé,Molho Big Burguer,Embalagem de 260g,1.94,7.46,0,kg,€/Kg,,,https://driveimg1.intermarche.com/pt/Content/images/boitmal/produit/zoom/A750CF91D157F1A24339167BD14309C2.jpg,https://driveimg1.intermarche.com/pt/Content/images/boitmal/produit/zoom/122719564EBC4BB4D52F039A6C0EDAF1.jpg,,2024-08-28T23:59:59.999999999+01:00,PROSPECTUS,12,3,
37371,5604260291304,1980.0,Kings Bräu,Sidra,Pack 6 x 0.33 l,3.99,2.02,1980,L,€/L,,,https://driveimg1.intermarche.com/pt/Content/images/boitmal/produit/zoom/B0ADC2638A264D15D2017BFF43E43309.jpg,,,2024-08-28T23:59:59.999999999+01:00,PROSPECTUS,12,3,
37989,8410063071206,1000.0,Pescanova,Tiras do mar,Embalagem de 1 kg,7.49,7.49,0,kg,€/Kg,,Tipo de stockagem,https://driveimg1.intermarche.com/pt/Content/images/boitmal/produit/zoom/97461D5C2795A31BF48BD88908FC2105.jpg,,,2024-08-28T23:59:59.999999999+01:00,PROSPECTUS,12,3,
37990,8410063036175,1000.0,Pescanova,Caprichos do mar sem glúten,Embalagem de 1 kg,5.99,5.99,0,kg,€/Kg,,Tipo de stockagem,https://driveimg1.intermarche.com/pt/Content/images/boitmal/produit/zoom/C821049F2FB4EBE63582B0B82BB259C5.jpg,,,2024-08-28T23:59:59.999999999+01:00,PROSPECTUS,12,3,
40233,8718951078994,,Colgate,Escova de Dentes Manual Kids,Embalagem de 2 unidades,2.59,2.59,2,,€/Unidade,,,https://driveimg1.intermarche.com/pt/Content/images/boitmal/produit/zoom/EC595AC4DBD69869C960A690306EC781.jpg,,,2024-08-28T23:59:59.999999999+01:00,PROSPECTUS,12,3,
4110,3250393073519,2500.0,Kings Bräu,Panaché,"Embalagem de 10x0,25 l",3.39,1.36,2500,L,€/L,,,https://driveimg1.intermarche.com/pt/Content/images/boitmal/produit/zoom/3577F9C513F9B4EC2D2C843B989BE43F.jpg,,,2024-08-28T23:59:59.999999999+01:00,PROSPECTUS,12,3,
41289,8718951312319,75.0,Colgate,Pasta de Dentes Sensation White,75 ml,2.0,26.67,75,L,€/L,,,https://driveimg1.intermarche.com/pt/Content/images/boitmal/produit/zoom/358FEF110BB9541142057951A6E7B896.jpg,,,2024-08-28T23:59:59.999999999+01:00,PROSPECTUS,12,3,
41341,8711327391475,270.0,Olá,Gelado magnum salted caramel & glazed almonds,Embalagem de 3 x 90 ml,3.29,12.19,270,L,€/L,,Tipo de stockagem,https://driveimg1.intermarche.com/pt/Content/images/boitmal/produit/zoom/584EE4A4EE1BDD1E470C1DA40C6359E1.jpg,,,2024-08-28T23:59:59.999999999+01:00,PROSPECTUS,12,3,
41874,8718951313316,75.0,Colgate,Pasta Dentífrica Cool Mint,75 ml,2.16,28.8,75,L,€/L,,,https://driveimg1.intermarche.com/pt/Content/images/boitmal/produit/zoom/95E99633062C9804102696C315945CDF.jpg,,,2024-08-28T23:59:59.999999999+01:00,PROSPECTUS,12,3,
42019,5604260306398,500.0,PorSi,"Iogurte tipo grego maracujá,  4 x 125 g",,1.68,3.36,0,kg,€/Kg,,1000 Artigos,https://driveimg1.intermarche.com/pt/Content/images/boitmal/produit/zoom/0161BD1FBB39AF016EB0BBE025FEDDC9.jpg,,,2024-09-06T23:59:59.999999999+01:00,PROSPECTUS,12,3,
4315,3600540542861,400.0,Garnier,Champô de abacate & karité,Embalagem de 400 ml,3.79,9.48,400,L,€/L,,1000 Artigos,https://driveimg1.intermarche.com/pt/Content/images/boitmal/produit/zoom/E826DE4F268362A3E1B1E27463FF1F1A.jpg,,,2024-08-28T23:59:59.999999999+01:00,PROSPECTUS,12,3,
44318,2893254000000,2000.0,Peixaria,Tamboril,Vendido ao peso,23.98,11.99,0,,€/Kg,,,https://driveimg1.intermarche.com/pt/Content/images/boitmal/produit/zoom/779A2AA54DB1730CAED33CD59B87F3EC.jpg,,,2024-08-28T23:59:59.999999999+01:00,PROSPECTUS,12,3,
44370,5010394001939,270.0,Pedigree,Snack para cão dentastix fresh grande,Embalagem de 270 g,3.45,12.78,0,kg,€/Kg,,,https://driveimg1.intermarche.com/pt/Content/images/boitmal/produit/zoom/B073453CC07E667D996E0A3A2573D383.jpg,,,2024-08-28T23:59:59.999999999+01:00,PROSPECTUS,12,3,
44389,8410001134925,,Scotch-Brite,Esfregão com Esponja Fibra Verde Gama Classic,Embalagem de 1 unidades,1.0,1.0,1,,€/Unidade,,,https://driveimg1.intermarche.com/pt/Content/images/boitmal/produit/zoom/4B6C5529FF177F3DF11EAD6B51EEDBFA.jpg,,,2024-08-28T23:59:59.999999999+01:00,PROSPECTUS,12,3,
44809,7613035593756,1000.0,Nesquik,Achocolatado em saco,Embalagem de 1 kg,5.59,5.59,0,kg,€/Kg,,,https://driveimg1.intermarche.com/pt/Content/images/boitmal/produit/zoom/7A82F6A4FFDD5A747845650B2714ACA6.jpg,,,2024-08-28T23:59:59.999999999+01:00,PROSPECTUS,12,3,
45065,3086123499133,,Bic,Lápis de cor kids,24 unidades,3.99,3.99,0,,€/Unidade,,,https://driveimg1.intermarche.com/pt/Content/images/boitmal/produit/zoom/2EC5BA06FA9976DCD379CD300DB76424.jpg,,,2024-09-18T23:59:59.999999999+01:00,PROSPECTUS,12,3,
46128,3083681137811,450.0,Bonduelle,Milho sem resíduos de pesticidas,Embalagem de 450g,2.59,5.76,0,kg,€/Kg,,,https://driveimg1.intermarche.com/pt/Content/images/boitmal/produit/zoom/E6D97A8B55ABFCA716FA2F870A17E271.jpg,,,2024-08-28T23:59:59.999999999+01:00,PROSPECTUS,12,3,
46931,8006540026588,1015.0,Fairy,Detergente Liquido P/ Lavar Loiça Ultra Poder Limão,Embalagem de 1015 ml,4.99,4.92,1015,L,€/L,,,https://driveimg1.intermarche.com/pt/Content/images/boitmal/produit/zoom/F643615D2522C79BBB74E49417EB20CC.jpg,,,2024-08-28T23:59:59.999999999+01:00,PROSPECTUS,12,3,
47110,7613287218766,110.0,Nestlé,Bolsitas de puré de multifrutas,Embalagem de 110g,0.84,7.64,0,kg,€/Kg,,,https://driveimg1.intermarche.com/pt/Content/images/boitmal/produit/zoom/6D82A987C9C6908002E3D5AFC9ADDDBF.jpg,,,2024-08-28T23:59:59.999999999+01:00,PROSPECTUS,12,3,
48246,8718951465848,75.0,Colgate,Pasta de Dentes Branqueadora,Embalagem de 75 ml,1.99,26.53,75,L,€/L,,,https://driveimg1.intermarche.com/pt/Content/images/boitmal/produit/zoom/2547C946AEFC081BD73394BED3137189.jpg,,,2024-08-28T23:59:59.999999999+01:00,PROSPECTUS,12,3,
48778,8711000360835,104.0,L'or,20 Cápsulas Café Ristretto,Embalagem de 104g,6.69,64.33,0,kg,€/Kg,,,https://driveimg1.intermarche.com/pt/Content/images/boitmal/produit/zoom/026903BC2DDBC0227A53DF6CCDE3A3F3.jpg,,,2024-08-28T23:59:59.999999999+01:00,PROSPECTUS,12,3,
49258,8718951476271,75.0,Colgate,Pasta de Dentes Gengivas Limpeza Interdentária,Embalagem de 75 ml,3.24,43.2,75,L,€/L,,,https://driveimg1.intermarche.com/pt/Content/images/boitmal/produit/zoom/E7FF1C0096CE044713C2591A9F09FD0E.jpg,,,2024-08-28T23:59:59.999999999+01:00,PROSPECTUS,12,3,
49725,5010867204928,750.0,Altano,Vinho Branco do Douro,Garrafa de 750 ml,3.99,5.32,750,L,€/L,,,https://driveimg1.intermarche.com/pt/Content/images/boitmal/produit/zoom/D52D08361D780B30787F537D848FFE06.jpg,,,2024-08-28T23:59:59.999999999+01:00,PROSPECTUS,12,3,
50020,8719200231832,225.0,Pro-activ,Creme Vegetal para Barrar,Embalagem de 225g,2.79,12.4,0,kg,€/Kg,,Produtos Bio,https://driveimg1.intermarche.com/pt/Content/images/boitmal/produit/zoom/E48C02A75483F77620852FF97B5C7EEB.jpg,,,2024-08-28T23:59:59.999999999+01:00,PROSPECTUS,12,3,
50194,3154144642101,,Maped,Tesoura Essentials,13 cm,0.99,0.99,0,,€/Unidade,,,https://driveimg1.intermarche.com/pt/Content/images/boitmal/produit/zoom/C926AEDDCAEF5F5340D20D93F34262B5.jpg,,,2024-09-18T23:59:59.999999999+01:00,PROSPECTUS,12,3,
50450,8710522729755,51.0,Knorr,Potato Pot Bacon e Cebola,Embalagem de 51g,1.49,29.22,0,kg,€/Kg,,,https://driveimg1.intermarche.com/pt/Content/images/boitmal/produit/zoom/25207F6FBC49924E12611BD2533EDFBB.jpg,,,2024-08-28T23:59:59.999999999+01:00,PROSPECTUS,12,3,
5095,5601050026405,300.0,Danone,"Queijinho dadoninho petitdino de morango,  6 x 50 g",,1.99,6.63,0,kg,€/Kg,,1000 Artigos,https://driveimg1.intermarche.com/pt/Content/images/boitmal/produit/zoom/A996A3A25DAAE4625EF7D6D51278644F.jpg,,,2024-08-28T23:59:59.999999999+01:00,PROSPECTUS,12,3,
51113,8720181262784,500.0,Cif,"Limpa Casa Banho Spray Higiene c/ Lixívia, 500 ml",,1.99,3.98,500,L,€/L,,,https://driveimg1.intermarche.com/pt/Content/images/boitmal/produit/zoom/269947C1E7ED82654B4A41635C3A67E7.jpg,,,2024-08-28T23:59:59.999999999+01:00,PROSPECTUS,12,3,
51184,7322540671391,,Colhogar,"Papel Higiénico 3 Folhas Protect Rosa, 12 rolos",,5.96,5.96,0,,€/Unidade,,,https://driveimg1.intermarche.com/pt/Content/images/boitmal/produit/zoom/BC1531C919142A4603972A46617C7C03.jpg,https://driveimg1.intermarche.com/pt/Content/images/boitmal/produit/zoom/7B4B406F13A97F9AB0B8D30B52E4FD6E.jpg,https://driveimg1.intermarche.com/pt/Content/images/boitmal/produit/zoom/CB9378758C91DF5315C3626B83667064.jpg,2024-08-28T23:59:59.999999999+01:00,PROSPECTUS,12,3,https://driveimg1.intermarche.com/pt/Content/images/boitmal/produit/zoom/961A5CD83FE2ECDDD9A0F020A5B4ADD1.jpg
51311,8410500028435,250.0,Yopro,"Yopro danone beber chocolate,  250 ml",,1.49,5.96,250,L,€/L,,,https://driveimg1.intermarche.com/pt/Content/images/boitmal/produit/zoom/49B55508D1BA9E357A7842002A535DF6.jpg,,,2024-08-28T23:59:59.999999999+01:00,PROSPECTUS,12,3,
51608,8006540830918,820.0,Fairy,Detergente Líquido p/ Lavar Loiça Limão,Embalagem de 820 ml,3.99,4.87,820,L,€/L,,,https://driveimg1.intermarche.com/pt/Content/images/boitmal/produit/zoom/EDD75E1F920483183B5B596FDD6DA991.jpg,,,2024-08-28T23:59:59.999999999+01:00,PROSPECTUS,12,3,
51751,8720181338502,435.0,Cif,"Spray remove bolores, 435 ml",,2.49,5.72,435,L,€/L,,,https://driveimg1.intermarche.com/pt/Content/images/boitmal/produit/zoom/380C503403FDBF9BBCD37132FDE8F56E.jpg,,,2024-08-28T23:59:59.999999999+01:00,PROSPECTUS,12,3,
51753,8410001134970,,Scotch-Brite,Esfregão Fibra com Esponja Não Risca Azul,2 unidades,1.49,1.49,0,,€/Unidade,,,https://driveimg1.intermarche.com/pt/Content/images/boitmal/produit/zoom/17B7BD0BF64A4937E79D0D90E34B9B20.jpg,,,2024-08-28T23:59:59.999999999+01:00,PROSPECTUS,12,3,
51912,3073781193060,125.0,A Vaca Que Ri,"Queijo fundido, 125g",,1.69,13.52,0,kg,€/Kg,,,https://driveimg1.intermarche.com/pt/Content/images/boitmal/produit/zoom/52EED388D17247E1C298DD87B42A4B0B.jpg,,,2024-08-28T23:59:59.999999999+01:00,PROSPECTUS,12,3,
52024,8711327580343,330.0,Magnum,Gelados Magnum Mini Double Sunlover,Embalagem de 330 ml,3.49,10.58,330,L,€/L,,Tipo de stockagem,https://driveimg1.intermarche.com/pt/Content/images/boitmal/produit/zoom/F61A47F732877DB537DD925F0A61B39B.jpg,,,2024-08-28T23:59:59.999999999+01:00,PROSPECTUS,12,3,
52043,8445290681416,150.0,Nescafé,"Cafe Solúvel Classico Refill, 150g",,4.19,27.93,0,kg,€/Kg,,,https://driveimg1.intermarche.com/pt/Content/images/boitmal/produit/zoom/71759BAD7FCC8E73F25C61D6A4E86F51.jpg,,,2024-08-28T23:59:59.999999999+01:00,PROSPECTUS,12,3,
52359,5604260329953,450.0,PorSi,Pão de Forma Sem Côdea,Embalagem de 450g,1.39,3.09,0,kg,€/Kg,,1000 Artigos,https://driveimg1.intermarche.com/pt/Content/images/boitmal/produit/zoom/B871C8D4C5F408A90AC97D73DF5EC84B.jpg,,,2024-09-06T23:59:59.999999999+01:00,PROSPECTUS,12,3,
524,3179140173923,20.0,Vahine,Fermento de padeiro,Embalagem de 20g,1.34,67.0,0,kg,€/Kg,,,https://driveimg1.intermarche.com/pt/Content/images/boitmal/produit/zoom/7A5BF7795029DBC2A125370808F4EE40.jpg,,,2024-08-28T23:59:59.999999999+01:00,PROSPECTUS,12,3,
52435,3086123329249,,Bic,Canetas Feltro de Colorir Kids,18 Unidades,3.49,3.49,0,,€/Unidade,,,https://driveimg1.intermarche.com/pt/Content/images/boitmal/produit/zoom/63DCC6B9AE9D498F0604CEEAC2602349.jpg,,,2024-09-18T23:59:59.999999999+01:00,PROSPECTUS,12,3,
52597,5601217137692,,Xau,"Detergente Máquina Roupa Líquido Primavera, 69 doses",,8.99,8.99,0,,€/Unidade,,1000 Artigos,https://driveimg1.intermarche.com/pt/Content/images/boitmal/produit/zoom/A8915C503274138B56F6F6F4AD27881F.jpg,,,2024-09-06T23:59:59.999999999+01:00,PROSPECTUS,12,3,
52600,5601217137951,1710.0,Quanto,"Amaciador Roupa Concentrado Ouro e Orquídea Branca, 95 doses",,3.99,2.33,1710,L,€/L,,1000 Artigos,https://driveimg1.intermarche.com/pt/Content/images/boitmal/produit/zoom/A89E9019D654EFABC7388FF37B1BF310.jpg,,,2024-09-06T23:59:59.999999999+01:00,PROSPECTUS,12,3,
5272,5601164902312,4800.0,Super Bock,Cerveja Mini,pack 24 x 0.20 l ,9.99,2.08,4800,L,€/L,,1000 Artigos,https://driveimg1.intermarche.com/pt/Content/images/boitmal/produit/zoom/2912E3195E8AA342B174CBFEDFDDDFEF.jpg,https://driveimg1.intermarche.com/pt/Content/images/boitmal/produit/zoom/C2C2858ADC421F33AF17C6115D108100.jpg,,2024-09-06T23:59:59.999999999+01:00,PROSPECTUS,12,3,
52876,5601050038156,320.0,Yopro,"Iogurte Stracciatella,  2 x 160g",,1.79,5.59,0,kg,€/Kg,,,https://driveimg1.intermarche.com/pt/Content/images/boitmal/produit/zoom/5963BD8DCD2E4AE582B4E6F05EC7A0D8.jpg,,,2024-08-28T23:59:59.999999999+01:00,PROSPECTUS,12,3,
52902,5601217137708,3180.0,Xau,"Detergente Líquido Máquina de Roupa Gel Ativo, 69 doses",,8.99,2.83,3180,L,€/L,,1000 Artigos,https://driveimg1.intermarche.com/pt/Content/images/boitmal/produit/zoom/E0EA6D0C56A717E075A5E4DB2C7A794E.jpg,,,2024-09-06T23:59:59.999999999+01:00,PROSPECTUS,12,3,
53024,8720182589569,280.0,Calvé,"Molho Agridoce, 280g",,1.94,6.93,0,kg,€/Kg,,,https://driveimg1.intermarche.com/pt/Content/images/boitmal/produit/zoom/7ADC1EF520237C467C08598D71586602.jpg,,,2024-08-28T23:59:59.999999999+01:00,PROSPECTUS,12,3,
53051,3083681145816,375.0,Bonduelle,"Beringelas à Mediterrânea, 375g",,2.9,7.73,0,kg,€/Kg,,,https://driveimg1.intermarche.com/pt/Content/images/boitmal/produit/zoom/11148A97C4993E08A39ACDE3F67837A8.jpg,,,2024-08-28T23:59:59.999999999+01:00,PROSPECTUS,12,3,
53259,3083681145786,375.0,Bonduelle,"Ratatouille, 375g",,2.9,7.73,0,kg,€/Kg,,,https://driveimg1.intermarche.com/pt/Content/images/boitmal/produit/zoom/A45336FE86F03A96153F37DD4CA07785.jpg,,,2024-08-28T23:59:59.999999999+01:00,PROSPECTUS,12,3,
53578,8435495836452,,A+,"Detergente Máquina Roupa Cápsulas Optimal, 38 unidades",,8.99,8.99,38,,€/Unidade,,1000 Artigos,https://driveimg1.intermarche.com/pt/Content/images/boitmal/produit/zoom/A152C9C75F49F8FB49CA4BA0395A8F08.jpg,,,2024-09-06T23:59:59.999999999+01:00,PROSPECTUS,12,3,
5373,5601239001445,750.0,Bucellas,Vinho Branco DOC Caves Velhas,Garrafa de 0.75 l,4.49,5.99,750,L,€/L,,,https://driveimg1.intermarche.com/pt/Content/images/boitmal/produit/zoom/B6D4F87175995A6D7729766483BC7700.jpg,,,2024-08-28T23:59:59.999999999+01:00,PROSPECTUS,12,3,
5403,5601286211781,500.0,Milaneza,Massa linguine,Embalagem de 500g,1.25,2.5,0,kg,€/Kg,,,https://driveimg1.intermarche.com/pt/Content/images/boitmal/produit/zoom/704F39F2EDF7458BC2C5C5750B9A7F1C.jpg,,,2024-08-28T23:59:59.999999999+01:00,PROSPECTUS,12,3,
5632,5602445000536,750.0,Encosta das Perdizes,Vinho regional alentejano tinto,Garrafa de 750 ml,2.69,3.59,750,L,€/L,,1000 Artigos,https://driveimg1.intermarche.com/pt/Content/images/boitmal/produit/zoom/3071A928CC77370088593218C9A3FE4D.jpg,,,2024-09-06T23:59:59.999999999+01:00,PROSPECTUS,12,3,
6286,8434165489806,250.0,Cuétara,Bolachas Choco Flakes Callejeros,Embalagem de 250 g,2.14,8.56,0,kg,€/Kg,,,https://driveimg1.intermarche.com/pt/Content/images/boitmal/produit/zoom/8D3F814F0E5201AFE99AB079B098B253.jpg,,,2024-08-28T23:59:59.999999999+01:00,PROSPECTUS,12,3,
6401,8410376000146,800.0,Gullón,Bolachas tostadas,Embalagem de 4x200 g,2.49,3.11,0,kg,€/Kg,,,https://driveimg1.intermarche.com/pt/Content/images/boitmal/produit/zoom/475D7F42793FFAC0C5DF2535E8AEECAB.jpg,,,2024-08-28T23:59:59.999999999+01:00,PROSPECTUS,12,3,
6818,8712566118625,390.0,Olá,Gelado supermaxi,Embalagem de 6 x 65 ml,3.09,7.92,390,L,€/L,,1000 Artigos,https://driveimg1.intermarche.com/pt/Content/images/boitmal/produit/zoom/EDD74C84414985483D339FDE915214FB.jpg,https://driveimg1.intermarche.com/pt/Content/images/boitmal/produit/zoom/C78EEEF4719F48D1D9E8F75D0F700815.jpg,https://driveimg1.intermarche.com/pt/Content/images/boitmal/produit/zoom/C78EEEF4719F48D1D9E8F75D0F700815.jpg,2024-09-06T23:59:59.999999999+01:00,PROSPECTUS,12,3,
7550,3600541550087,400.0,Ultra Suave,Champô tesouros de mel,Embalagem de 400 ml,3.79,9.48,400,L,€/L,,1000 Artigos,https://driveimg1.intermarche.com/pt/Content/images/boitmal/produit/zoom/E6566E0DAE3A76CF422C4F3C02B07F81.jpg,,,2024-08-28T23:59:59.999999999+01:00,PROSPECTUS,12,3,
828,5000157073006,150.0,Heinz,Molho de soja,Garrafa de 150 ml,2.64,17.6,150,L,€/L,,,https://driveimg1.intermarche.com/pt/Content/images/boitmal/produit/zoom/07CA95A6056AF3D3F6F02C6C71A8DC3C.jpg,,,2024-08-28T23:59:59.999999999+01:00,PROSPECTUS,12,3,
8298,5601018003509,1000.0,Gresso,Leite Uht Magro,Embalagem de 1L,0.84,0.84,1000,L,€/L,,1000 Artigos,https://driveimg1.intermarche.com/pt/Content/images/boitmal/produit/zoom/B51AE967A72C24BED3E4BABD9F341EF7.jpg,,,2024-09-06T23:59:59.999999999+01:00,PROSPECTUS,12,3,
8370,5601045000199,1980.0,Sumol,"Refrigerante com gás, ananás, lata",pack 6 x 0.33 l,3.69,1.86,1980,L,€/L,,,https://driveimg1.intermarche.com/pt/Content/images/boitmal/produit/zoom/51CF2ED46F0C992C340E496FA4A730B3.jpg,,,2024-08-28T23:59:59.999999999+01:00,PROSPECTUS,12,3,
8400,5601050033779,620.0,Danone,"Iogurte activia líquido cereais,  4 x 155 g",,1.99,3.21,0,kg,€/Kg,,1000 Artigos,https://driveimg1.intermarche.com/pt/Content/images/boitmal/produit/zoom/3AC3707CF655B8CC61D2C80E4828D7C8.jpg,,,2024-08-28T23:59:59.999999999+01:00,PROSPECTUS,12,3,
8658,5601163101716,3000.0,Luso,Água sem gás,pack 6 x 0.5 l,2.59,0.86,3000,L,€/L,,,https://driveimg1.intermarche.com/pt/Content/images/boitmal/produit/zoom/7DE0FF5737733513F14135E2CA47ED18.jpg,,,2024-08-28T23:59:59.999999999+01:00,PROSPECTUS,12,3,
8672,5601164902589,5000.0,Super Bock,Cerveja Mini,Pack 20 x 25 cl,9.99,2.0,5000,L,€/L,,1000 Artigos,https://driveimg1.intermarche.com/pt/Content/images/boitmal/produit/zoom/FD142F0CD2C15C33B72ED63E577444D5.jpg,,,2024-09-06T23:59:59.999999999+01:00,PROSPECTUS,12,3,
871,5014328080892,30.0,Tetley,Infusão de cidreira,"Embalagem de 20 unidades, 30 g",1.45,48.33,0,kg,€/Kg,,,https://driveimg1.intermarche.com/pt/Content/images/boitmal/produit/zoom/6A10216F1C303558132F04FBD5C4B7ED.jpg,,,2024-08-28T23:59:59.999999999+01:00,PROSPECTUS,12,3,
8914,5601356013918,750.0,Porta da Ravessa,Vinho regional alentejano reserva tinto,Garrafa de 0.75 l,2.99,3.99,750,L,€/L,,,https://driveimg1.intermarche.com/pt/Content/images/boitmal/produit/zoom/5A0F16E858B5305FC120D1A2BF434A2F.jpg,,,2024-08-28T23:59:59.999999999+01:00,PROSPECTUS,12,3,
8915,5601356013925,750.0,Porta da Ravessa,Vinho doc alentejo reseva branco,Garrafa de 0.75 l,2.99,3.99,750,L,€/L,,,https://driveimg1.intermarche.com/pt/Content/images/boitmal/produit/zoom/11D5FD31BE53576219787F9D101E8F85.jpg,,,2024-08-28T23:59:59.999999999+01:00,PROSPECTUS,12,3,
8994,5601511000012,200.0,Limiano,"Queijo flamengo, fatias",Embalagem de 200g,2.19,10.95,0,kg,€/Kg,,1000 Artigos,https://driveimg1.intermarche.com/pt/Content/images/boitmal/produit/zoom/86AD0748081C379158BF2EE3F6F67244.jpg,,,2024-08-28T23:59:59.999999999+01:00,PROSPECTUS,12,3,
8996,5601511000357,200.0,Limiano,"Queijo em fatias -50% gordura, 200g",,2.29,11.45,0,kg,€/Kg,,1000 Artigos,https://driveimg1.intermarche.com/pt/Content/images/boitmal/produit/zoom/A6B93C0CB6D9BBBEB1609EFDC3F10F68.jpg,,,2024-08-28T23:59:59.999999999+01:00,PROSPECTUS,12,3,
9111,5601989001412,750.0,Monte Velho,Vinho regional alentejano tinto,Garrafa de 0.75 l,3.79,5.05,750,L,€/L,,1000 Artigos,https://driveimg1.intermarche.com/pt/Content/images/boitmal/produit/zoom/71C75E8C8338510892305D4318796B26.jpg,,,2024-09-06T23:59:59.999999999+01:00,PROSPECTUS,12,3,
9184,5602348062754,70.0,Damatta,Presunto sabor português fatiado,Embalagem de 70 g,2.29,32.71,0,kg,€/Kg,,,https://driveimg1.intermarche.com/pt/Content/images/boitmal/produit/zoom/0A14ED361A0023E1AFBFC3FC3C5833B1.jpg,,,2024-08-28T23:59:59.999999999+01:00,PROSPECTUS,12,3,
939,5601001315107,200.0,Nestlé,Mistura solúvel tofina despertar,Embalagem de 200g,2.84,14.2,0,kg,€/Kg,,1000 Artigos,https://driveimg1.intermarche.com/pt/Content/images/boitmal/produit/zoom/5CE6D55625AEDC805A15D1C134965D0D.jpg,,,2024-09-06T23:59:59.999999999+01:00,PROSPECTUS,12,3,
974,5601024105051,3000.0,Fula,Óleo alimentar,Embalagem 3L,5.85,1.95,3000,L,€/L,,1000 Artigos,https://driveimg1.intermarche.com/pt/Content/images/boitmal/produit/zoom/E8988831656F5EAF04A94786E82867B7.jpg,,,2024-09-06T23:59:59.999999999+01:00,PROSPECTUS,12,3,
9891,7613032649647,130.0,Lion,Snack de chocolate,Embalagem de 130g,2.39,18.38,0,kg,€/Kg,,,https://driveimg1.intermarche.com/pt/Content/images/boitmal/produit/zoom/81D17A4FA4D6E98C4DA6029A37B9FCCD.jpg,,,2024-08-28T23:59:59.999999999+01:00,PROSPECTUS,12,3,
9913,7622300118945,30.0,Tang,"Refresco em pó, ananás",Embalagem de 30g,0.87,29.0,0,kg,€/Kg,,,https://driveimg1.intermarche.com/pt/Content/images/boitmal/produit/zoom/8FD16408E776EC436D9EFD86A0FE2770.jpg,,,2024-08-28T23:59:59.999999999+01:00,PROSPECTUS,12,3,
994,5601038001400,240.0,Knorr,Caldo de carne 24 cubos,Embalagem de 240g,2.49,10.38,0,kg,€/Kg,,1000 Artigos,https://driveimg1.intermarche.com/pt/Content/images/boitmal/produit/zoom/68A4423296DD6413C068AA54F117A922.jpg,,,2024-09-06T23:59:59.999999999+01:00,PROSPECTUS,12,3,
8297,5601018003301,1000.0,Gresso,Leite UHT Meio Gordo,Embalagem de 1 l,0.84,0.84,1000,L,€/L,,1000 Artigos,https://driveimg1.intermarche.com/pt/Content/images/boitmal/produit/zoom/4BE346516D832B4DE190D02D1FD5CF49.jpg,,,2024-09-06T23:59:59.999999999+01:00,PROSPECTUS,12,3,
5522,5601692071429,1000.0,Bom sucesso,Arroz carolino,Embalagem de 1 kg,1.49,1.49,0,kg,€/Kg,,,https://driveimg1.intermarche.com/pt/Content/images/boitmal/produit/zoom/DB1736313D8501082E1A679F43901D59.jpg,,,2024-08-28T23:59:59.999999999+01:00,PROSPECTUS,12,3,
36667,5604260294374,1000.0,PorSi,Arroz Agulha América do Sul,Embalagem de 1 kg,1.45,1.45,0,kg,€/Kg,,1000 Artigos,https://driveimg1.intermarche.com/pt/Content/images/boitmal/produit/zoom/3176FBF6289F7C552A43A4A40781BEBD.jpg,,,2024-09-06T23:59:59.999999999+01:00,PROSPECTUS,12,3,
8434,5601050033731,620.0,Danone,"Iogurte activia líquido 0% lima/limão,  4 x 155 g",,1.99,3.21,0,kg,€/Kg,,1000 Artigos,https://driveimg1.intermarche.com/pt/Content/images/boitmal/produit/zoom/E8DD28A0F1244F3320993F3917832E4F.jpg,,,2024-08-28T23:59:59.999999999+01:00,PROSPECTUS,12,3,
23469,8410500020453,280.0,Danonino Danone,"Danonino para levar, polpa de morango,  4 x 70 g",,2.14,7.64,0,kg,€/Kg,,1000 Artigos,https://driveimg1.intermarche.com/pt/Content/images/boitmal/produit/zoom/BCB8B07B4A9632B9CA3C8436CD26979D.jpg,,,2024-08-28T23:59:59.999999999+01:00,PROSPECTUS,12,3,
1226,5601146001507,1500.0,Joi,Refrigerante sem gás de manga/laran,"Garrafa de 1,5 l",1.39,0.93,1500,L,€/L,,1000 Artigos,https://driveimg1.intermarche.com/pt/Content/images/boitmal/produit/zoom/1A97DFBCD44C528D834B0680C492C91A.jpg,,,2024-09-06T23:59:59.999999999+01:00,PROSPECTUS,12,3,
24415,8410436299961,1300.0,Sonasol,Lava tudo lavanda,"Embalagem de 1,3L",2.09,1.61,1300,L,€/L,,1000 Artigos,https://driveimg1.intermarche.com/pt/Content/images/boitmal/produit/zoom/4C901B46EE167F7ABAA5D085E91578A1.jpg,,,2024-09-06T23:59:59.999999999+01:00,PROSPECTUS,12,3,
15879,5601164902282,3000.0,Super Bock,Cerveja Mini,Pack 15 x 0.20 L,6.99,2.33,3000,L,€/L,,1000 Artigos,https://driveimg1.intermarche.com/pt/Content/images/boitmal/produit/zoom/B6A4FA8F12716114DD47B614825CAA6B.jpg,,,2024-09-06T23:59:59.999999999+01:00,PROSPECTUS,12,3,
2466,7613032142599,500.0,Cerelac,Farinha láctea cerelac,Embalagem de 500g,3.74,7.48,0,kg,€/Kg,,,https://driveimg1.intermarche.com/pt/Content/images/boitmal/produit/zoom/FAE48F9FC8C51C77AD6C82F23613A30C.jpg,,,2024-08-28T23:59:59.999999999+01:00,PROSPECTUS,12,3,
40720,5604260302932,100.0,PorSi,Comida húmida para gato de salmão,Embalagem de 100 g,0.39,3.9,0,kg,€/Kg,,1000 Artigos,https://driveimg1.intermarche.com/pt/Content/images/boitmal/produit/zoom/88EA7A67DAFF9DCC6E4F972325624EE8.jpg,,,2024-09-06T23:59:59.999999999+01:00,PROSPECTUS,12,3,
44240,8410500010539,1200.0,Actimel Danone,"Actimel Kids, 12 x 100 g",,4.79,3.99,0,kg,€/Kg,,,https://driveimg1.intermarche.com/pt/Content/images/boitmal/produit/zoom/30A5D0ACB9ED08A0E0975059507175B8.jpg,,,2024-08-28T23:59:59.999999999+01:00,PROSPECTUS,12,3,
24380,8434165444881,500.0,Cuétara,Choco flakes,Embalagem de 500g,3.99,7.98,0,kg,€/Kg,,,https://driveimg1.intermarche.com/pt/Content/images/boitmal/produit/zoom/814A8D94DF7ABBAD4F569772D5A66708.jpg,,,2024-08-28T23:59:59.999999999+01:00,PROSPECTUS,12,3,
49475,5601146570027,3750.0,Sagres,Cerveja Mini,pack 15 x 25 cl,7.49,2.0,3750,L,€/L,,1000 Artigos,https://driveimg1.intermarche.com/pt/Content/images/boitmal/produit/zoom/2A9CDD69C05CD0571DDBA8FAB1D27E24.jpg,,,2024-08-28T23:59:59.999999999+01:00,PROSPECTUS,12,3,
49479,5601151969465,1750.0,Sumol,Refrigerante com Gás Laranja Sem Açúcar,Garrafa de 1.75 l,1.39,0.79,1750,L,€/L,,1000 Artigos,https://driveimg1.intermarche.com/pt/Content/images/boitmal/produit/zoom/B1A5F916FFA77C7E7F9A1CB0E85C459E.jpg,,,2024-09-06T23:59:59.999999999+01:00,PROSPECTUS,12,3,
42700,5604260307258,100.0,PorSi,Alimento húmido para gato rico em vaca,Embalagem de 100g,0.39,3.9,0,kg,€/Kg,,1000 Artigos,https://driveimg1.intermarche.com/pt/Content/images/boitmal/produit/zoom/86C5215ABEA4EECD5FC00FA709991B35.jpg,,,2024-09-06T23:59:59.999999999+01:00,PROSPECTUS,12,3,
2520,7613033822827,250.0,Nestum,Nestum flocos de cereais integrais,Embalagem de 250g,2.14,8.56,0,kg,€/Kg,,,https://driveimg1.intermarche.com/pt/Content/images/boitmal/produit/zoom/C34EF83D0967AA6ED013672F2285D0CB.jpg,,,2024-08-28T23:59:59.999999999+01:00,PROSPECTUS,12,3,
944,5601001339301,200.0,Nestlé,Mistura solúvel mokambo,Embalagem de 200g,3.99,19.95,0,kg,€/Kg,,1000 Artigos,https://driveimg1.intermarche.com/pt/Content/images/boitmal/produit/zoom/A8F3A8EB08BBF4181F15A95334F151A2.jpg,,,2024-09-06T23:59:59.999999999+01:00,PROSPECTUS,12,4,
13602,2893597000000,500.0,Peixaria,Pescada Média Argentina Congelada,+ de 500 g,2.0,3.99,0,,€/Kg,,Avantages !,https://driveimg1.intermarche.com/pt/Content/images/boitmal/produit/zoom/B4DF1B76ED058CE207B770287335D47B.jpg,,,2024-08-28T23:59:59.999999999+01:00,PROSPECTUS,12,4,
14854,2891117000000,2350.0,PorSi,Pato inteiro com miúdos,1 un = 2.250 kg (aprox.),10.53,4.48,0,,€/Kg,,,https://driveimg1.intermarche.com/pt/Content/images/boitmal/produit/zoom/8590712CC932B136925D5328AF850637.jpg,,,2024-08-28T23:59:59.999999999+01:00,PROSPECTUS,12,4,
25808,8426617002510,100.0,Haribo,Gomas ositos de oro,Embalagem de 100g,1.04,10.4,0,kg,€/Kg,,,https://driveimg1.intermarche.com/pt/Content/images/boitmal/produit/zoom/D25D6900B46F8C2565F09DD42E0CDF4D.jpg,,,2024-08-28T23:59:59.999999999+01:00,PROSPECTUS,12,4,
45431,5601050036893,300.0,Danone,"Yopro líquido manga,  300g",,1.99,6.63,0,kg,€/Kg,,,https://driveimg1.intermarche.com/pt/Content/images/boitmal/produit/zoom/8583A6614D9FCD023E372D07BF1E7B47.jpg,,,2024-08-28T23:59:59.999999999+01:00,PROSPECTUS,12,4,
50033,5601050037593,300.0,Yopro,"Iogurte Liquido Pêssego Maragujá,  300g",,1.99,6.63,0,kg,€/Kg,,,https://driveimg1.intermarche.com/pt/Content/images/boitmal/produit/zoom/8DF1B41264F620D281B0BA1662B0D3D8.jpg,,,2024-08-28T23:59:59.999999999+01:00,PROSPECTUS,12,4,
17900,8001480023277,700.0,Neoblanc,Lixívia Spray Mousse Flor,Embalagem de 700ml,1.99,2.84,700,L,€/L,,,https://driveimg1.intermarche.com/pt/Content/images/boitmal/produit/zoom/FA98D871A88B2DCD779EA51368257E43.jpg,,,2024-08-28T23:59:59.999999999+01:00,PROSPECTUS,12,4,
5093,5601050033755,620.0,Danone,"Iogurte activia líquido 0% morango/kiwi,  4 x 155 g",,1.99,3.21,0,kg,€/Kg,,1000 Artigos,https://driveimg1.intermarche.com/pt/Content/images/boitmal/produit/zoom/29B41AE598716D0550D815AA0FE86025.jpg,,,2024-08-28T23:59:59.999999999+01:00,PROSPECTUS,12,4,
1470,5601286253781,500.0,Milaneza,Massa de macarrão grande estriado,Embalagem de 500g,1.19,2.38,0,kg,€/Kg,,,https://driveimg1.intermarche.com/pt/Content/images/boitmal/produit/zoom/2A5BFFD877EADD2E4A51B78A90E2D632.jpg,,,2024-08-28T23:59:59.999999999+01:00,PROSPECTUS,12,4,
15886,5601027003859,210.0,Manhãzitos,Manhãzitos original,Embalagem 6x2 unidades,2.29,10.9,0,kg,€/Kg,,,https://driveimg1.intermarche.com/pt/Content/images/boitmal/produit/zoom/71329DB5D34C05CB20373BAE1032B91A.jpg,,,2024-08-28T23:59:59.999999999+01:00,PROSPECTUS,12,4,
36527,5604260286492,4000.0,PorSi,Ração seca de peixe para gato adulto,Embalagem de 4 kg,4.99,1.25,0,kg,€/Kg,,1000 Artigos,https://driveimg1.intermarche.com/pt/Content/images/boitmal/produit/zoom/88356AD51D92524DFF3B08AA84A48F7D.jpg,,,2024-09-06T23:59:59.999999999+01:00,PROSPECTUS,12,4,
47109,7613287218704,110.0,Nestlé,Bolsitas de puré de 4 frutas,Embalagem de 110g,0.84,7.64,0,kg,€/Kg,,,https://driveimg1.intermarche.com/pt/Content/images/boitmal/produit/zoom/AAE972318DF3C7B29E7A2F9B4E66DEFB.jpg,,,2024-08-28T23:59:59.999999999+01:00,PROSPECTUS,12,4,
5521,5601692071214,1000.0,Bom sucesso,Arroz agulha,Embalagem de 1 kg,1.34,1.34,0,kg,€/Kg,,,https://driveimg1.intermarche.com/pt/Content/images/boitmal/produit/zoom/67549B74E1964578541F2476DCA87536.jpg,,,2024-08-28T23:59:59.999999999+01:00,PROSPECTUS,12,4,
6361,8410108088886,,Evax,"Pensos diários salva slip, maxi",72 unidades,3.74,3.74,0,,€/Unidade,,,https://driveimg1.intermarche.com/pt/Content/images/boitmal/produit/zoom/04C43DF34CCFC7ECACB2FD78623C223E.jpg,,,2024-08-28T23:59:59.999999999+01:00,PROSPECTUS,12,4,
1165,5601089080638,20.0,Boca Doce,Pudim morango,Embalagem de 20g,0.47,23.5,0,kg,€/Kg,,,https://driveimg1.intermarche.com/pt/Content/images/boitmal/produit/zoom/288A6DAD6E5E135036AEEDCA36F5A498.jpg,,,2024-08-28T23:59:59.999999999+01:00,PROSPECTUS,12,4,
1327,5601164115606,1000.0,Super Bock,Cerveja com álcool,Garrafa de 1 l,1.59,1.59,1000,L,€/L,,1000 Artigos,https://driveimg1.intermarche.com/pt/Content/images/boitmal/produit/zoom/FC11CF1C46007F0CF2F97506679F884C.jpg,,,2024-08-28T23:59:59.999999999+01:00,PROSPECTUS,12,4,
14346,3387390406849,150.0,Nestlé,Barras cereais chocapic,Embalagem de 150g,2.99,19.93,0,kg,€/Kg,,,https://driveimg1.intermarche.com/pt/Content/images/boitmal/produit/zoom/62C7C838E38BFF97731D8D005E4F2D59.jpg,,,2024-08-28T23:59:59.999999999+01:00,PROSPECTUS,12,4,
1453,5601286207579,500.0,Milaneza,Massa para lasanha com ovo,Embalagem de 500g,1.93,3.86,0,kg,€/Kg,,,https://driveimg1.intermarche.com/pt/Content/images/boitmal/produit/zoom/C99977C7BDC0B6A99195DC697FD6F8DE.jpg,,,2024-08-28T23:59:59.999999999+01:00,PROSPECTUS,12,4,
18619,5014328054756,32.0,Tetley,Chá de frutos vermelhos,Embalagem de 30g,1.84,57.5,0,kg,€/Kg,,,https://driveimg1.intermarche.com/pt/Content/images/boitmal/produit/zoom/C5BC5DEA999699289F39F909DAD82BA7.jpg,,,2024-08-28T23:59:59.999999999+01:00,PROSPECTUS,12,4,
25397,8426617014032,90.0,Haribo,Gomas favoritos açúcar,Embalagem de 90g,1.04,11.56,0,kg,€/Kg,,,https://driveimg1.intermarche.com/pt/Content/images/boitmal/produit/zoom/CB2D3A429B70394C527322D309B14285.jpg,,,2024-08-28T23:59:59.999999999+01:00,PROSPECTUS,12,4,
8808,5601252107094,250.0,Gallo,Vinagre vinho branco,Garrafa 250ML,1.19,4.76,250,L,€/L,,,https://driveimg1.intermarche.com/pt/Content/images/boitmal/produit/zoom/86233C156105BC4DB5DB2B825F1FC1C0.jpg,,,2024-08-28T23:59:59.999999999+01:00,PROSPECTUS,12,4,
1456,5601286217639,500.0,Milaneza,Massa farfalle tricolor,Embalagem de 500g,1.26,2.52,0,kg,€/Kg,,,https://driveimg1.intermarche.com/pt/Content/images/boitmal/produit/zoom/2CB58ADA26EF1E83B0978C82005EFCEE.jpg,,,2024-08-28T23:59:59.999999999+01:00,PROSPECTUS,12,4,
20264,5000116110872,180.0,Iglo,Crocantes frango parmesão e ervas,Embalagem de 180g,3.74,20.78,0,kg,€/Kg,,Tipo de stockagem,https://driveimg1.intermarche.com/pt/Content/images/boitmal/produit/zoom/D8CF2D65B55930225EB9E80FCB37828C.jpg,,,2024-08-28T23:59:59.999999999+01:00,PROSPECTUS,12,4,
20433,5601244500070,1000.0,Terra Nostra,Leite de pastagem magro,Embalagem de 1 litro,0.85,0.85,1000,L,€/L,,,https://driveimg1.intermarche.com/pt/Content/images/boitmal/produit/zoom/61EFC0152A934985E04C1F26B293B085.jpg,https://driveimg1.intermarche.com/pt/Content/images/boitmal/produit/zoom/E6424B45F8177C670F59F3BF8C085519.jpg,,2024-08-28T23:59:59.999999999+01:00,PROSPECTUS,12,4,
21767,7613035487871,90.0,Nestlé,Fruta para bebé multifrutas +4 meses,Embalagem de 90g,0.74,8.22,0,kg,€/Kg,,,https://driveimg1.intermarche.com/pt/Content/images/boitmal/produit/zoom/59D3B6826D610DDEB0688A4041A5FB71.jpg,,,2024-08-28T23:59:59.999999999+01:00,PROSPECTUS,12,4,
2406,5608543000102,30.0,Tetley,Chá preto,Embalagem de 30g,1.29,43.0,0,kg,€/Kg,,,https://driveimg1.intermarche.com/pt/Content/images/boitmal/produit/zoom/B2CA31FF335EAFD397F63994E5AF9EBC.jpg,,,2024-08-28T23:59:59.999999999+01:00,PROSPECTUS,12,4,
25538,7613035800281,1500.0,Friskies,Ração para gato esterilizado com peru,"Embalagem de 1,5 kg",5.85,3.9,0,kg,€/Kg,,,https://driveimg1.intermarche.com/pt/Content/images/boitmal/produit/zoom/F7CBFFFF3C5FDA5053462496D72FDD69.jpg,,,2024-08-28T23:59:59.999999999+01:00,PROSPECTUS,12,4,
41783,5604260303014,100.0,PorSi,Alimento húmido para gato pato e coelho,Embalagem de 100g,0.39,3.9,0,kg,€/Kg,,1000 Artigos,https://driveimg1.intermarche.com/pt/Content/images/boitmal/produit/zoom/D72ECF1FB41AC14D938C261F4C55B98C.jpg,,,2024-09-06T23:59:59.999999999+01:00,PROSPECTUS,12,4,
5029,5601028006392,,Renova,"Papel higiénico super, folha dupla, 24 rolos",Uma embalagem,6.19,6.19,0,,€/Unidade,,,https://driveimg1.intermarche.com/pt/Content/images/boitmal/produit/zoom/BFA5F98895AD97A0C63C2EDD1896E69F.jpg,,,2024-08-28T23:59:59.999999999+01:00,PROSPECTUS,12,4,
1461,5601286223784,500.0,Milaneza,Massa de cotovelos grandes riscados,Embalagem de 500g,1.19,2.38,0,kg,€/Kg,,,https://driveimg1.intermarche.com/pt/Content/images/boitmal/produit/zoom/BE1B03BCD6BCED25C712B88921B09E09.jpg,,,2024-08-28T23:59:59.999999999+01:00,PROSPECTUS,12,4,
17269,4084500617421,820.0,Fairy,"Detergente Líquido Lavar Loiça Original, 820 ml",,3.59,4.38,820,L,€/L,,,https://driveimg1.intermarche.com/pt/Content/images/boitmal/produit/zoom/F41228BB17B819013001DC2E65356D37.jpg,,,2024-08-28T23:59:59.999999999+01:00,PROSPECTUS,12,4,
20263,5000116110889,180.0,Iglo,Crocantes de frango original,Embalagem de 180g,3.74,20.78,0,kg,€/Kg,,Tipo de stockagem,https://driveimg1.intermarche.com/pt/Content/images/boitmal/produit/zoom/4233EA8D8C7E2BCB4DD87490668F64B2.jpg,,,2024-08-28T23:59:59.999999999+01:00,PROSPECTUS,12,4,
34404,7613034675842,198.0,Lion,Chocolate lion mini,Embalagem de 198 g,3.38,17.07,0,kg,€/Kg,,,https://driveimg1.intermarche.com/pt/Content/images/boitmal/produit/zoom/E01713645BBE2905958004B9A9FB13F5.jpg,,,2024-08-28T23:59:59.999999999+01:00,PROSPECTUS,12,4,
35301,8001090766885,,Evax,Pensos diários salvaslip flexi & fresh normal,28 unidades,1.49,1.49,0,,€/Unidade,,,https://driveimg1.intermarche.com/pt/Content/images/boitmal/produit/zoom/1F56EC23F2B2B0CE3A138E681A8B3E99.jpg,,,2024-08-28T23:59:59.999999999+01:00,PROSPECTUS,12,4,
3642,3059943009080,250.0,Air Wick,Ambientador recarga lavanda,Garrafa de 250 ml,3.59,14.36,250,L,€/L,,,https://driveimg1.intermarche.com/pt/Content/images/boitmal/produit/zoom/756F620C8BCD41CE49D260CCD66BCDF2.jpg,,,2024-08-28T23:59:59.999999999+01:00,PROSPECTUS,12,4,
49505,8006540618578,,Dodot,Fraldas Bebé Seco Extra T3+ 7-11kg,Embalagem c/ 66 un.,13.49,13.49,0,,€/Unidade,,1000 Artigos,https://driveimg1.intermarche.com/pt/Content/images/boitmal/produit/zoom/BEEC46C8A19C711256F037B8E4254626.jpg,,,2024-08-28T23:59:59.999999999+01:00,PROSPECTUS,12,4,
52079,8711327585782,330.0,Magnum,Gelado Mini Double Caramel e Gold Caramel Billionaire,Embalagem de 330 ml,3.32,10.06,330,L,€/L,,Tipo de stockagem,https://driveimg1.intermarche.com/pt/Content/images/boitmal/produit/zoom/D564E502B2870AC727EEABF11EB02168.jpg,,,2024-08-28T23:59:59.999999999+01:00,PROSPECTUS,12,4,
14510,5411188116592,1000.0,Alpro,Bebida Vegetal Coco,Embalagem de 1L,1.99,1.99,1000,L,€/L,,,https://driveimg1.intermarche.com/pt/Content/images/boitmal/produit/zoom/1987CA16F4DDFE322033D82C2A376E65.jpg,,,2024-08-28T23:59:59.999999999+01:00,PROSPECTUS,12,4,
1458,5601286220783,500.0,Milaneza,Massa de cotovelos grossos,Embalagem de 500g,1.09,2.18,0,kg,€/Kg,,,https://driveimg1.intermarche.com/pt/Content/images/boitmal/produit/zoom/3227F59B4850D93351548A67BD46CA40.jpg,,,2024-08-28T23:59:59.999999999+01:00,PROSPECTUS,12,4,
1466,5601286235770,250.0,Milaneza,Massa cuscus,Embalagem de 250g,0.63,2.52,0,kg,€/Kg,,,https://driveimg1.intermarche.com/pt/Content/images/boitmal/produit/zoom/C88D2492C00ABAD0495ACF6CE8960CC4.jpg,,,2024-08-28T23:59:59.999999999+01:00,PROSPECTUS,12,4,
1476,5601286290786,500.0,Milaneza,Massa de laços,Embalagem de 500g,1.25,2.5,0,kg,€/Kg,,,https://driveimg1.intermarche.com/pt/Content/images/boitmal/produit/zoom/D687B9FD61EA56CF807EB6EB67FC5ABA.jpg,,,2024-08-28T23:59:59.999999999+01:00,PROSPECTUS,12,4,
18351,8410320029971,80.0,Campofrio,Salsichão fat,Embalagem de 80g,1.59,19.88,0,kg,€/Kg,,,https://driveimg1.intermarche.com/pt/Content/images/boitmal/produit/zoom/522F54407A09BACA8592684E0563A486.jpg,,,2024-08-28T23:59:59.999999999+01:00,PROSPECTUS,12,4,
18426,3600541887817,400.0,Ultra Suave,Champô Delicias de Aveia,Embalagem de 400 ml,3.79,9.48,400,L,€/L,,,https://driveimg1.intermarche.com/pt/Content/images/boitmal/produit/zoom/6E178A060EBA624F1168DFA6C596E4DF.jpg,,,2024-08-28T23:59:59.999999999+01:00,PROSPECTUS,12,4,
18596,8410500016029,400.0,Danonino Danone,"Iogurte líquido danonino morango/banana,  4 x 100 g",,1.99,4.98,0,kg,€/Kg,,,https://driveimg1.intermarche.com/pt/Content/images/boitmal/produit/zoom/418CA3EE44828DD39BFD6E2687E787F2.jpg,,,2024-08-28T23:59:59.999999999+01:00,PROSPECTUS,12,4,
2409,5608543000157,10.0,Tetley,Infusão de camomila,Embalagem de 10g,0.89,89.0,0,kg,€/Kg,,,https://driveimg1.intermarche.com/pt/Content/images/boitmal/produit/zoom/C995769A7E3ACBF1E8869F2AEDA95DF9.jpg,,,2024-08-28T23:59:59.999999999+01:00,PROSPECTUS,12,4,
31326,5601286260437,500.0,Milaneza,"Macarrão integral com aveia, 500g",,1.31,2.62,0,kg,€/Kg,,,https://driveimg1.intermarche.com/pt/Content/images/boitmal/produit/zoom/687469F1412D2299A6CE181241DB8128.jpg,,,2024-08-28T23:59:59.999999999+01:00,PROSPECTUS,12,4,
1164,5601089080621,20.0,Boca Doce,Pudim de chocolate,Embalagem de 20g,0.47,23.5,0,kg,€/Kg,,,https://driveimg1.intermarche.com/pt/Content/images/boitmal/produit/zoom/B89ECCAB610493D298FF226A04F99E93.jpg,,,2024-08-28T23:59:59.999999999+01:00,PROSPECTUS,12,4,
1415,5601252106653,750.0,Gallo,Azeite virgem extra clássico,Garrafa de 750 ml,8.49,11.32,750,L,€/L,,,https://driveimg1.intermarche.com/pt/Content/images/boitmal/produit/zoom/F2C4BC4634F83729E0730377FAB3AF0A.jpg,,,2024-08-28T23:59:59.999999999+01:00,PROSPECTUS,12,4,
19094,4084500330955,1500.0,Fairy,"Detergente líquido, manual loiça, original, 1,5 l",,6.19,4.13,1500,L,€/L,,,https://driveimg1.intermarche.com/pt/Content/images/boitmal/produit/zoom/239DD1C8A0266CF207624C4D2BE653E1.jpg,,,2024-08-28T23:59:59.999999999+01:00,PROSPECTUS,12,4,
2407,5608543000133,18.0,Tetley,Chá verde,Embalagem de 20g,0.95,52.78,0,kg,€/Kg,,,https://driveimg1.intermarche.com/pt/Content/images/boitmal/produit/zoom/8E02DD9BA1324B098CBEC62350029218.jpg,,,2024-08-28T23:59:59.999999999+01:00,PROSPECTUS,12,4,
29591,3387390339505,375.0,Nestlé,Cereais golden grahams,Embalagem de 380g,2.99,7.97,0,kg,€/Kg,,,https://driveimg1.intermarche.com/pt/Content/images/boitmal/produit/zoom/B90CC2EAB95EE928CD16134EC001D097.jpg,,,2024-08-28T23:59:59.999999999+01:00,PROSPECTUS,12,4,
38418,5411188125808,400.0,Alpro,"Yofu soja e manga sem açúcar adicionado,  400g",,2.39,5.98,0,kg,€/Kg,,,https://driveimg1.intermarche.com/pt/Content/images/boitmal/produit/zoom/885BBE235F65985068DF78EED08A47BE.jpg,,,2024-08-28T23:59:59.999999999+01:00,PROSPECTUS,12,4,
40596,5601151974018,1750.0,Pepsi,Refrigerante com gás regular,Garrafa de 1.75 l,1.55,0.89,1750,L,€/L,,1000 Artigos,https://driveimg1.intermarche.com/pt/Content/images/boitmal/produit/zoom/F52267090DF1996DA646836F5B1D9EDD.jpg,,,2024-09-06T23:59:59.999999999+01:00,PROSPECTUS,12,4,
46652,3083681137996,600.0,Bonduelle,Lentilhas,Embalagem de 600g,2.59,4.32,0,kg,€/Kg,,,https://driveimg1.intermarche.com/pt/Content/images/boitmal/produit/zoom/6448716CECF38B7F7E165BDCA6CC72E5.jpg,,,2024-08-28T23:59:59.999999999+01:00,PROSPECTUS,12,4,
1196,5601119942608,200.0,Nobre,Salsichas de aves,Lata de 200 g,1.39,6.95,0,kg,€/Kg,,,https://driveimg1.intermarche.com/pt/Content/images/boitmal/produit/zoom/E7AAE34DF3D6C2B149A624A478B3E3DF.jpg,,,2024-08-28T23:59:59.999999999+01:00,PROSPECTUS,12,4,
13094,2893070000000,150.0,Peixaria,Carapau Médio Fresco,1 un = 150 gr (aprox.),0.52,3.49,0,,€/Kg,,,https://driveimg1.intermarche.com/pt/Content/images/boitmal/produit/zoom/5561FF39144D34B65C5FB553D6B1F100.jpg,,,2024-08-28T23:59:59.999999999+01:00,PROSPECTUS,12,4,
1420,5601252107131,250.0,Gallo,Vinagre balsâmico modena,Garrafa de 250 ml,1.59,6.36,250,L,€/L,,,https://driveimg1.intermarche.com/pt/Content/images/boitmal/produit/zoom/CFFAABA356A1FEBBDE1686B6D03B7362.jpg,,,2024-08-28T23:59:59.999999999+01:00,PROSPECTUS,12,4,
14508,5411188115496,1000.0,Alpro,Bebida de Soja Sem Açúcar,Embalagem de 1L,1.99,1.99,1000,L,€/L,,,https://driveimg1.intermarche.com/pt/Content/images/boitmal/produit/zoom/59C7541613D2AEC2ECBE5B108019BE70.jpg,,,2024-08-28T23:59:59.999999999+01:00,PROSPECTUS,12,4,
1469,5601286251787,500.0,Milaneza,Massa de macarrão,Embalagem de 500g,1.04,2.08,0,kg,€/Kg,,,https://driveimg1.intermarche.com/pt/Content/images/boitmal/produit/zoom/23F94F5EC15597A4AB9A1FC4C5526842.jpg,,,2024-08-28T23:59:59.999999999+01:00,PROSPECTUS,12,4,
15955,7613032408794,90.0,Purina Gourmet,Comida húmida para gato duplo prazer com peixe do oceano,Embalagem de 90g,0.69,7.67,0,kg,€/Kg,,,https://driveimg1.intermarche.com/pt/Content/images/boitmal/produit/zoom/DBE7166FBADAD4BECDB0C2B9DB9A4BC4.jpg,,,2024-08-28T23:59:59.999999999+01:00,PROSPECTUS,12,4,
17024,5601286252777,250.0,Milaneza,Cannelloni,Embalagem de 250g,1.33,5.32,0,kg,€/Kg,,,https://driveimg1.intermarche.com/pt/Content/images/boitmal/produit/zoom/CCA9CE4DC3690BAFEB69D1C50C01CEE0.jpg,,,2024-08-28T23:59:59.999999999+01:00,PROSPECTUS,12,4,
21349,3011932000805,1000.0,Martini,Vermute rosso,Garrafa de 1 l,11.38,11.38,1000,L,€/L,,1000 Artigos,https://driveimg1.intermarche.com/pt/Content/images/boitmal/produit/zoom/FC8A59FA07229CD8C8A2D995DE31196C.jpg,,,2024-08-28T23:59:59.999999999+01:00,PROSPECTUS,12,4,
2403,5608543000072,20.0,Tetley,"Chá de mel, limão e ginseng",Embalagem de 20g,0.95,47.5,0,kg,€/Kg,,,https://driveimg1.intermarche.com/pt/Content/images/boitmal/produit/zoom/DB68353C4D0E30C880FEA97D075943EF.jpg,,,2024-08-28T23:59:59.999999999+01:00,PROSPECTUS,12,4,
