identifier,produitEan13,capacite,marque,libelle,conditionnement,prix,unitPrice,volume,typeProduit_uniteByCode,unit_value,pictogrammes_0,pictogrammes_libelleCategorie,images_0,images_1,images_2,avantages_dateFin,avantages_categorie,nro_paginas,page,images_3,images_4,images_5,images_6,images_7
53300,5000204771923,,Glade,"Ambientador Aerossol Vanilla, 300ml",,1.79,1.79,0,,€/Unidade,,,https://driveimg1.intermarche.com/pt/Content/images/boitmal/produit/zoom/FC3BFBD9196996A810FE94B64C8F1AAB.jpg,,,2024-11-27T23:59:59.999999999Z,PROSPECTUS,9,1,,,,,
15125,2895006000000,150.0,Terra Nostra,Queijo Flamengo em Barra,1 un = 150 gr (aprox.),1.35,8.99,0,,€/Kg,,,https://driveimg1.intermarche.com/pt/Content/images/boitmal/produit/zoom/476F7A985B3EA4EB38194328E8345ADF.jpg,,,2024-11-27T23:59:59.999999999Z,PROSPECTUS,9,1,,,,,
11961,5603722505607,1000.0,Mimosa,Leite s/ lactose meio gordo,Garrafa de 1 l,1.14,1.14,1000,L,€/L,,,https://driveimg1.intermarche.com/pt/Content/images/boitmal/produit/zoom/B50AD06E1D69691E134268704FD849E5.jpg,https://driveimg1.intermarche.com/pt/Content/images/boitmal/produit/zoom/4E57BFE09E8D859BDBE1705476BB9F1B.jpg,https://driveimg1.intermarche.com/pt/Content/images/boitmal/produit/zoom/E1F70144AAFCC0EAEBFF05614177D009.jpg,2024-11-27T23:59:59.999999999Z,PROSPECTUS,9,1,,,,,
1292,5601151354452,1000.0,Compal,"Néctar vital equilibrio manga e laranja, 1 l",,1.19,1.19,1000,L,€/L,,,https://driveimg1.intermarche.com/pt/Content/images/boitmal/produit/zoom/30D2BA582C7246DE27BB90D053759BF5.jpg,,,2024-11-27T23:59:59.999999999Z,PROSPECTUS,9,1,,,,,
13897,2891053000000,1000.0,Porco,Lombo sem Osso,Vendido ao peso a partir de 1 kg,4.28,4.28,0,,€/Kg,,,https://driveimg1.intermarche.com/pt/Content/images/boitmal/produit/zoom/415564DA70574ED3C1D7475F1F28BDB6.jpg,,,2024-11-27T23:59:59.999999999Z,PROSPECTUS,9,1,,,,,
26047,8412600070994,650.0,Bimbo,Pão de forma s/ côdea,Embalagem de 650 g,2.09,3.22,0,kg,€/Kg,,,https://driveimg1.intermarche.com/pt/Content/images/boitmal/produit/zoom/998967574B383CCF8D49F03316F06108.jpg,,,2024-11-27T23:59:59.999999999Z,PROSPECTUS,9,1,,,,,
12972,2892040000000,1000.0,Fruta,Banana,1 un = 200 gr (aprox.),1.09,1.09,0,,€/Kg,,,https://driveimg1.intermarche.com/pt/Content/images/boitmal/produit/zoom/C368220872795E9863F1F37C2230CCEA.jpg,,,2024-11-27T23:59:59.999999999Z,PROSPECTUS,9,1,,,,,
18595,8410500016012,400.0,Danonino Danone,"Iogurte líquido danonino morango,  4 x 100 g",,1.99,4.98,0,kg,€/Kg,,,https://driveimg1.intermarche.com/pt/Content/images/boitmal/produit/zoom/0E203361E14F23CD94ABD0BD721CC32D.jpg,,,2024-11-27T23:59:59.999999999Z,PROSPECTUS,9,1,,,,,
11967,5601049612336,250.0,Mimosa,Manteiga c/ sal,Embalagem de 250g,1.99,7.96,0,kg,€/Kg,,,https://driveimg1.intermarche.com/pt/Content/images/boitmal/produit/zoom/C41D77380AC10A8E184B8D4C3C381772.jpg,https://driveimg1.intermarche.com/pt/Content/images/boitmal/produit/zoom/B59AE74FD0DBE6C3112F001AFF69E867.jpg,https://driveimg1.intermarche.com/pt/Content/images/boitmal/produit/zoom/BB9196C3025886DBB6F20EDD70A1CA7A.jpg,2024-11-27T23:59:59.999999999Z,PROSPECTUS,9,1,,,,,
10280,8410469002781,,Colhogar,Papel Higiénico Compacto Ultra Suave XXL,12 rolos,5.2,5.2,0,,€/Unidade,,,https://driveimg1.intermarche.com/pt/Content/images/boitmal/produit/zoom/4CA9509CB2D72B829B2D15E9A61717F5.jpg,,,2024-11-27T23:59:59.999999999Z,PROSPECTUS,9,1,,,,,
19415,5601028019798,,Renova,"Rolo de cozinha design xxl, 3 rolos",Embalagem de 3 unidades,1.99,1.99,3,,€/Unidade,,,https://driveimg1.intermarche.com/pt/Content/images/boitmal/produit/zoom/72BDE5829FC47024A80D1CC998CA1B8E.jpg,,,2024-11-27T23:59:59.999999999Z,PROSPECTUS,9,1,,,,,
11982,5603802400020,750.0,Fiuza,Vinho branco tejo sauvignon,Garrafa de 750 ml,4.92,6.56,750,L,€/L,,,https://driveimg1.intermarche.com/pt/Content/images/boitmal/produit/zoom/797D96AF75B4BD4EF0B0B0A63B1AB06E.jpg,,,2024-11-27T23:59:59.999999999Z,PROSPECTUS,9,1,,,,,
15489,7613031884247,4000.0,Friskies,"Ração para gato adulto com vaca, frango",Embalagem de 4kg,10.79,2.7,0,kg,€/Kg,,,https://driveimg1.intermarche.com/pt/Content/images/boitmal/produit/zoom/3758935B87F55535F41EEF08B41E8342.jpg,,,2024-11-27T23:59:59.999999999Z,PROSPECTUS,9,1,,,,,
508,3045140105502,100.0,Milka,Tablete chocolate de leite,Embalagem de 100g,1.59,15.9,0,kg,€/Kg,,,https://driveimg1.intermarche.com/pt/Content/images/boitmal/produit/zoom/913CE6059038FB24D6D6DB0F0F385165.jpg,,,2024-11-27T23:59:59.999999999Z,PROSPECTUS,9,1,,,,,
16003,5000116109630,300.0,Capitão Iglo,12 douradinhos forníssimo,Embalagem de 300g,3.98,13.27,0,kg,€/Kg,,Tipo de stockagem,https://driveimg1.intermarche.com/pt/Content/images/boitmal/produit/zoom/233E9FC9471A71F1B4977B2D8B4AFE95.jpg,,,2024-11-27T23:59:59.999999999Z,PROSPECTUS,9,1,,,,,
20612,5029053550176,,Huggies,"Toalhitas Bebé Natural Care, 3x56un.",,3.39,3.39,0,,€/Unidade,,,https://driveimg1.intermarche.com/pt/Content/images/boitmal/produit/zoom/9472DF0F2B8BBF3E0F54D35D5C8A023D.jpg,,,2024-11-27T23:59:59.999999999Z,PROSPECTUS,9,1,,,,,
13893,2891043000000,1000.0,Porco,Entrecosto,Vendido ao peso a partir de 1 kg,6.28,6.28,0,,€/Kg,,,https://driveimg1.intermarche.com/pt/Content/images/boitmal/produit/zoom/AA05EE99D302D59771FCC108473E0700.jpg,,,2024-11-27T23:59:59.999999999Z,PROSPECTUS,9,1,,,,,
23469,8410500020453,280.0,Danonino Danone,"Danonino para levar, polpa de morango,  4 x 70 g",,2.14,7.64,0,kg,€/Kg,,,https://driveimg1.intermarche.com/pt/Content/images/boitmal/produit/zoom/BCB8B07B4A9632B9CA3C8436CD26979D.jpg,,,2024-11-27T23:59:59.999999999Z,PROSPECTUS,9,1,,,,,
37443,7613037040869,250.0,Nestum,Nestum zero espelta/aveia,Embalagem de 250 g,2.14,8.56,0,kg,€/Kg,,,https://driveimg1.intermarche.com/pt/Content/images/boitmal/produit/zoom/BF80E2BF1A95765256612BEC5A65D8DD.jpg,,,2024-11-27T23:59:59.999999999Z,PROSPECTUS,9,1,,,,,
30261,3574661350202,,Ob,Tampão Super,1 Embalagem c/32 unidades,3.74,3.74,0,,€/Unidade,,,https://driveimg1.intermarche.com/pt/Content/images/boitmal/produit/zoom/A6C7A614B4F7CDD5C156BEBD4564F90B.jpg,,,2024-11-27T23:59:59.999999999Z,PROSPECTUS,9,1,,,,,
40833,8718951333482,1250.0,Ajax,"Detergente líquido lava tudo festa das flores, 1.25 litros",,2.24,1.79,1250,L,€/L,,,https://driveimg1.intermarche.com/pt/Content/images/boitmal/produit/zoom/4CD3F618711847C08973FB8F753BB8D1.jpg,,,2024-11-27T23:59:59.999999999Z,PROSPECTUS,9,1,,,,,
21076,5602154682443,750.0,Castelo de Borba,Vinho doc alentejo tinto,Garrafa de 0.75 l,4.99,6.65,750,L,€/L,,,https://driveimg1.intermarche.com/pt/Content/images/boitmal/produit/zoom/18FCF0B0DE30BA05BCF1795ACC71DE2A.jpg,,,2024-11-27T23:59:59.999999999Z,PROSPECTUS,9,1,,,,,
854,5010394133852,500.0,Pedigree,Guloseima para cão biscrok,Embalagem de 500 g,3.5,7.0,0,kg,€/Kg,,,https://driveimg1.intermarche.com/pt/Content/images/boitmal/produit/zoom/C3696C3844F67065BEA83C1D5D8C7EB1.jpg,,,2024-11-27T23:59:59.999999999Z,PROSPECTUS,9,1,,,,,
15161,5604260274246,1000.0,PorSi,Cenouras Programa Origens,Embalagem de 1 kg,0.89,0.89,0,kg,€/Kg,,,https://driveimg1.intermarche.com/pt/Content/images/boitmal/produit/zoom/2C5D90EF430B0C18141C519CD5070475.jpg,,,2024-11-27T23:59:59.999999999Z,PROSPECTUS,9,1,,,,,
12889,2892175000000,150.0,Fruta,Kiwi categoria II,1 un = 150 gr (aprox.),0.52,3.49,0,,€/Kg,,,https://driveimg1.intermarche.com/pt/Content/images/boitmal/produit/zoom/8ECB4A8CBEF9251912188D64C7413AB3.jpg,,,2024-11-27T23:59:59.999999999Z,PROSPECTUS,9,1,,,,,
13947,2891125000000,150.0,Peru,Espetadas de Peru,1 un = 150 gr (aprox.),0.9,5.99,0,,€/Kg,,,https://driveimg1.intermarche.com/pt/Content/images/boitmal/produit/zoom/F64981E370592175339C16298CEA7C3B.jpg,,,2024-11-27T23:59:59.999999999Z,PROSPECTUS,9,1,,,,,
12887,2892089000000,500.0,Fruta,Manga Barco,1 un = 500 gr (aprox.),1.35,2.69,0,,€/Kg,,,https://driveimg1.intermarche.com/pt/Content/images/boitmal/produit/zoom/ADC504D3921218CCB4DF31F75AAF28C0.jpg,,,2024-11-27T23:59:59.999999999Z,PROSPECTUS,9,1,,,,,
15060,2892453000000,1000.0,Programa Origens,Abóbora Butternut,1 un = 1 kg (aprox.),1.19,1.19,0,,€/Kg,,,https://driveimg1.intermarche.com/pt/Content/images/boitmal/produit/zoom/EAB55C948223F5C0DA9E5CFE8535733D.jpg,,,2024-11-27T23:59:59.999999999Z,PROSPECTUS,9,1,,,,,
1114,5601066300780,500.0,Nacional,Massa de macarrão riscado,Embalagem de 500g,0.89,1.78,0,kg,€/Kg,,,https://driveimg1.intermarche.com/pt/Content/images/boitmal/produit/zoom/4E586B0F43C13026DBE291FFB6AC87A9.jpg,,,2024-11-27T23:59:59.999999999Z,PROSPECTUS,9,1,,,,,
1188,5601119007970,200.0,Nobre,Salsichas de porco,Lata de 200g,1.39,6.95,0,kg,€/Kg,,,https://driveimg1.intermarche.com/pt/Content/images/boitmal/produit/zoom/01CF2549C0E08C23060DD310D0C9B5DD.jpg,,,2024-11-27T23:59:59.999999999Z,PROSPECTUS,9,1,,,,,
1189,5601119007987,250.0,Nobre,Salsichas de porco,Lata de 250g,1.67,6.68,0,kg,€/Kg,,,https://driveimg1.intermarche.com/pt/Content/images/boitmal/produit/zoom/098AB25EB23B66D623E253A97FD15BDF.jpg,,,2024-11-27T23:59:59.999999999Z,PROSPECTUS,9,1,,,,,
11963,5603722505775,250.0,Mimosa,Manteiga sem sal,Embalagem de 250g,1.99,7.96,0,kg,€/Kg,,,https://driveimg1.intermarche.com/pt/Content/images/boitmal/produit/zoom/328B59C6E2944F7ED81679344E5E6191.jpg,https://driveimg1.intermarche.com/pt/Content/images/boitmal/produit/zoom/1EA90F949357E7F98D48732996035C6E.jpg,https://driveimg1.intermarche.com/pt/Content/images/boitmal/produit/zoom/1F0AD169BB42B947BB5B96F6E89FDECD.jpg,2024-11-27T23:59:59.999999999Z,PROSPECTUS,9,1,,,,,
12996,2892526000000,250.0,Legumes,Chuchu,1 un = 250 gr  (aprox.),0.62,2.49,0,,€/Kg,,,https://driveimg1.intermarche.com/pt/Content/images/boitmal/produit/zoom/93A45A4645EB0EB96CD1F4E97D062E08.jpg,,,2024-11-27T23:59:59.999999999Z,PROSPECTUS,9,1,,,,,
19022,5603722509742,800.0,Agros,Leite com Chocolate,Embalagem de 4 x 200 ml,1.49,1.86,800,L,€/L,,,https://driveimg1.intermarche.com/pt/Content/images/boitmal/produit/zoom/5E96016EA2C29977083D2986B4126E1A.jpg,,,2024-11-27T23:59:59.999999999Z,PROSPECTUS,9,1,,,,,
23590,5603722514142,1600.0,Agros,Leite com chocolate,Embalagem de 8x200 ml,2.8,1.75,1600,L,€/L,,,https://driveimg1.intermarche.com/pt/Content/images/boitmal/produit/zoom/D26FD3DEDDA845C9ED0AB041DD1D62DA.jpg,,,2024-11-27T23:59:59.999999999Z,PROSPECTUS,9,1,,,,,
2549,7613034717931,200.0,Nestlé,Chocolate culinário,Embalagem de 200g,1.59,7.95,0,kg,€/Kg,,,https://driveimg1.intermarche.com/pt/Content/images/boitmal/produit/zoom/BE5FC31D1F752D030E9BC48A4072345E.jpg,,,2024-11-27T23:59:59.999999999Z,PROSPECTUS,9,1,,,,,
36263,5601027973060,480.0,Bimbo,Pão de forma integral,Embalagem de 480 g,1.84,3.83,0,kg,€/Kg,,,https://driveimg1.intermarche.com/pt/Content/images/boitmal/produit/zoom/706CDDCF91F9F779ABC5B2D4D8D2F75F.jpg,,,2024-11-27T23:59:59.999999999Z,PROSPECTUS,9,1,,,,,
9315,5603722509544,1000.0,Mimosa,Leite 0% lactose magro,Garrafa de 1 l,1.14,1.14,1000,L,€/L,,,https://driveimg1.intermarche.com/pt/Content/images/boitmal/produit/zoom/F5A14B3D114F4F7D42484C8D1602E358.jpg,https://driveimg1.intermarche.com/pt/Content/images/boitmal/produit/zoom/DC5219EC1E15E09529E323B7D196FADA.jpg,https://driveimg1.intermarche.com/pt/Content/images/boitmal/produit/zoom/DC48BFFA4281D8016E9FB40168ED4485.jpg,2024-11-27T23:59:59.999999999Z,PROSPECTUS,9,1,,,,,
974,5601024105051,3000.0,Fula,Óleo alimentar,Embalagem 3L,5.85,1.95,3000,L,€/L,,,https://driveimg1.intermarche.com/pt/Content/images/boitmal/produit/zoom/E8988831656F5EAF04A94786E82867B7.jpg,,,2024-11-27T23:59:59.999999999Z,PROSPECTUS,9,1,,,,,
1108,5601066300087,500.0,Nacional,Massa de cotovelinhos,Embalagem de 500g,0.89,1.78,0,kg,€/Kg,,,https://driveimg1.intermarche.com/pt/Content/images/boitmal/produit/zoom/3C947C343F18C9B0CC5D66D04FA630B6.jpg,,,2024-11-27T23:59:59.999999999Z,PROSPECTUS,9,1,,,,,
1120,5601066301718,500.0,Nacional,Massa de espirais,Embalagem de 500g,0.89,1.78,0,kg,€/Kg,,,https://driveimg1.intermarche.com/pt/Content/images/boitmal/produit/zoom/53CA28E35AF8AD40FCE8516799A2B51B.jpg,,,2024-11-27T23:59:59.999999999Z,PROSPECTUS,9,1,,,,,
1187,5601119007963,120.0,Nobre,6 Salsichas de porco,Lata de 120g,1.09,9.08,0,kg,€/Kg,,,https://driveimg1.intermarche.com/pt/Content/images/boitmal/produit/zoom/120DC1535B1AFA150D13CE3A5CE70137.jpg,,,2024-11-27T23:59:59.999999999Z,PROSPECTUS,9,1,,,,,
11960,5603722505300,250.0,Mimosa,Manteiga magra,Embalagem de 250g,1.99,7.96,0,kg,€/Kg,,,https://driveimg1.intermarche.com/pt/Content/images/boitmal/produit/zoom/4BED7878F3F6B8054337A806342B0A37.jpg,https://driveimg1.intermarche.com/pt/Content/images/boitmal/produit/zoom/C2F91C79228A3ADF27E4AEC55908D66D.jpg,https://driveimg1.intermarche.com/pt/Content/images/boitmal/produit/zoom/8234260C017BAB3AE2C659FDE5BBED44.jpg,2024-11-27T23:59:59.999999999Z,PROSPECTUS,9,1,,,,,
13895,2891047000000,150.0,Porco,Espetadas,1 un = 150 gr (aprox.),0.97,6.49,0,,€/Kg,,,https://driveimg1.intermarche.com/pt/Content/images/boitmal/produit/zoom/401EE6D6FA8B752FC8E1714FD69830E3.jpg,,,2024-11-27T23:59:59.999999999Z,PROSPECTUS,9,1,,,,,
14036,2696009000000,55.0,Padaria,Carcaça de trigo,1 unidade= 55 g,0.13,2.36,0,kg,€/Kg,,,https://driveimg1.intermarche.com/pt/Content/images/boitmal/produit/zoom/9BCC2A4A3A6FAADD68212B73951E6D8D.jpg,,,2024-11-27T23:59:59.999999999Z,PROSPECTUS,9,1,,,,,
14038,2696013000000,80.0,Padaria,Bola mistura,1 unidade= 80 g,0.19,2.38,0,kg,€/Kg,,,https://driveimg1.intermarche.com/pt/Content/images/boitmal/produit/zoom/9D6E30346316F689C4A5A61ADBADBAB3.jpg,,,2024-11-27T23:59:59.999999999Z,PROSPECTUS,9,1,,,,,
1413,5601252106615,750.0,Gallo,Azeite Subtil,Garrafa de 750 ml,6.99,9.32,750,L,€/L,,,https://driveimg1.intermarche.com/pt/Content/images/boitmal/produit/zoom/AE7B71F484D168C6B66987F1FFF6801B.jpg,,,2024-11-27T23:59:59.999999999Z,PROSPECTUS,9,1,,,,,
15059,2892578000000,200.0,Legumes,Nabo Roxo sem Rama,1 un = 200 gr (aprox.),0.4,1.99,0,,€/Kg,,,https://driveimg1.intermarche.com/pt/Content/images/boitmal/produit/zoom/EECF99CF1D26FD88C91EC2A5B22EA3C8.jpg,,,2024-11-27T23:59:59.999999999Z,PROSPECTUS,9,1,,,,,
17402,8412600027233,700.0,Bimbo,Pão forma familiar normal,embalagem de 700 g,1.99,2.84,0,kg,€/Kg,,,https://driveimg1.intermarche.com/pt/Content/images/boitmal/produit/zoom/DE8CCFFBC376CC9F4596A72F8ABC4CE5.jpg,,,2024-11-27T23:59:59.999999999Z,PROSPECTUS,9,1,,,,,
20221,8410500020071,480.0,Danone,"Iogurte activia aveia nozes,  4 x 120 g",,2.39,4.98,0,kg,€/Kg,,,https://driveimg1.intermarche.com/pt/Content/images/boitmal/produit/zoom/E3646F8812C5353023D3951FE268028D.jpg,,,2024-11-27T23:59:59.999999999Z,PROSPECTUS,9,1,,,,,
32408,5601050034967,600.0,Danone,"Danacol aveia,  6 x 100 g",,2.99,4.98,0,kg,€/Kg,,,https://driveimg1.intermarche.com/pt/Content/images/boitmal/produit/zoom/D8B4CB4708653F3D4BB9B148DB6D8336.jpg,,,2024-11-27T23:59:59.999999999Z,PROSPECTUS,9,1,,,,,
36745,2892275000000,300.0,Fruta,Pera conference categoria: II,Vendido ao peso a partir de 300 g,0.6,1.99,0,,€/Kg,,,https://driveimg1.intermarche.com/pt/Content/images/boitmal/produit/zoom/592E90297DE3CDE7F58E1FF322C66078.jpg,,,2024-11-27T23:59:59.999999999Z,PROSPECTUS,9,1,,,,,
44059,5601363012683,160.0,Lay's,Batata frita lisas originais,Embalagem de 160g,1.39,8.69,0,kg,€/Kg,,,https://driveimg1.intermarche.com/pt/Content/images/boitmal/produit/zoom/9405F85D185C02A8CF73F6D35DB06623.jpg,,,2024-11-27T23:59:59.999999999Z,PROSPECTUS,9,1,,,,,
47102,5603722520198,250.0,Mimosa,Manteiga com sal e sem lactose,Embalagem de 250g,2.29,9.16,0,kg,€/Kg,,,https://driveimg1.intermarche.com/pt/Content/images/boitmal/produit/zoom/B591AEA7549E84BED541D0651A14575A.jpg,https://driveimg1.intermarche.com/pt/Content/images/boitmal/produit/zoom/03F85375587D6FDFB4925819A11BDAE0.jpg,https://driveimg1.intermarche.com/pt/Content/images/boitmal/produit/zoom/851EE75BBBA7A9986AE9578DEC17E3F9.jpg,2024-11-27T23:59:59.999999999Z,PROSPECTUS,9,1,,,,,
49545,2706799000000,1100.0,PorSi,Frango aberto para churrasco,Embalagem com 1.1 kg (aprox.),3.83,3.48,0,,€/Kg,,,https://driveimg1.intermarche.com/pt/Content/images/boitmal/produit/zoom/BCCABF33F3C7AE3F47F3E4B9833F6500.jpg,,,2024-11-27T23:59:59.999999999Z,PROSPECTUS,9,1,,,,,
51113,8720181262784,500.0,Cif,"Limpa Casa Banho Spray Higiene c/ Lixívia, 500 ml",,1.99,3.98,500,L,€/L,,,https://driveimg1.intermarche.com/pt/Content/images/boitmal/produit/zoom/269947C1E7ED82654B4A41635C3A67E7.jpg,,,2024-11-27T23:59:59.999999999Z,PROSPECTUS,9,1,,,,,
52325,8720181384868,,Skip,Detergente Máquina Roupa Líquido Sensitive,56 Doses,9.99,9.99,0,,€/Unidade,,,https://driveimg1.intermarche.com/pt/Content/images/boitmal/produit/zoom/4DF32BF1564A4CFF4F3F63F53192D53C.jpg,,,2024-11-27T23:59:59.999999999Z,PROSPECTUS,9,1,,,,,
5521,5601692071214,1000.0,Bom sucesso,"Arroz agulha, 1kg",Embalagem de 1 kg,1.29,1.29,0,kg,€/Kg,,,https://driveimg1.intermarche.com/pt/Content/images/boitmal/produit/zoom/67549B74E1964578541F2476DCA87536.jpg,,,2024-11-27T23:59:59.999999999Z,PROSPECTUS,9,1,,,,,
5522,5601692071429,1000.0,Bom sucesso,Arroz carolino,Embalagem de 1 kg,1.49,1.49,0,kg,€/Kg,,,https://driveimg1.intermarche.com/pt/Content/images/boitmal/produit/zoom/DB1736313D8501082E1A679F43901D59.jpg,,,2024-11-27T23:59:59.999999999Z,PROSPECTUS,9,1,,,,,
7105,2894508000000,100.0,Primor,Bacon Extra,"Vendido ao peso, fatiado a partir de 100 gr",1.2,11.99,0,,€/Kg,,,https://driveimg1.intermarche.com/pt/Content/images/boitmal/produit/zoom/11A9EC567F982E26800D8DF9E4043FCC.jpg,,,2024-11-27T23:59:59.999999999Z,PROSPECTUS,9,1,,,,,
8537,5601119957206,120.0,Campofrio,Peito frango forno lenha  fatias clássicas,Embalagem de 120g,2.39,19.92,0,kg,€/Kg,,,https://driveimg1.intermarche.com/pt/Content/images/boitmal/produit/zoom/316713CBE56425C1457B9A3672568B05.jpg,,,2024-11-27T23:59:59.999999999Z,PROSPECTUS,9,1,,,,,
9311,5603722502064,250.0,Mimosa,Manteiga fácil de barrar,Embalagem de 250g,2.09,8.36,0,kg,€/Kg,,,https://driveimg1.intermarche.com/pt/Content/images/boitmal/produit/zoom/4BF7FA2397A9EAF9E6403C8BF847293A.jpg,https://driveimg1.intermarche.com/pt/Content/images/boitmal/produit/zoom/A8C47E9F1F12DFE2439D3530C38E2D87.jpg,https://driveimg1.intermarche.com/pt/Content/images/boitmal/produit/zoom/2EE410FD3A0147BBB442FA96902FFF46.jpg,2024-11-27T23:59:59.999999999Z,PROSPECTUS,9,1,,,,,
991,5601029004090,120.0,Bom Petisco,Atum posta em azeite,Embalagem de 120 g,1.77,14.75,0,kg,€/Kg,,,https://driveimg1.intermarche.com/pt/Content/images/boitmal/produit/zoom/40ABAA5E8C339E4103EB73DD68903264.jpg,,,2024-11-27T23:59:59.999999999Z,PROSPECTUS,9,1,,,,,
10826,2895082000000,250.0,Ilha Azul,Queijo Curado,Vendido ao peso a partir de 250 gr,2.0,7.99,0,,€/Kg,,,https://driveimg1.intermarche.com/pt/Content/images/boitmal/produit/zoom/3B62E6B6007870C37C76A52222AF902D.jpg,,,2024-11-27T23:59:59.999999999Z,PROSPECTUS,9,1,,,,,
10842,2895207000000,250.0,Santiago,Queijo 3 Igrejas Cura 2m Pimentão,Vendido ao peso a partir de 250 gr,3.0,11.99,0,,€/Kg,,,https://driveimg1.intermarche.com/pt/Content/images/boitmal/produit/zoom/2F11F4EC63EB49EF2522FB61028743A0.jpg,,,2024-11-27T23:59:59.999999999Z,PROSPECTUS,9,1,,,,,
1116,5601066301152,500.0,Nacional,Massa de cotovelos,Embalagem de 500g,0.89,1.78,0,kg,€/Kg,,,https://driveimg1.intermarche.com/pt/Content/images/boitmal/produit/zoom/C87CE94729679E4B47574FECADC4484E.jpg,,,2024-11-27T23:59:59.999999999Z,PROSPECTUS,9,1,,,,,
11501,5601049612084,130.0,Mimosa,Manteiga com sal,Embalagem de 130g,1.29,9.92,0,kg,€/Kg,,,https://driveimg1.intermarche.com/pt/Content/images/boitmal/produit/zoom/DC7A16E0542B828D039563A6AD9E73FE.jpg,https://driveimg1.intermarche.com/pt/Content/images/boitmal/produit/zoom/1207D37BB442FDD5C918BE023189F00C.jpg,,2024-11-27T23:59:59.999999999Z,PROSPECTUS,9,1,,,,,
11503,5601050019100,600.0,Danone,"Danacol frutos exóticos,  6 x 100 g",,2.99,4.98,0,kg,€/Kg,,,https://driveimg1.intermarche.com/pt/Content/images/boitmal/produit/zoom/17F7F3CE5BC5B190BC85D20A58C39B60.jpg,,,2024-11-27T23:59:59.999999999Z,PROSPECTUS,9,1,,,,,
11531,5601077161097,750.0,Velhotes,Vinho do porto special reserve," garrafa de 0,75 l",7.99,10.65,750,L,€/L,,,https://driveimg1.intermarche.com/pt/Content/images/boitmal/produit/zoom/F2318B61D6931E4A6AADC37AEA607F5D.jpg,,,2024-12-24T23:59:59.999999999Z,PROSPECTUS,9,1,,,,,
11687,5601244202158,400.0,Terra Nostra,Queijo fatias -50% gordura,Embalagem de 400g,4.09,10.23,0,kg,€/Kg,,,https://driveimg1.intermarche.com/pt/Content/images/boitmal/produit/zoom/CCCF8966A6691863BD8AEE552A96BE72.jpg,,,2024-11-27T23:59:59.999999999Z,PROSPECTUS,9,1,,,,,
11950,5603722495106,200.0,Mimosa,Nata uht light,Embalagem de 200 ml,0.84,4.2,200,L,€/L,,,https://driveimg1.intermarche.com/pt/Content/images/boitmal/produit/zoom/6E7D8A653C78B6ADF8DDAFC11006499D.jpg,,,2024-11-27T23:59:59.999999999Z,PROSPECTUS,9,1,,,,,
11958,5603722504938,200.0,Mimosa,"Nata pasteurizada, 200 ml",,1.69,8.45,200,L,€/L,,,https://driveimg1.intermarche.com/pt/Content/images/boitmal/produit/zoom/9136B30EBD1981F469CF453A7AEC79C1.jpg,,,2024-11-27T23:59:59.999999999Z,PROSPECTUS,9,1,,,,,
12543,8715035110106,150.0,Kikkoman,Molho de soja com dispenser,Garrafa de 150 ml,2.75,18.33,150,L,€/L,,,https://driveimg1.intermarche.com/pt/Content/images/boitmal/produit/zoom/E8611ECF65ED107981620F2AF615D891.jpg,,,2024-11-27T23:59:59.999999999Z,PROSPECTUS,9,1,,,,,
1302,5601151700754,850.0,Compal,Grão de bico,Lata de 850g,2.09,2.46,0,kg,€/Kg,,,https://driveimg1.intermarche.com/pt/Content/images/boitmal/produit/zoom/7BEB4F1F2A34C3C3B01503DD510ABAFA.jpg,,,2024-11-27T23:59:59.999999999Z,PROSPECTUS,9,1,,,,,
13048,2893561000000,250.0,Marisco,Ameijoa Branca Vietnamita Congelada,Vendido a partir de 250 gr  (aprox.),0.5,1.99,0,,€/Kg,,Avantages !,https://driveimg1.intermarche.com/pt/Content/images/boitmal/produit/zoom/EB1BC296FF41180E6F3E1626AD4F78AA.jpg,,,2024-11-27T23:59:59.999999999Z,PROSPECTUS,9,1,,,,,
13094,2893070000000,150.0,Peixaria,Carapau Médio Fresco,1 un = 150 gr (aprox.),0.52,3.49,0,,€/Kg,,,https://driveimg1.intermarche.com/pt/Content/images/boitmal/produit/zoom/5561FF39144D34B65C5FB553D6B1F100.jpg,,,2024-11-27T23:59:59.999999999Z,PROSPECTUS,9,1,,,,,
13523,2893515000000,250.0,Peixaria,Lula Congelada,1 un= 250 gr (aprox.),1.0,3.99,0,,€/Kg,,Avantages !,https://driveimg1.intermarche.com/pt/Content/images/boitmal/produit/zoom/B2B7BBDC4CDC3C912C9CD2FEC6D3B682.jpg,,,2024-11-27T23:59:59.999999999Z,PROSPECTUS,9,1,,,,,
13977,2696106000000,,Pastelaria,Folhado de Maçã,1 unidade= 100 g,0.89,0.89,0,,€/Unidade,,,https://driveimg1.intermarche.com/pt/Content/images/boitmal/produit/zoom/E2A4FBB809D0E7BB4A2D714065081A4C.jpg,,,2024-11-27T23:59:59.999999999Z,PROSPECTUS,9,1,,,,,
1414,5601252106639,750.0,Gallo,Azeite virgem delicado,Garrafa de 750 ml,7.49,9.99,750,L,€/L,,,https://driveimg1.intermarche.com/pt/Content/images/boitmal/produit/zoom/14892E13E5F7C3707D2EB967992642D1.jpg,,,2024-11-27T23:59:59.999999999Z,PROSPECTUS,9,1,,,,,
1415,5601252106653,750.0,Gallo,Azeite virgem extra clássico,Garrafa de 750 ml,8.49,11.32,750,L,€/L,,,https://driveimg1.intermarche.com/pt/Content/images/boitmal/produit/zoom/F2C4BC4634F83729E0730377FAB3AF0A.jpg,,,2024-11-27T23:59:59.999999999Z,PROSPECTUS,9,1,,,,,
14344,3387390406719,150.0,Nestlé,Barras de cereais nesquik,Embalagem de 150g,2.39,15.93,0,kg,€/Kg,,,https://driveimg1.intermarche.com/pt/Content/images/boitmal/produit/zoom/FED1CF4DC13639BE5B5979CCC8C9BC28.jpg,,,2024-11-27T23:59:59.999999999Z,PROSPECTUS,9,1,,,,,
14726,8711100080060,400.0,Maizena,Farinha,Embalagem de 400g,2.49,6.23,0,kg,€/Kg,,,https://driveimg1.intermarche.com/pt/Content/images/boitmal/produit/zoom/B08373790D6917B03E052473E2AB175C.jpg,,,2024-11-27T23:59:59.999999999Z,PROSPECTUS,9,1,,,,,
14914,2892088000000,500.0,Legumes,Mandioca,1 un=500 gr (aprox.),1.5,2.99,0,,€/Kg,,,https://driveimg1.intermarche.com/pt/Content/images/boitmal/produit/zoom/245947474965D9E23A1A5C2C57D52994.jpg,,,2024-11-27T23:59:59.999999999Z,PROSPECTUS,9,1,,,,,
15156,2892099000000,500.0,Fruta,Papaia Avião,1 un = 500 g (aprox.),2.0,3.99,0,,€/Kg,,,https://driveimg1.intermarche.com/pt/Content/images/boitmal/produit/zoom/DF7F380DB21C8B86421C1DF0F267CCC0.jpg,,,2024-11-27T23:59:59.999999999Z,PROSPECTUS,9,1,,,,,
15503,8410500018931,400.0,Danonino Danone,"Iogurte líquido danonino tutti-frutti,  4 x 100 g",,1.99,4.98,0,kg,€/Kg,,,https://driveimg1.intermarche.com/pt/Content/images/boitmal/produit/zoom/E9A644740B00EFD95B05B4DA40640B6A.jpg,,,2024-11-27T23:59:59.999999999Z,PROSPECTUS,9,1,,,,,
15507,5601050031621,480.0,Danone,"Iogurte activia cremoso coco,  4 x 120 g",,1.99,4.15,0,kg,€/Kg,,,https://driveimg1.intermarche.com/pt/Content/images/boitmal/produit/zoom/05783495E4A676779F417115EB52CFE8.jpg,,,2024-11-27T23:59:59.999999999Z,PROSPECTUS,9,1,,,,,
16493,8718951037939,500.0,Ajax,"Limpa vidros pistola, cristal, embalagem de 500 ml",,1.97,3.94,500,L,€/L,,,https://driveimg1.intermarche.com/pt/Content/images/boitmal/produit/zoom/E563EF990460546D67BF949773E0A516.jpg,,,2024-11-27T23:59:59.999999999Z,PROSPECTUS,9,1,,,,,
16607,8712561521529,700.0,Cif,Creme abrasivo original,Garrafa de 700 ml,2.69,3.84,700,L,€/L,,,https://driveimg1.intermarche.com/pt/Content/images/boitmal/produit/zoom/30CCCA0B503F489882A8FCB31275E9C6.jpg,,,2024-11-27T23:59:59.999999999Z,PROSPECTUS,9,1,,,,,
16962,5601029004113,390.0,Bom Petisco,Atum posta em azeite,Embalagem de 390g,5.59,14.33,0,kg,€/Kg,,,https://driveimg1.intermarche.com/pt/Content/images/boitmal/produit/zoom/1B91710086B8F360AE5F50CD51D75118.jpg,,,2024-11-27T23:59:59.999999999Z,PROSPECTUS,9,1,,,,,
17523,2891246000000,1000.0,Porco,Pá York c/ Osso c/ Couro,Vendido ao peso a partir de 1 kg,3.99,3.99,0,,€/Kg,,,https://driveimg1.intermarche.com/pt/Content/images/boitmal/produit/zoom/B1774B7150E1E65399A00A5F3DC93922.jpg,,,2024-11-27T23:59:59.999999999Z,PROSPECTUS,9,1,,,,,
17873,8718951037885,500.0,Ajax,"Limpa vidros recarga tripla ação, 500 ml",,1.79,3.58,500,L,€/L,,,https://driveimg1.intermarche.com/pt/Content/images/boitmal/produit/zoom/42625D659AA36AA56C9B694404679879.jpg,,,2024-11-27T23:59:59.999999999Z,PROSPECTUS,9,1,,,,,
18619,5014328054756,32.0,Tetley,Chá de frutos vermelhos,Embalagem de 30g,1.84,57.5,0,kg,€/Kg,,,https://driveimg1.intermarche.com/pt/Content/images/boitmal/produit/zoom/C5BC5DEA999699289F39F909DAD82BA7.jpg,,,2024-11-27T23:59:59.999999999Z,PROSPECTUS,9,1,,,,,
22335,5000116110940,420.0,Capitão Iglo,15 douradinhos,Embalagem de 420g,4.99,11.88,0,kg,€/Kg,,Tipo de stockagem,https://driveimg1.intermarche.com/pt/Content/images/boitmal/produit/zoom/A875E63BB10AF2CF300666B64DC69107.jpg,,,2024-11-27T23:59:59.999999999Z,PROSPECTUS,9,1,,,,,
28120,7613036142182,170.0,Nestlé,Chocolate culinário 70% cacau,Embalagem de 170 g,2.84,16.71,0,kg,€/Kg,,,https://driveimg1.intermarche.com/pt/Content/images/boitmal/produit/zoom/C4D0CF45A150F91F6CAFE269CFDDD644.jpg,,,2024-11-27T23:59:59.999999999Z,PROSPECTUS,9,1,,,,,
32301,4005900377814,150.0,Nivea,Desodorizante Spray Black & White Active Men,150 ml,3.14,20.93,150,L,€/L,,,https://driveimg1.intermarche.com/pt/Content/images/boitmal/produit/zoom/F5ED8FD84EC27F00F1BBC369E3567854.jpg,,,2024-11-27T23:59:59.999999999Z,PROSPECTUS,9,1,,,,,
33884,2893837000000,1500.0,Peixaria,Peixe espada preto inteiro,Vendido ao peso,10.49,6.99,0,,€/Kg,,,https://driveimg1.intermarche.com/pt/Content/images/boitmal/produit/zoom/C67775DEF7965BD4AF6F93F01FE1AC28.jpg,,,2024-11-27T23:59:59.999999999Z,PROSPECTUS,9,1,,,,,
35097,8711327315600,440.0,Olá,Gelado magnum de chocolate branco e cookies,Embalagem de 440 ml,3.99,9.07,440,L,€/L,,Tipo de stockagem,https://driveimg1.intermarche.com/pt/Content/images/boitmal/produit/zoom/13E2E4D7352ABD63D9541A729012589C.jpg,https://driveimg1.intermarche.com/pt/Content/images/boitmal/produit/zoom/053F7BCDF3B5574D77DAE8E6E99DA348.jpg,https://driveimg1.intermarche.com/pt/Content/images/boitmal/produit/zoom/053F7BCDF3B5574D77DAE8E6E99DA348.jpg,2024-11-27T23:59:59.999999999Z,PROSPECTUS,9,1,,,,,
35753,8001841240640,270.0,Pantene,Creme para pentear caracóis,270 ml,5.99,22.19,270,L,€/L,,,https://driveimg1.intermarche.com/pt/Content/images/boitmal/produit/zoom/574B3E314AF635DCDB9A6448E3C017C1.jpg,,,2024-11-27T23:59:59.999999999Z,PROSPECTUS,9,1,,,,,
35983,5601027972735,700.0,Bimbo,Pão de forma torradas familiares,Embalagem de 700 g,1.99,2.84,0,kg,€/Kg,,,https://driveimg1.intermarche.com/pt/Content/images/boitmal/produit/zoom/235876653DE3C23FDDF51ADFA446C532.jpg,,,2024-11-27T23:59:59.999999999Z,PROSPECTUS,9,1,,,,,
36524,5601029000108,120.0,Bom Petisco,Sardinhas em tomate picante,Embalagem de 120 g,1.11,9.25,0,kg,€/Kg,,,https://driveimg1.intermarche.com/pt/Content/images/boitmal/produit/zoom/870DEF1AA270AF39E20FF9F18298A320.jpg,,,2024-11-27T23:59:59.999999999Z,PROSPECTUS,9,1,,,,,
36586,3574660240030,,Ob,Tampões ProComfort Normal,1 Embalagem c/32 unidades,4.09,4.09,0,,€/Unidade,,,https://driveimg1.intermarche.com/pt/Content/images/boitmal/produit/zoom/415C4417CFD5EA986A9EA57263D43052.jpg,,,2024-11-27T23:59:59.999999999Z,PROSPECTUS,9,2,,,,,
37444,7613036955799,250.0,Nestum,Nestum zero mel,Embalagem de 250 g,2.14,8.56,0,kg,€/Kg,,,https://driveimg1.intermarche.com/pt/Content/images/boitmal/produit/zoom/D832760CBFCD12A05671CAF2199EB4C4.jpg,,,2024-11-27T23:59:59.999999999Z,PROSPECTUS,9,2,,,,,
38148,5603722519123,1000.0,Milhafre,Leite de Pastagem Biológico Meio Gordo,1 litro,1.14,1.14,1000,L,€/L,,Produtos Bio,https://driveimg1.intermarche.com/pt/Content/images/boitmal/produit/zoom/2257B1DDB3999CD244A662F9C30070FE.jpg,,,2024-11-27T23:59:59.999999999Z,PROSPECTUS,9,2,,,,,
38313,8410104489090,800.0,Finish,Abrilhantador máquinas de loiça,800 ml,7.94,9.93,800,L,€/L,,,https://driveimg1.intermarche.com/pt/Content/images/boitmal/produit/zoom/8B79CB925236D2DED71F7EF88F673037.jpg,,,2024-11-27T23:59:59.999999999Z,PROSPECTUS,9,2,,,,,
41078,8718951333420,1250.0,Ajax,"Detergente líquido lava tudo festa das flores primavera, 1.25 litros",,2.24,1.79,1250,L,€/L,,,https://driveimg1.intermarche.com/pt/Content/images/boitmal/produit/zoom/1F65E7E5340A6A14958B2398A00217E9.jpg,,,2024-11-27T23:59:59.999999999Z,PROSPECTUS,9,2,,,,,
41080,8718951338333,1250.0,Ajax,"Detergente líquido lava tudo festa das flores montanha, embalagem de 1.25L",,2.24,1.79,1250,L,€/L,,,https://driveimg1.intermarche.com/pt/Content/images/boitmal/produit/zoom/9994C597530D04195747B334AB219D70.jpg,,,2024-11-27T23:59:59.999999999Z,PROSPECTUS,9,2,,,,,
42858,5604260309030,150.0,PorSi,Gofres,Embalagem de 150 g,1.0,6.67,0,kg,€/Kg,,,https://driveimg1.intermarche.com/pt/Content/images/boitmal/produit/zoom/B898DFD3051A0BE93E02C9EEB44D8A76.jpg,https://driveimg1.intermarche.com/pt/Content/images/boitmal/produit/zoom/DD7A3BD3CDDB0591AC79CE89DE728B14.jpg,https://driveimg1.intermarche.com/pt/Content/images/boitmal/produit/zoom/DD7A3BD3CDDB0591AC79CE89DE728B14.jpg,2024-11-27T23:59:59.999999999Z,PROSPECTUS,9,2,,,,,
4315,3600540542861,400.0,Garnier,Champô Ultra Suave de abacate & karité,Embalagem de 400 ml,3.79,9.48,400,L,€/L,,,https://driveimg1.intermarche.com/pt/Content/images/boitmal/produit/zoom/E826DE4F268362A3E1B1E27463FF1F1A.jpg,,,2024-11-27T23:59:59.999999999Z,PROSPECTUS,9,2,,,,,
43418,8001841889573,75.0,Pantene,Sérum selador de pontas abertas,75 ml,7.49,99.87,75,L,€/L,,,https://driveimg1.intermarche.com/pt/Content/images/boitmal/produit/zoom/1B5D0C56A8BEBCCB389999487B45B4A3.jpg,,,2024-11-27T23:59:59.999999999Z,PROSPECTUS,9,2,,,,,
43768,7613287121783,187.0,Smarties,"Smarties mini chocolate, 187g",,3.38,18.07,0,kg,€/Kg,,,https://driveimg1.intermarche.com/pt/Content/images/boitmal/produit/zoom/7A552A060795A355D30AAAB4BC193B70.jpg,https://driveimg1.intermarche.com/pt/Content/images/boitmal/produit/zoom/E8FEE980732B87942B93ED2D1ABFFA78.jpg,https://driveimg1.intermarche.com/pt/Content/images/boitmal/produit/zoom/E8FEE980732B87942B93ED2D1ABFFA78.jpg,2024-11-27T23:59:59.999999999Z,PROSPECTUS,9,2,,,,,
44051,3600542372992,60.0,Garnier,Champô Ultra Suave sólido delicadeza de aveia,60 g,4.19,69.83,0,kg,€/Kg,,,https://driveimg1.intermarche.com/pt/Content/images/boitmal/produit/zoom/7AB5F384934757BA924C834671E943CA.jpg,,,2024-11-27T23:59:59.999999999Z,PROSPECTUS,9,2,,,,,
44264,5603722517136,200.0,Mimosa,"Nata cremosa sem lactose, 200 ml",,0.99,4.95,200,L,€/L,,,https://driveimg1.intermarche.com/pt/Content/images/boitmal/produit/zoom/505AB5A758F0033F2C092C6776B8A3D2.jpg,,,2024-11-27T23:59:59.999999999Z,PROSPECTUS,9,2,,,,,
44389,8410001134925,,Scotch Brite,Esfregão com Esponja Fibra Verde Gama Classic,,0.99,0.99,1,,€/Unidade,,,https://driveimg1.intermarche.com/pt/Content/images/boitmal/produit/zoom/4B6C5529FF177F3DF11EAD6B51EEDBFA.jpg,,,2024-11-27T23:59:59.999999999Z,PROSPECTUS,9,2,,,,,
46228,7613287530813,300.0,Nestlé,Cereais chocolate,Embalagem de 300g,1.79,5.97,0,kg,€/Kg,,,https://driveimg1.intermarche.com/pt/Content/images/boitmal/produit/zoom/D92FA1CC67B57C16D004657334608B95.jpg,,,2024-11-27T23:59:59.999999999Z,PROSPECTUS,9,2,,,,,
4687,5000116105212,375.0,Iglo,Ervilhas,Embalagem de 375 g,1.89,5.04,0,kg,€/Kg,,Tipo de stockagem,https://driveimg1.intermarche.com/pt/Content/images/boitmal/produit/zoom/AB2CFAA543F3CFC918196092BD0A768E.jpg,,,2024-11-27T23:59:59.999999999Z,PROSPECTUS,9,2,,,,,
47656,5600258596994,700.0,Super Pop,Detergente loiça tripla ação limão,700 ml,2.49,3.56,700,L,€/L,,,https://driveimg1.intermarche.com/pt/Content/images/boitmal/produit/zoom/9B6C1826DA2FD7A5C114D3E60B5F7249.jpg,,,2024-11-27T23:59:59.999999999Z,PROSPECTUS,9,2,,,,,
47657,5600356070006,700.0,Super Pop,Detergente loiça tripla ação maçã,700 ml,2.49,3.56,700,L,€/L,,,https://driveimg1.intermarche.com/pt/Content/images/boitmal/produit/zoom/9DEA58F6F454AF0966E46763EC25F0B7.jpg,,,2024-11-27T23:59:59.999999999Z,PROSPECTUS,9,2,,,,,
48431,8006540583319,225.0,Pantene,Champô Caracóis Definidos,Embalagem de 225 ml,4.49,19.96,225,L,€/L,,,https://driveimg1.intermarche.com/pt/Content/images/boitmal/produit/zoom/A470FDA701B754CA9A3CD89D5963F00F.jpg,,,2024-11-27T23:59:59.999999999Z,PROSPECTUS,9,2,,,,,
48920,8006540417119,300.0,Pantene,Máscara Hidratante repara e protege,300 ml,4.94,16.47,300,L,€/L,,,https://driveimg1.intermarche.com/pt/Content/images/boitmal/produit/zoom/F57A085460D9603C4FB629C8C537D5EB.jpg,,,2024-11-27T23:59:59.999999999Z,PROSPECTUS,9,2,,,,,
4930,5410101015011,300.0,Glade,"Ambientador spray, aerosol, lavanda",Embalagem de 300 ml,1.79,5.97,300,L,€/L,,,https://driveimg1.intermarche.com/pt/Content/images/boitmal/produit/zoom/037FEE88560BD2E4881C975C0BCCF488.jpg,,,2024-11-27T23:59:59.999999999Z,PROSPECTUS,9,2,,,,,
49761,8410500024574,460.0,Danone,"Iogurte Bifidus Activia Chia Amêndoa 0%, 4 x 120g",,2.39,5.2,0,kg,€/Kg,,,https://driveimg1.intermarche.com/pt/Content/images/boitmal/produit/zoom/3C78D604FF38EBC1F8556A8A62CA8C37.jpg,,,2024-11-27T23:59:59.999999999Z,PROSPECTUS,9,2,,,,,
49762,5601050037562,460.0,Danone,"Iogurte com Cereais Activia, 4 x 120g",,2.39,5.2,0,kg,€/Kg,,,https://driveimg1.intermarche.com/pt/Content/images/boitmal/produit/zoom/51EAF4A53D8366A31634F35574981BCB.jpg,,,2024-11-27T23:59:59.999999999Z,PROSPECTUS,9,2,,,,,
49772,8445290308825,125.0,Gerber,Fruta Pera e Banana Bio,Boião de 125g,1.25,10.0,0,kg,€/Kg,,Produtos Bio,https://driveimg1.intermarche.com/pt/Content/images/boitmal/produit/zoom/A1D1A95B9E35B2DB8904120326F52426.jpg,,,2024-11-27T23:59:59.999999999Z,PROSPECTUS,9,2,,,,,
49775,8445290217240,90.0,Gerber,"Nutrição infantil manga bio, 90g",,0.89,9.89,0,kg,€/Kg,,Produtos Bio,https://driveimg1.intermarche.com/pt/Content/images/boitmal/produit/zoom/33EC3F928021703FAB0D46EB0BAF306B.jpg,,,2024-11-27T23:59:59.999999999Z,PROSPECTUS,9,2,,,,,
49776,7613287342805,125.0,Gerber,"Nutrição infantil bio de maçã, alperce e pêssego, boião de 125g",,1.25,10.0,0,kg,€/Kg,,Produtos Bio,https://driveimg1.intermarche.com/pt/Content/images/boitmal/produit/zoom/6AEEE00B1EFBE0BD1DEB529ED8C22A1B.jpg,,,2024-11-27T23:59:59.999999999Z,PROSPECTUS,9,2,,,,,
49779,7613287805119,190.0,Gerber,"Refeição Bio Puré de Ervilhas com batata e frango, 190g",,1.99,10.47,0,kg,€/Kg,,Produtos Bio,https://driveimg1.intermarche.com/pt/Content/images/boitmal/produit/zoom/8115AF04DD1FE11036F6E66AF0A9E321.jpg,,,2024-11-27T23:59:59.999999999Z,PROSPECTUS,9,2,,,,,
50452,5603722521027,160.0,Mimosa,"Manteiga com salsa e alho, 160g",,2.29,14.31,0,kg,€/Kg,,,https://driveimg1.intermarche.com/pt/Content/images/boitmal/produit/zoom/1CD8B81F49E4375F5654FDF0B89E11D8.jpg,,,2024-11-27T23:59:59.999999999Z,PROSPECTUS,9,2,,,,,
50458,5603722521003,160.0,Mimosa,"Manteiga com sal, 160g",,2.14,13.38,0,kg,€/Kg,,,https://driveimg1.intermarche.com/pt/Content/images/boitmal/produit/zoom/CE88A492F5E9C8FCFD1E960D124CC4C0.jpg,,,2024-11-27T23:59:59.999999999Z,PROSPECTUS,9,2,,,,,
5127,5601068015347,1000.0,Sun,Sal para máquina de loiça,Embalagem de 1 kg,1.49,1.49,0,kg,€/Kg,,,https://driveimg1.intermarche.com/pt/Content/images/boitmal/produit/zoom/525B9A3DF59B77ABB2076A5D4B0DCD09.jpg,,,2024-11-27T23:59:59.999999999Z,PROSPECTUS,9,2,,,,,
51397,8720182466181,80.0,Knorr,Caldo de Galinha com Azeite Virgem Extra Gallo 8 Cubos,Embalagem de 80g,1.59,19.88,0,kg,€/Kg,,,https://driveimg1.intermarche.com/pt/Content/images/boitmal/produit/zoom/E27205000FC371AE31641445CF45386C.jpg,,,2024-11-27T23:59:59.999999999Z,PROSPECTUS,9,2,,,,,
52221,8720181370427,,Surf,Detergente Máquina de Roupa Coco,45 cápsulas,8.99,8.99,0,,€/Unidade,,,https://driveimg1.intermarche.com/pt/Content/images/boitmal/produit/zoom/B89060F66F34B8E1C79FE5068E94C801.jpg,,,2024-11-27T23:59:59.999999999Z,PROSPECTUS,9,2,,,,,
52337,8720181392955,,Comfort,Amaciador Roupa Concentrado Creations Flor de Lótus e Lima,76 Doses,3.99,3.99,0,,€/Unidade,,,https://driveimg1.intermarche.com/pt/Content/images/boitmal/produit/zoom/18DD584DA1A39A596C301D171EB7721A.jpg,,,2024-11-27T23:59:59.999999999Z,PROSPECTUS,9,2,,,,,
52377,8720181385131,,Skip,Detergente Máquina Roupa Líquido Sabão Natural,100 Doses,11.99,11.99,0,,€/Unidade,,,https://driveimg1.intermarche.com/pt/Content/images/boitmal/produit/zoom/C8D069DB25783C2FC7889DE8456B0590.jpg,,,2024-11-27T23:59:59.999999999Z,PROSPECTUS,9,2,,,,,
52381,8720181407154,1300.0,Cif,"Lava Tudo Perfumado Lavanda, embalagem de 1,3l",,1.99,1.53,1300,L,€/L,,,https://driveimg1.intermarche.com/pt/Content/images/boitmal/produit/zoom/A81E6DD1EE934840EEF0519DC6E6E364.jpg,https://driveimg1.intermarche.com/pt/Content/images/boitmal/produit/zoom/935C662FEAE9FBF79977B0438F001CF1.jpg,,2024-11-27T23:59:59.999999999Z,PROSPECTUS,9,2,,,,,
52536,4008400320328,129.0,Kinder,Snack Chocolate Bueno,Embalagem de 3x43g,2.19,16.98,0,kg,€/Kg,,,https://driveimg1.intermarche.com/pt/Content/images/boitmal/produit/zoom/7D0C6F0D8A14FE6E20497AD8E847B60F.jpg,,,2024-11-27T23:59:59.999999999Z,PROSPECTUS,9,2,,,,,
52839,8720181380686,,Skip,"Detergente Roupa Máquina Cápsulas Skip Baby Embalagem Cartão, 32 doses",,8.99,8.99,32,,€/Unidade,,,https://driveimg1.intermarche.com/pt/Content/images/boitmal/produit/zoom/9D5657D4263153C15B398271532DDB88.jpg,,,2024-11-27T23:59:59.999999999Z,PROSPECTUS,9,2,,,,,
52851,8001630009410,170.0,Danone,"Bifidus Activia Topper Muesli, Chia, Quinoa e Mandorle, 170g",,1.59,9.35,0,kg,€/Kg,,,https://driveimg1.intermarche.com/pt/Content/images/boitmal/produit/zoom/EAE692D942BE28A776D2ABDEEBE9BC7A.jpg,,,2024-11-27T23:59:59.999999999Z,PROSPECTUS,9,2,,,,,
52880,8719200267794,450.0,Becel,"Creme Vegetal de Barrar com Sabor a Manteiga, 450g",,2.99,6.64,0,kg,€/Kg,,,https://driveimg1.intermarche.com/pt/Content/images/boitmal/produit/zoom/287D301C66C180312FAA8A3BAE7EA710.jpg,,,2024-11-27T23:59:59.999999999Z,PROSPECTUS,9,2,,,,,
52897,8720181392917,1332.0,Comfort,"Amaciador Concentrado Essência Pure, 74 Doses",,3.49,2.62,1332,L,€/L,,,https://driveimg1.intermarche.com/pt/Content/images/boitmal/produit/zoom/6C81AB307354BD851AD24288672BBAB9.jpg,,,2024-11-27T23:59:59.999999999Z,PROSPECTUS,9,2,,,,,
53099,5609060439833,200.0,Delta,"Mistura Solúvel Cereais, Chicória e Café, 200g",,2.89,14.45,0,kg,€/Kg,,,https://driveimg1.intermarche.com/pt/Content/images/boitmal/produit/zoom/6C77AA8D9D25539DF30A6CEB74FA144B.jpg,,,2024-11-27T23:59:59.999999999Z,PROSPECTUS,9,2,,,,,
53567,8410001134932,,Scotch Brite,"Esfregão Esponja Fibra Verde, 3 unidades",,1.49,1.49,3,,€/Unidade,,,https://driveimg1.intermarche.com/pt/Content/images/boitmal/produit/zoom/5A32937DC864386AE175090FF63EDE7C.jpg,,,2024-11-27T23:59:59.999999999Z,PROSPECTUS,9,2,,,,,
53667,5054563109705,75.0,Sensodyne,Pasta de Dentes Multiprotection Branqueadora,Embalagem de 75ml,3.96,52.8,75,L,€/L,,,https://driveimg1.intermarche.com/pt/Content/images/boitmal/produit/zoom/4ECD05DE4F9A66A4E1002721FFFE0E09.jpg,https://driveimg1.intermarche.com/pt/Content/images/boitmal/produit/zoom/79C3CD129F06F9A8E203F1CDCCF40417.jpg,https://driveimg1.intermarche.com/pt/Content/images/boitmal/produit/zoom/79C3CD129F06F9A8E203F1CDCCF40417.jpg,2024-11-27T23:59:59.999999999Z,PROSPECTUS,9,2,https://driveimg1.intermarche.com/pt/Content/images/boitmal/produit/zoom/79C3CD129F06F9A8E203F1CDCCF40417.jpg,,,,
53734,8006540849811,300.0,Pantene,Máscara Cabelo Longo Infinito,Embalagem de 300ml,4.89,16.3,300,L,€/L,,,https://driveimg1.intermarche.com/pt/Content/images/boitmal/produit/zoom/F1CB0A2A60DD17F498F26DCBACDE308D.jpg,,,2024-11-27T23:59:59.999999999Z,PROSPECTUS,9,2,,,,,
53802,3600542520409,60.0,Garnier,Champô Sólido Ultra Suave Carvão,Embalagem de 60g,4.19,69.83,0,kg,€/Kg,,,https://driveimg1.intermarche.com/pt/Content/images/boitmal/produit/zoom/BC627BE57491DE6254BF429764AFD7F0.jpg,,,2024-11-27T23:59:59.999999999Z,PROSPECTUS,9,2,,,,,
54361,8410104915186,,Finish,"Detergente Loiça Máquina Quantum Limão, 28 Pastilhas",,5.99,5.99,0,,€/Unidade,,,https://driveimg1.intermarche.com/pt/Content/images/boitmal/produit/zoom/1475A3F2DD398EC394FA4FC5F2649CB1.jpg,,,2024-11-27T23:59:59.999999999Z,PROSPECTUS,9,2,,,,,
6477,8410437531008,750.0,Cif,Desinfetante em gel p/ wc,Garrafa de 750 ml,1.49,1.99,750,L,€/L,,,https://driveimg1.intermarche.com/pt/Content/images/boitmal/produit/zoom/F80AEED5DC0E17CB3B3BE1F09E46AB95.jpg,,,2024-11-27T23:59:59.999999999Z,PROSPECTUS,9,2,,,,,
7043,2894074000000,150.0,Campofrio,Peito de peru forno lenha,1 un = 150 gr (aprox.),2.32,15.49,0,,€/Kg,,,https://driveimg1.intermarche.com/pt/Content/images/boitmal/produit/zoom/EF3CEFEECAD2391EED6F65839052F87D.jpg,,,2024-11-27T23:59:59.999999999Z,PROSPECTUS,9,2,,,,,
7050,2894090000000,150.0,Campofrio,Peito frango forno de lenha,1 un = 150 gr (aprox.),2.32,15.49,0,,€/Kg,,,https://driveimg1.intermarche.com/pt/Content/images/boitmal/produit/zoom/6772968344189119743079B1997DCA88.jpg,,,2024-11-27T23:59:59.999999999Z,PROSPECTUS,9,2,,,,,
7166,2895224000000,250.0,São Jorge,Queijo da Ilha DOP Cura 4 Meses,Vendido ao peso a partir de 250 gr,3.58,14.3,0,,€/Kg,,,https://driveimg1.intermarche.com/pt/Content/images/boitmal/produit/zoom/702004FBEA1D5588A2791A027C546286.jpg,,,2024-11-27T23:59:59.999999999Z,PROSPECTUS,9,2,,,,,
8396,5601049614330,250.0,Milhafre,Manteiga com sal,Embalagem de 250g,1.99,7.96,0,kg,€/Kg,,,https://driveimg1.intermarche.com/pt/Content/images/boitmal/produit/zoom/8DCB9F2F3B36086D35B7173891ABA268.jpg,,,2024-11-27T23:59:59.999999999Z,PROSPECTUS,9,2,,,,,
8398,5601050016024,600.0,Danone,"Danacol natural,  6 x 100 g",,2.99,4.98,0,kg,€/Kg,,,https://driveimg1.intermarche.com/pt/Content/images/boitmal/produit/zoom/F95F766B58ABBBA7608620C57921073C.jpg,,,2024-11-27T23:59:59.999999999Z,PROSPECTUS,9,2,,,,,
848,5000189974579,200.0,Kit Kat,Chocolate mini,Embalagem de 200g,3.38,16.9,0,kg,€/Kg,,,https://driveimg1.intermarche.com/pt/Content/images/boitmal/produit/zoom/33F684DC544CDCED4E93A337A33052D5.jpg,,,2024-11-27T23:59:59.999999999Z,PROSPECTUS,9,2,,,,,
8535,5601119957190,120.0,Campofrio,Peito peru forno lenha fatias finas,Embalagem de 120g,2.39,19.92,0,kg,€/Kg,,,https://driveimg1.intermarche.com/pt/Content/images/boitmal/produit/zoom/3F7CA3E554D26446A53C31E60BAEBF76.jpg,,,2024-11-27T23:59:59.999999999Z,PROSPECTUS,9,2,,,,,
8752,5601217102065,1000.0,Finish,Sal p/ máquina de lavar loiça,Embalagem de 1 kg,1.89,1.89,0,kg,€/Kg,,,https://driveimg1.intermarche.com/pt/Content/images/boitmal/produit/zoom/8EBDC7AE1197593D3539E53F449D6E79.jpg,,,2024-11-27T23:59:59.999999999Z,PROSPECTUS,9,2,,,,,
8808,5601252107094,250.0,Gallo,Vinagre vinho branco,Garrafa 250ML,1.19,4.76,250,L,€/L,,,https://driveimg1.intermarche.com/pt/Content/images/boitmal/produit/zoom/86233C156105BC4DB5DB2B825F1FC1C0.jpg,,,2024-11-27T23:59:59.999999999Z,PROSPECTUS,9,2,,,,,
948,5601001418402,200.0,Nestlé,Chocolate culinário,Embalagem de 200g,2.59,12.95,0,kg,€/Kg,,,https://driveimg1.intermarche.com/pt/Content/images/boitmal/produit/zoom/0FC536C15E8D7414777BAF405553F977.jpg,,,2024-11-27T23:59:59.999999999Z,PROSPECTUS,9,2,,,,,
997,5601038009031,80.0,Knorr,Caldo de marisco 8 cubos,Embalagem de 80g,1.49,18.63,0,kg,€/Kg,,,https://driveimg1.intermarche.com/pt/Content/images/boitmal/produit/zoom/7EB49A106F03BC7951E5777A06AA1A09.jpg,,,2024-11-27T23:59:59.999999999Z,PROSPECTUS,9,2,,,,,
251,2696001000000,400.0,Padaria,Baguete,400 g,0.79,1.98,0,kg,€/Kg,,,https://driveimg1.intermarche.com/pt/Content/images/boitmal/produit/zoom/872B1FA740AE707B5EB206709F5F94A0.jpg,,,2024-11-27T23:59:59.999999999Z,PROSPECTUS,9,2,,,,,
8802,5601244202363,400.0,Terra Nostra,Queijo em fatias,Embalagem de 400g,3.99,9.98,0,kg,€/Kg,,,https://driveimg1.intermarche.com/pt/Content/images/boitmal/produit/zoom/B65A579FDF6F0A415C810CA406B71B6F.jpg,,,2024-11-27T23:59:59.999999999Z,PROSPECTUS,9,2,,,,,
13242,2893227000000,200.0,Peixaria,Robalo de Viveiro,de 200 a 600 g (aprox.),1.2,5.99,0,,€/Kg,,,https://driveimg1.intermarche.com/pt/Content/images/boitmal/produit/zoom/48561D1FC8B0542874DDBC21F2E9ADCA.jpg,,,2024-11-27T23:59:59.999999999Z,PROSPECTUS,9,2,,,,,
12939,2892073000000,100.0,Legumes,Gengibre,1 un = 100 gr (aprox.),0.35,3.49,0,,€/Kg,,,https://driveimg1.intermarche.com/pt/Content/images/boitmal/produit/zoom/F521D3FB8B28A3559D4F16F09B6F660F.jpg,,,2024-11-27T23:59:59.999999999Z,PROSPECTUS,9,2,,,,,
989,5601029004014,120.0,Bom Petisco,Atum posta em óleo,Embalagem de 120 g,1.18,9.83,0,kg,€/Kg,,,https://driveimg1.intermarche.com/pt/Content/images/boitmal/produit/zoom/824E43DBA120CAA5D21A19E116ABF32B.jpg,,,2024-11-27T23:59:59.999999999Z,PROSPECTUS,9,2,,,,,
49463,8445290250322,600.0,Nestum,Flocos Cereais Mel,Embalagem de 600g,3.79,6.32,0,kg,€/Kg,,,https://driveimg1.intermarche.com/pt/Content/images/boitmal/produit/zoom/9F028579C623CFF4FC3FA9CCEB955938.jpg,,,2024-11-27T23:59:59.999999999Z,PROSPECTUS,9,2,,,,,
861,5010394996587,500.0,Pedigree,Guloseima para cão markies,Embalagem de 500g,3.59,7.18,0,kg,€/Kg,,,https://driveimg1.intermarche.com/pt/Content/images/boitmal/produit/zoom/2E51376683F2E119D24E279A86CC3F4B.jpg,,,2024-11-27T23:59:59.999999999Z,PROSPECTUS,9,2,,,,,
38049,8001841361079,340.0,Fairy,Detergente liquido para loiça limão,Embalagem de 340 ml,1.59,4.68,340,L,€/L,,,https://driveimg1.intermarche.com/pt/Content/images/boitmal/produit/zoom/BED1AA3039C8B605B08FD8155BD78E2E.jpg,,,2024-11-27T23:59:59.999999999Z,PROSPECTUS,9,2,,,,,
11959,5603722504945,200.0,Mimosa,Nata para culinária ligeira,Embalagem de 200 ml,0.84,4.2,200,L,€/L,,,https://driveimg1.intermarche.com/pt/Content/images/boitmal/produit/zoom/A0377F70E8B13E785737B9E790570BDE.jpg,,,2024-11-27T23:59:59.999999999Z,PROSPECTUS,9,2,,,,,
2445,5998749109113,270.0,Pedigree,Snack dentastix grande,Embalagem de 270 g,3.45,12.78,0,kg,€/Kg,,,https://driveimg1.intermarche.com/pt/Content/images/boitmal/produit/zoom/35241472DE7F17B0C520CB43E029E0A7.jpg,,,2024-11-27T23:59:59.999999999Z,PROSPECTUS,9,2,,,,,
15962,5601252107056,250.0,Gallo,Azeite virgem extra clássico,Garrafa de 250 ml,3.19,12.76,250,L,€/L,,,https://driveimg1.intermarche.com/pt/Content/images/boitmal/produit/zoom/CAFA94A66BB654B7BFA9F27383C3910F.jpg,,,2024-11-27T23:59:59.999999999Z,PROSPECTUS,9,2,,,,,
11496,5601049213991,200.0,Mimosa,Nata uht,embalagem de 200 ml,0.84,4.2,200,L,€/L,,,https://driveimg1.intermarche.com/pt/Content/images/boitmal/produit/zoom/887C5343F4688DBB2FEDBF4E6D25399A.jpg,,,2024-11-27T23:59:59.999999999Z,PROSPECTUS,9,2,,,,,
15687,5000116109234,700.0,Iglo,Ervilhas,Embalagem de 700g,3.39,4.84,0,kg,€/Kg,,Tipo de stockagem,https://driveimg1.intermarche.com/pt/Content/images/boitmal/produit/zoom/71AD6BFBFF464D2A1A4DF7364A6C0B7A.jpg,,,2024-11-27T23:59:59.999999999Z,PROSPECTUS,9,2,,,,,
12519,8712100417054,416.0,Hellmann's,"Maionese, frasco",Embalagem de 420g,3.14,7.55,0,kg,€/Kg,,,https://driveimg1.intermarche.com/pt/Content/images/boitmal/produit/zoom/252D905CA391CC38A3FB504ED230564C.jpg,https://driveimg1.intermarche.com/pt/Content/images/boitmal/produit/zoom/6731B805B2B4B445CCCFD0D614219E37.jpg,https://driveimg1.intermarche.com/pt/Content/images/boitmal/produit/zoom/6731B805B2B4B445CCCFD0D614219E37.jpg,2024-11-27T23:59:59.999999999Z,PROSPECTUS,9,2,,,,,
5096,5601050026429,300.0,Danonino Danone,"Queijinho danonino petitdino de morango/banana,  6 x 50 g",,1.99,6.63,0,kg,€/Kg,,,https://driveimg1.intermarche.com/pt/Content/images/boitmal/produit/zoom/FA8D1A9125B498992C62B9745CC5DD3D.jpg,,,2024-11-27T23:59:59.999999999Z,PROSPECTUS,9,2,,,,,
6988,0000056090017,100.0,Eru,Queijo creme real,Embalagem de 100 g,1.3,13.0,0,kg,€/Kg,,,https://driveimg1.intermarche.com/pt/Content/images/boitmal/produit/zoom/903838029622B2F4259D8E514B009979.jpg,,,2024-11-27T23:59:59.999999999Z,PROSPECTUS,9,2,,,,,
13175,2893160000000,300.0,Marisco,Mexilhão Médio Fresco,Vendido ao peso,0.6,1.99,0,,€/Kg,,,https://driveimg1.intermarche.com/pt/Content/images/boitmal/produit/zoom/F14ACE9787BE0CEBB197A6DF9EBBAB4B.jpg,,,2024-11-27T23:59:59.999999999Z,PROSPECTUS,9,2,,,,,
2466,7613032142599,500.0,Cerelac,Farinha láctea cerelac,Embalagem de 500g,3.74,7.48,0,kg,€/Kg,,,https://driveimg1.intermarche.com/pt/Content/images/boitmal/produit/zoom/FAE48F9FC8C51C77AD6C82F23613A30C.jpg,,,2024-11-27T23:59:59.999999999Z,PROSPECTUS,9,2,,,,,
5005,5601028000338,,Renova,"Guardanapos brancos, 33x33cm, 2 folhas, 90 unidades",Uma embalagem,1.24,1.24,0,,€/Unidade,,,https://driveimg1.intermarche.com/pt/Content/images/boitmal/produit/zoom/3884E9AABC2011F644E3D212C16321AC.jpg,,,2024-11-27T23:59:59.999999999Z,PROSPECTUS,9,2,,,,,
11471,5601029004076,120.0,Bom Petisco,Atum posta ao natural,Embalagem de 120 g,1.29,10.75,0,kg,€/Kg,,,https://driveimg1.intermarche.com/pt/Content/images/boitmal/produit/zoom/3740C19A3967CA1D1D99F6625E0A4BA4.jpg,,,2024-11-27T23:59:59.999999999Z,PROSPECTUS,9,2,,,,,
49475,5601146570027,3750.0,Sagres,Cerveja Mini,pack 15 x 25 cl,7.49,2.0,3750,L,€/L,,,https://driveimg1.intermarche.com/pt/Content/images/boitmal/produit/zoom/2A9CDD69C05CD0571DDBA8FAB1D27E24.jpg,,,2024-11-27T23:59:59.999999999Z,PROSPECTUS,9,2,,,,,
14172,5601226006460,1500.0,Ucal,Leite com chocolate original,Embalagem de 6 x 250 ml,5.99,3.99,1500,L,€/L,,,https://driveimg1.intermarche.com/pt/Content/images/boitmal/produit/zoom/A8DEEA2F1BA52BEDD2EBCFD8028ACEB1.jpg,,,2024-11-27T23:59:59.999999999Z,PROSPECTUS,9,2,,,,,
49763,5601050037579,460.0,Danone,"Iogurte Activia Fibras Aveia & Frutos Secos, 4 x 120g",,2.39,5.2,0,kg,€/Kg,,,https://driveimg1.intermarche.com/pt/Content/images/boitmal/produit/zoom/D3105D0A7021B60785802EF13F61AE8F.jpg,,,2024-11-27T23:59:59.999999999Z,PROSPECTUS,9,2,,,,,
1281,5601151136140,1000.0,Compal,Nectar vital equilibrio ananás/coco,Embalagem de 1 l,1.19,1.19,1000,L,€/L,,,https://driveimg1.intermarche.com/pt/Content/images/boitmal/produit/zoom/2353850FA900673F4C3B08C535F9375F.jpg,,,2024-11-27T23:59:59.999999999Z,PROSPECTUS,9,2,,,,,
13566,2893560000000,250.0,Congelado de Aquicultura,Camarão Congelado 20/30,1 un = 250 gr  (aprox.),2.25,8.99,0,,€/Kg,,Avantages !,https://driveimg1.intermarche.com/pt/Content/images/boitmal/produit/zoom/863DB9F10BE616A55736AB7A17BC6BB5.jpg,,,2024-11-27T23:59:59.999999999Z,PROSPECTUS,9,2,,,,,
35103,5601029000115,120.0,Bom Petisco,Sardinhas em azeite,Lata com 120 g,1.46,12.17,0,kg,€/Kg,,,https://driveimg1.intermarche.com/pt/Content/images/boitmal/produit/zoom/C04E3695F77420B1311611DC74837D3E.jpg,,,2024-11-27T23:59:59.999999999Z,PROSPECTUS,9,2,,,,,
17892,5601082039800,220.0,Delta Q,Café xl qalidus cápsulas,Embalagem de 220g,14.99,68.14,0,kg,€/Kg,,,https://driveimg1.intermarche.com/pt/Content/images/boitmal/produit/zoom/366FA5D4E032D6F1950F570ABB5EB801.jpg,,,2024-11-27T23:59:59.999999999Z,PROSPECTUS,9,2,,,,,
6278,8410001103877,,Scotch Brite,"Esfregão com Esponja Salva Unhas Fibra Verde Gama Classic, 2 unidades",,1.49,1.49,0,,€/Unidade,,,https://driveimg1.intermarche.com/pt/Content/images/boitmal/produit/zoom/E718E77E4D972A0ADC7B7B914A9452B5.jpg,,,2024-11-27T23:59:59.999999999Z,PROSPECTUS,9,2,,,,,
1269,5601151021750,850.0,Compal,Feijão preto 4/4,Lata de 850g,2.09,2.46,850,L,€/L,,,https://driveimg1.intermarche.com/pt/Content/images/boitmal/produit/zoom/21DABA3EFA33FCE5CAC8AAB060A46375.jpg,,,2024-11-27T23:59:59.999999999Z,PROSPECTUS,9,2,,,,,
26599,7622210693280,270.0,Milka,Tablete de chocolate leite,Embalagem de 270g,3.49,12.93,0,kg,€/Kg,,,https://driveimg1.intermarche.com/pt/Content/images/boitmal/produit/zoom/7332FD90ADF2D65FF67BAAF6DF4E088D.jpg,,,2024-11-27T23:59:59.999999999Z,PROSPECTUS,9,2,,,,,
49964,8719200238176,225.0,Becel,Creme de Barrar,Embalagem de 225g,1.89,8.4,0,kg,€/Kg,,,https://driveimg1.intermarche.com/pt/Content/images/boitmal/produit/zoom/382BF7BFAA9AE155413812F2C51A439C.jpg,,,2024-11-27T23:59:59.999999999Z,PROSPECTUS,9,2,,,,,
19586,8435257028057,720.0,Longa vida,"Iogurte aroma 0% tutti fruti/coco,  6 x 120 g",,2.29,3.18,0,kg,€/Kg,,,https://driveimg1.intermarche.com/pt/Content/images/boitmal/produit/zoom/18D91A939DFD31509CD0E9DB0A5315E6.jpg,,,2024-11-27T23:59:59.999999999Z,PROSPECTUS,9,2,,,,,
24410,8710908859502,750.0,Cif,Spray power&shine multiusos c/ lixívia,Garrafa de 750 ml,2.69,3.59,750,L,€/L,,,https://driveimg1.intermarche.com/pt/Content/images/boitmal/produit/zoom/BC1FC8E39B43E72D32F4657C6D001534.jpg,,,2024-11-27T23:59:59.999999999Z,PROSPECTUS,9,2,,,,,
2581,7622300086404,100.0,Milka,Tablete de chocolate com creme de caramelo,Embalagem de 100g,1.59,15.9,0,kg,€/Kg,,,https://driveimg1.intermarche.com/pt/Content/images/boitmal/produit/zoom/F8D5162A9CD2BB6CC870C7C585B6D422.jpg,,,2024-11-27T23:59:59.999999999Z,PROSPECTUS,9,2,,,,,
2608,7622300784751,175.0,Milka,Bolos cake e chococolate,Embalagem de 180g,2.14,12.23,0,kg,€/Kg,,,https://driveimg1.intermarche.com/pt/Content/images/boitmal/produit/zoom/0D2AD5B70424093B71C1FFA8B5C544BB.jpg,,,2024-11-27T23:59:59.999999999Z,PROSPECTUS,9,2,,,,,
5095,5601050026405,300.0,Danone,"Queijinho dadoninho petitdino de morango,  6 x 50 g",,1.99,6.63,0,kg,€/Kg,,,https://driveimg1.intermarche.com/pt/Content/images/boitmal/produit/zoom/A996A3A25DAAE4625EF7D6D51278644F.jpg,,,2024-11-27T23:59:59.999999999Z,PROSPECTUS,9,2,,,,,
5247,5601151720752,850.0,Compal,Feijão frade,Lata de 850g,2.09,2.46,0,kg,€/Kg,,,https://driveimg1.intermarche.com/pt/Content/images/boitmal/produit/zoom/9F9B431A96B6B05E71B79E3CE414A982.jpg,,,2024-11-27T23:59:59.999999999Z,PROSPECTUS,9,2,,,,,
1271,5601151043455,1000.0,Compal,Néctar vital equilibrio laranja/cenoura/manga,Embalagem de 1 l,1.35,1.35,1000,L,€/L,,,https://driveimg1.intermarche.com/pt/Content/images/boitmal/produit/zoom/3AF115231F2C0FD57C62006464E6A0F7.jpg,,,2024-11-27T23:59:59.999999999Z,PROSPECTUS,9,2,,,,,
14346,3387390406849,150.0,Nestlé,Barras cereais chocapic,Embalagem de 150g,2.39,15.93,0,kg,€/Kg,,,https://driveimg1.intermarche.com/pt/Content/images/boitmal/produit/zoom/62C7C838E38BFF97731D8D005E4F2D59.jpg,,,2024-11-27T23:59:59.999999999Z,PROSPECTUS,9,2,,,,,
22395,8712100745614,412.0,Hellmann's,Mionese top down,Embalagem de 410g,3.14,7.62,0,kg,€/Kg,,,https://driveimg1.intermarche.com/pt/Content/images/boitmal/produit/zoom/C642A36EEC291CE47645FCCBF50ED41C.jpg,https://driveimg1.intermarche.com/pt/Content/images/boitmal/produit/zoom/8441A970BF19CB238C08CCCD9712CAB2.jpg,https://driveimg1.intermarche.com/pt/Content/images/boitmal/produit/zoom/8441A970BF19CB238C08CCCD9712CAB2.jpg,2024-11-27T23:59:59.999999999Z,PROSPECTUS,9,2,,,,,
37992,5601027943551,650.0,Bimbo,"Pão de forma sem côdea 10 cereais, embalagem 650 g",,2.29,3.52,0,kg,€/Kg,,,https://driveimg1.intermarche.com/pt/Content/images/boitmal/produit/zoom/E65A0CCDAE1A5FCAC2C1D9A9BA0AFBC6.jpg,,,2024-11-27T23:59:59.999999999Z,PROSPECTUS,9,2,,,,,
32342,5603722517334,200.0,Milhafre,Queijo açoriano fatias de textura cremosa,Embalagem de 200g,2.09,10.45,0,kg,€/Kg,,,https://driveimg1.intermarche.com/pt/Content/images/boitmal/produit/zoom/ED1DA3BFDC83B30FF20CB1A8441640A4.jpg,,,2024-11-27T23:59:59.999999999Z,PROSPECTUS,9,2,,,,,
44914,5601119345379,160.0,Nobre,Vegalia especialidade vegetariana de soja,Lata com 8 unidades,2.09,13.06,0,kg,€/Kg,,,https://driveimg1.intermarche.com/pt/Content/images/boitmal/produit/zoom/54ED9714421A275D2E718198BEFF1393.jpg,,,2024-11-27T23:59:59.999999999Z,PROSPECTUS,9,2,,,,,
10056,8410036800468,750.0,Freixenet,"Espumante cava bruto, reserva",Garrafa de 750 ml,7.99,10.65,750,L,€/L,,,https://driveimg1.intermarche.com/pt/Content/images/boitmal/produit/zoom/71005F461E53AA0E268F973931CDE2DB.jpg,,,2024-12-24T23:59:59.999999999Z,PROSPECTUS,9,3,,,,,
18596,8410500016029,400.0,Danonino Danone,"Iogurte líquido danonino morango/banana,  4 x 100 g",,1.99,4.98,0,kg,€/Kg,,,https://driveimg1.intermarche.com/pt/Content/images/boitmal/produit/zoom/418CA3EE44828DD39BFD6E2687E787F2.jpg,,,2024-11-27T23:59:59.999999999Z,PROSPECTUS,9,3,,,,,
52338,8720181392931,,Comfort,Amaciador Roupa Concentrado Creations Jasmim e Mirtilo,76 Doses,3.99,3.99,0,,€/Unidade,,,https://driveimg1.intermarche.com/pt/Content/images/boitmal/produit/zoom/DED7323146382FF9F9D6D0F2196F9D63.jpg,,,2024-11-27T23:59:59.999999999Z,PROSPECTUS,9,3,,,,,
6993,0000056091151,100.0,Eru,"Queijo creme, presunto",Embalagem de 100 g,1.3,13.0,0,kg,€/Kg,,,https://driveimg1.intermarche.com/pt/Content/images/boitmal/produit/zoom/18F3A18A3116B3716EC2E65028430488.jpg,,,2024-11-27T23:59:59.999999999Z,PROSPECTUS,9,3,,,,,
8534,5601119957183,120.0,Campofrio,Peito peru forno lenha  fatias clássicas,Embalagem de 120g,2.39,19.92,0,kg,€/Kg,,,https://driveimg1.intermarche.com/pt/Content/images/boitmal/produit/zoom/963799DA88555602C0BE8ACB0150C34E.jpg,,,2024-11-27T23:59:59.999999999Z,PROSPECTUS,9,3,,,,,
2403,5608543000072,20.0,Tetley,"Chá de mel, limão e ginseng",Embalagem de 20g,0.95,47.5,0,kg,€/Kg,,,https://driveimg1.intermarche.com/pt/Content/images/boitmal/produit/zoom/DB68353C4D0E30C880FEA97D075943EF.jpg,,,2024-11-27T23:59:59.999999999Z,PROSPECTUS,9,3,,,,,
25275,5775345121578,700.0,Sunquick,Concentrado de laranja,Garrafa de 700 ml,5.19,7.41,700,L,€/L,,,https://driveimg1.intermarche.com/pt/Content/images/boitmal/produit/zoom/8F6159314AFA9ACA4FB2EC88A7BBF04D.jpg,,,2024-11-27T23:59:59.999999999Z,PROSPECTUS,9,3,,,,,
2603,7622300631574,100.0,Milka,Tablete de chocolate,Embalagem de 100g,1.59,15.9,0,kg,€/Kg,,,https://driveimg1.intermarche.com/pt/Content/images/boitmal/produit/zoom/02BB17BD1727FA5D1A551CABF31FFDD9.jpg,,,2024-11-27T23:59:59.999999999Z,PROSPECTUS,9,3,,,,,
51751,8720181338502,435.0,Cif,"Spray remove bolores, 435 ml",,2.49,5.72,435,L,€/L,,,https://driveimg1.intermarche.com/pt/Content/images/boitmal/produit/zoom/380C503403FDBF9BBCD37132FDE8F56E.jpg,,,2024-11-27T23:59:59.999999999Z,PROSPECTUS,9,3,,,,,
52339,8720181392924,,Comfort,Amaciador Roupa Concentrado Creations Lírios e Morango,76 Doses,3.99,3.99,0,,€/Unidade,,,https://driveimg1.intermarche.com/pt/Content/images/boitmal/produit/zoom/8F3E1CB8E1F41E507DB7FBA8EF126461.jpg,,,2024-11-27T23:59:59.999999999Z,PROSPECTUS,9,3,,,,,
8068,5011417544679,400.0,Finish,Abrilhantador p/ máquina de lavar loiça,Garrafa de 400 ml,3.99,9.98,400,L,€/L,,,https://driveimg1.intermarche.com/pt/Content/images/boitmal/produit/zoom/5D045CC65EE222532216DB5B0BF2A582.jpg,,,2024-11-27T23:59:59.999999999Z,PROSPECTUS,9,3,,,,,
815,5000116106172,250.0,Capitão Iglo,"Douradinhos de frango, 10 unidades",Embalagem de 250g,3.49,13.96,0,kg,€/Kg,,Tipo de stockagem,https://driveimg1.intermarche.com/pt/Content/images/boitmal/produit/zoom/F63F8EDC7F7FF2702078ACE6C5ED02AC.jpg,,,2024-11-27T23:59:59.999999999Z,PROSPECTUS,9,3,,,,,
16229,8712561587495,4000.0,Comfort,"Amaciador de roupa, pure",Garrafa de 4 l,4.99,1.25,4000,L,€/L,,,https://driveimg1.intermarche.com/pt/Content/images/boitmal/produit/zoom/AAE7E7461FE5C9CAA68CFDC37842673D.jpg,,,2024-11-27T23:59:59.999999999Z,PROSPECTUS,9,3,,,,,
18426,3600541887817,400.0,Garnier,Champô Ultra Suave Delicias de Aveia,Embalagem de 400 ml,3.79,9.48,400,L,€/L,,,https://driveimg1.intermarche.com/pt/Content/images/boitmal/produit/zoom/6E178A060EBA624F1168DFA6C596E4DF.jpg,,,2024-11-27T23:59:59.999999999Z,PROSPECTUS,9,3,,,,,
2406,5608543000102,30.0,Tetley,Chá preto,Embalagem de 30g,1.29,43.0,0,kg,€/Kg,,,https://driveimg1.intermarche.com/pt/Content/images/boitmal/produit/zoom/B2CA31FF335EAFD397F63994E5AF9EBC.jpg,,,2024-11-27T23:59:59.999999999Z,PROSPECTUS,9,3,,,,,
25906,8412600071144,650.0,Bimbo,"Pão de forma especial torradas s/ côdea, 650g",,2.09,3.22,0,kg,€/Kg,,,https://driveimg1.intermarche.com/pt/Content/images/boitmal/produit/zoom/FE072CBAE2B254D11818DC4B4A08F173.jpg,,,2024-11-27T23:59:59.999999999Z,PROSPECTUS,9,3,,,,,
33563,5609060007070,200.0,Delta,Cevada solúvel,Embalagem de 200 g,2.29,11.45,0,kg,€/Kg,,,https://driveimg1.intermarche.com/pt/Content/images/boitmal/produit/zoom/FCB4ACE0A99B76EEACA4812C330BEF0D.jpg,,,2024-11-27T23:59:59.999999999Z,PROSPECTUS,9,3,,,,,
34598,5600376210192,250.0,Pasta do Dia,Folhas para Lasanha,Embalagem de 250g,1.9,7.6,0,kg,€/Kg,,,https://driveimg1.intermarche.com/pt/Content/images/boitmal/produit/zoom/EBAC9FC3B3986A432A1014DAEBFBBBF2.jpg,,,2024-11-27T23:59:59.999999999Z,PROSPECTUS,9,3,,,,,
48682,3017760363396,75.0,Mikado,Biscoito chocolate de leite,Embalagem de 75g,1.69,22.53,0,kg,€/Kg,,,https://driveimg1.intermarche.com/pt/Content/images/boitmal/produit/zoom/E5AECC4B056C3B93F707028B6876AB43.jpg,,,2024-11-27T23:59:59.999999999Z,PROSPECTUS,9,3,,,,,
52302,3600542512428,400.0,Garnier,Champô Ultra Suave Carvão,Embalagem de 400ml,3.79,9.48,400,L,€/L,,Produtos Bio,https://driveimg1.intermarche.com/pt/Content/images/boitmal/produit/zoom/8126B6DDAA84D0A1234F6E7D42BC7B29.jpg,,,2024-11-27T23:59:59.999999999Z,PROSPECTUS,9,3,,,,,
52887,5603722523137,200.0,Mimosa,"Natas para Massas, 200 ml",,0.99,4.95,200,L,€/L,,,https://driveimg1.intermarche.com/pt/Content/images/boitmal/produit/zoom/F3EDAE46E372CBB78EE7DEA3A9DB3BD9.jpg,,,2024-11-27T23:59:59.999999999Z,PROSPECTUS,9,3,,,,,
7140,2895062000000,250.0,Santiago,Queijo tres igrejas cura 2 meses,Vendido ao peso a partir de 250 gr,3.0,11.99,0,,€/Kg,,,https://driveimg1.intermarche.com/pt/Content/images/boitmal/produit/zoom/23C77AA648CADC2DCC87B3557E21073E.jpg,,,2024-11-27T23:59:59.999999999Z,PROSPECTUS,9,3,,,,,
1191,5601119009660,180.0,Nobre,Mini salsichas cocktail,lata de 180g,1.79,9.94,0,kg,€/Kg,,,https://driveimg1.intermarche.com/pt/Content/images/boitmal/produit/zoom/823F6F019E644C8CAAB58DB89986EEFD.jpg,,,2024-11-27T23:59:59.999999999Z,PROSPECTUS,9,3,,,,,
22254,3600542027533,250.0,Garnier,Champô Ultra Suave Limão & Argila,Embalagem de 400 ml,3.79,15.16,250,L,€/L,,,https://driveimg1.intermarche.com/pt/Content/images/boitmal/produit/zoom/E3CC3793DBEA441FB5E435D1445DE8F2.jpg,,,2024-11-27T23:59:59.999999999Z,PROSPECTUS,9,3,,,,,
40762,2708171000000,500.0,PorSi,Peito peito de peru Programa Origens,Vendido ao peso,4.5,8.99,0,,€/Kg,,,https://driveimg1.intermarche.com/pt/Content/images/boitmal/produit/zoom/0A62C4A780EB4CF2F225FCE0EFDC4EA0.jpg,,,2024-11-27T23:59:59.999999999Z,PROSPECTUS,9,3,,,,,
4713,5000204559163,150.0,Glade,"Absorvedores de odores, relax zen",Embalagem de 2x150g,3.29,21.93,150,L,€/L,,,https://driveimg1.intermarche.com/pt/Content/images/boitmal/produit/zoom/5F5127732C6C1BEA94A3BEA1EF5AFBE6.jpg,,,2024-11-27T23:59:59.999999999Z,PROSPECTUS,9,3,,,,,
7550,3600541550087,400.0,Garnier,Champô Ultra Suave tesouros de mel,Embalagem de 400 ml,3.79,9.48,400,L,€/L,,,https://driveimg1.intermarche.com/pt/Content/images/boitmal/produit/zoom/E6566E0DAE3A76CF422C4F3C02B07F81.jpg,,,2024-11-27T23:59:59.999999999Z,PROSPECTUS,9,3,,,,,
1294,5601151450758,850.0,Compal,Feijão manteiga,Lata de 850g,2.09,2.46,0,kg,€/Kg,,,https://driveimg1.intermarche.com/pt/Content/images/boitmal/produit/zoom/6FA62F2ED9DBA77E1AF2A2492B6A9743.jpg,,,2024-11-27T23:59:59.999999999Z,PROSPECTUS,9,3,,,,,
1420,5601252107131,250.0,Gallo,Vinagre balsâmico modena,Garrafa de 250 ml,1.59,6.36,250,L,€/L,,,https://driveimg1.intermarche.com/pt/Content/images/boitmal/produit/zoom/CFFAABA356A1FEBBDE1686B6D03B7362.jpg,,,2024-11-27T23:59:59.999999999Z,PROSPECTUS,9,3,,,,,
16492,8718951037847,500.0,Ajax,"Limpa vidros pistola, tripla acção, embalagem de 500 ml",,1.97,3.94,500,L,€/L,,,https://driveimg1.intermarche.com/pt/Content/images/boitmal/produit/zoom/B2E06550937917C2E4B1E74DDD7CCA54.jpg,,,2024-11-27T23:59:59.999999999Z,PROSPECTUS,9,3,,,,,
16567,5000116110070,750.0,Iglo,Esparregado de espinafres,Embalagem de 750g,3.49,4.65,0,kg,€/Kg,,Tipo de stockagem,https://driveimg1.intermarche.com/pt/Content/images/boitmal/produit/zoom/86D3F3D2313F56668D62EB7FF71C326B.jpg,,,2024-11-27T23:59:59.999999999Z,PROSPECTUS,9,3,,,,,
21417,8410136003486,400.0,Pedigree,"Alimento húmido para cão, galinha e cordeiro",Embalagem de 400g,2.45,6.13,0,kg,€/Kg,,,https://driveimg1.intermarche.com/pt/Content/images/boitmal/produit/zoom/3591685DF3CE8F70C5DF9853F3C50774.jpg,,,2024-11-27T23:59:59.999999999Z,PROSPECTUS,9,3,,,,,
2407,5608543000133,18.0,Tetley,Chá verde,Embalagem de 20g,0.95,52.78,0,kg,€/Kg,,,https://driveimg1.intermarche.com/pt/Content/images/boitmal/produit/zoom/8E02DD9BA1324B098CBEC62350029218.jpg,,,2024-11-27T23:59:59.999999999Z,PROSPECTUS,9,3,,,,,
2778,8410168399939,4000.0,Friskies,Ração para gato adulto com coelho,Embalagem de 4 kg,10.79,2.7,0,kg,€/Kg,,,https://driveimg1.intermarche.com/pt/Content/images/boitmal/produit/zoom/D77E234EEC231A513DCFB3E4E6B53BA0.jpg,,,2024-11-27T23:59:59.999999999Z,PROSPECTUS,9,3,,,,,
31215,5601692071498,1000.0,Bom sucesso,Arroz para risotto bom sucesso,Embalagem de 1 kg,2.44,2.44,0,kg,€/Kg,,,https://driveimg1.intermarche.com/pt/Content/images/boitmal/produit/zoom/2201CC75AAA41C406D31C32C55688C21.jpg,,,2024-11-27T23:59:59.999999999Z,PROSPECTUS,9,3,,,,,
33536,3600542182485,400.0,Garnier,Champô Ultra Suave leite amêndoa,400 ml,3.79,9.48,400,L,€/L,,Produtos Bio,https://driveimg1.intermarche.com/pt/Content/images/boitmal/produit/zoom/F3B1CF4AEFF71FB10FB8C2143F7B79A7.jpg,,,2024-11-27T23:59:59.999999999Z,PROSPECTUS,9,3,,,,,
34404,7613034675842,198.0,Lion,Chocolate lion mini,Embalagem de 198 g,3.38,17.07,0,kg,€/Kg,,,https://driveimg1.intermarche.com/pt/Content/images/boitmal/produit/zoom/E01713645BBE2905958004B9A9FB13F5.jpg,,,2024-11-27T23:59:59.999999999Z,PROSPECTUS,9,3,,,,,
35418,8410436321167,100.0,Sonasol,Bloco sanitário desinfetante eucalipto,Embalagem de 2 x 50 g,2.99,29.9,0,kg,€/Kg,,,https://driveimg1.intermarche.com/pt/Content/images/boitmal/produit/zoom/A918F313F68359F1E7193674B093B10C.jpg,,,2024-11-27T23:59:59.999999999Z,PROSPECTUS,9,3,,,,,
35631,8410436329545,100.0,Sonasol,Bloco sanitário desinfectante duplo floral,Embalagem de 2 x 50 g,2.99,29.9,0,kg,€/Kg,,,https://driveimg1.intermarche.com/pt/Content/images/boitmal/produit/zoom/4B512DA095664E6F814B383EE3473F2D.jpg,,,2024-11-27T23:59:59.999999999Z,PROSPECTUS,9,3,,,,,
40596,5601151974018,1750.0,Pepsi,Refrigerante com gás regular,Garrafa de 1.75 l,1.59,0.91,1750,L,€/L,,,https://driveimg1.intermarche.com/pt/Content/images/boitmal/produit/zoom/F52267090DF1996DA646836F5B1D9EDD.jpg,,,2024-11-27T23:59:59.999999999Z,PROSPECTUS,9,3,,,,,
50629,5603722521454,1208.0,Mimosa,"Iogurte magro liquido de morango e framboesa, 8 x 151ml",,3.09,2.56,1208,L,€/L,,,https://driveimg1.intermarche.com/pt/Content/images/boitmal/produit/zoom/D754EA086EB368BBBC0D9470F68EFC4B.jpg,,,2024-11-27T23:59:59.999999999Z,PROSPECTUS,9,3,,,,,
5126,5601068014494,750.0,Cif,Desinfetante em gel c/ lixívia,Garrafa de 750 ml,1.49,1.99,750,L,€/L,,,https://driveimg1.intermarche.com/pt/Content/images/boitmal/produit/zoom/DD01BA25A9A9F730D8ADD335AE8FD21F.jpg,,,2024-11-27T23:59:59.999999999Z,PROSPECTUS,9,3,,,,,
52079,8711327585782,330.0,Magnum,Gelado Mini Double Caramel e Gold Caramel Billionaire,Embalagem de 330 ml,3.99,12.09,330,L,€/L,,Tipo de stockagem,https://driveimg1.intermarche.com/pt/Content/images/boitmal/produit/zoom/D564E502B2870AC727EEABF11EB02168.jpg,,,2024-11-27T23:59:59.999999999Z,PROSPECTUS,9,3,,,,,
52528,5604260330942,750.0,Selecção de Enófilos,Vinho Tinto do Douro Touriga-Nacional,Garrafa de 0.75 litros,3.99,5.32,750,L,€/L,,,https://driveimg1.intermarche.com/pt/Content/images/boitmal/produit/zoom/FFC26659C33A647A2CF5D5B111C3F509.jpg,,,2024-11-27T23:59:59.999999999Z,PROSPECTUS,9,3,,,,,
6277,8410001103754,,Scotch Brite,Pano amarelo Multiusos,Embalagem de 1 unidades,1.08,1.08,1,,€/Unidade,,,https://driveimg1.intermarche.com/pt/Content/images/boitmal/produit/zoom/4EDC51C03E14CCEABAB0D6C2E4C33CFE.jpg,,,2024-11-27T23:59:59.999999999Z,PROSPECTUS,9,3,,,,,
8538,5601119957213,120.0,Campofrio,Peito frango forno lenha fatias finas,Embalagem de 120g,2.39,19.92,0,kg,€/Kg,,,https://driveimg1.intermarche.com/pt/Content/images/boitmal/produit/zoom/A07912C7AB7FD404926F35358863642D.jpg,,,2024-11-27T23:59:59.999999999Z,PROSPECTUS,9,3,,,,,
11614,5601164874206,1980.0,Super Bock,"Cerveja sem álcool, tara perdida",Pack 6 X 0.33 L,4.49,2.27,1980,L,€/L,,,https://driveimg1.intermarche.com/pt/Content/images/boitmal/produit/zoom/82CDFA291D56D541FEE3D9F75B502D50.jpg,,,2024-11-27T23:59:59.999999999Z,PROSPECTUS,9,3,,,,,
12146,5604260272785,750.0,Selecção de Enófilos,Espumoso moscato,"Garrafa de 0,75 l",3.39,4.52,750,L,€/L,,,https://driveimg1.intermarche.com/pt/Content/images/boitmal/produit/zoom/CA3B3A3DABAFE27F0DB3F8EA5EDF7A4D.jpg,,,2024-12-24T23:59:59.999999999Z,PROSPECTUS,9,3,,,,,
1276,5601151117101,1000.0,Compal,Néctar vital equilibrio frutos vermelhos,Embalagem de 1 l,1.35,1.35,1000,L,€/L,,,https://driveimg1.intermarche.com/pt/Content/images/boitmal/produit/zoom/F0950B13CAACDCB597B5CA331A1F58B4.jpg,,,2024-11-27T23:59:59.999999999Z,PROSPECTUS,9,3,,,,,
14653,5601119225442,110.0,Nobre,Fiambre da perna extra fatias finas cuida-t+,Embalagem de 110g,1.99,18.09,0,kg,€/Kg,,,https://driveimg1.intermarche.com/pt/Content/images/boitmal/produit/zoom/D5E0C522AAF17703A5791C561676C67A.jpg,,,2024-11-27T23:59:59.999999999Z,PROSPECTUS,9,3,,,,,
15504,5601050031669,480.0,Danone,"Iogurte activia cremoso frutos silvestres,  4 x 120 g",,1.99,4.15,0,kg,€/Kg,,,https://driveimg1.intermarche.com/pt/Content/images/boitmal/produit/zoom/709B548D37F71DDA459131D3F3B36E78.jpg,,,2024-11-27T23:59:59.999999999Z,PROSPECTUS,9,3,,,,,
15997,5601001003769,200.0,Nescafé,Café solúvel clássico,Embalagem de 200g,6.74,33.7,0,kg,€/Kg,,,https://driveimg1.intermarche.com/pt/Content/images/boitmal/produit/zoom/DD7727DB415CF8C2EED3E262EA39C260.jpg,,,2024-11-27T23:59:59.999999999Z,PROSPECTUS,9,3,,,,,
18024,2696283000000,250.0,Pastelaria,"Baguete Constance Cereais, 250 g",,1.09,4.36,0,kg,€/Kg,,,https://driveimg1.intermarche.com/pt/Content/images/boitmal/produit/zoom/685E2D57DF9ABD650B27DD54077FB84E.jpg,,,2024-11-27T23:59:59.999999999Z,PROSPECTUS,9,3,,,,,
25331,3600542075015,400.0,Garnier,Champô Ultra Suave Leite de Coco e Macadâmia,Embalagem com 400 ml,3.79,9.48,400,L,€/L,,,https://driveimg1.intermarche.com/pt/Content/images/boitmal/produit/zoom/32C336B9D33C06DAFE850C5DF44E7250.jpg,,,2024-11-27T23:59:59.999999999Z,PROSPECTUS,9,3,,,,,
25338,3600542075350,400.0,Garnier,Condicionador Ultra Suave Leite de Coco e Macadâmia,Embalagem de 400 ml,3.79,9.48,400,L,€/L,,,https://driveimg1.intermarche.com/pt/Content/images/boitmal/produit/zoom/5E8E5BE7843BC84D401EC87981F1391B.jpg,,,2024-11-27T23:59:59.999999999Z,PROSPECTUS,9,3,,,,,
2723,8410031944839,70.0,Chupa Chups,Chupa sortidos s/ açúcar,Embalagem de 70g,2.54,36.29,0,kg,€/Kg,,,https://driveimg1.intermarche.com/pt/Content/images/boitmal/produit/zoom/67980CE751DDC4BA0081AF7E6B5D1A54.jpg,,,2024-11-27T23:59:59.999999999Z,PROSPECTUS,9,3,,,,,
31906,4005900388537,150.0,Nivea,Desodorizante Pure & Natural Spray,150 ml,2.84,18.93,150,L,€/L,,,https://driveimg1.intermarche.com/pt/Content/images/boitmal/produit/zoom/CE252F48A1BA05D2CA75526FEC5501B5.jpg,,,2024-11-27T23:59:59.999999999Z,PROSPECTUS,9,3,,,,,
33659,3600542182492,400.0,Garnier,Condicionador Ultra Suave leite amêndoa,Embalagem de 400 ml,3.79,9.48,400,L,€/L,,Produtos Bio,https://driveimg1.intermarche.com/pt/Content/images/boitmal/produit/zoom/DEAD82467DDC93B6370C614580E5C99E.jpg,,,2024-11-27T23:59:59.999999999Z,PROSPECTUS,9,3,,,,,
38312,8410104702663,250.0,Finish,Limpa máquinas de loiça limão,Embalagem com 250 ml,3.89,15.56,250,L,€/L,,,https://driveimg1.intermarche.com/pt/Content/images/boitmal/produit/zoom/9D00E5B8A4B2948FDB414A41D501B929.jpg,,,2024-11-27T23:59:59.999999999Z,PROSPECTUS,9,3,,,,,
41341,8711327391475,270.0,Olá,Gelado magnum salted caramel & glazed almonds,Embalagem de 3 x 90 ml,3.29,12.19,270,L,€/L,,Tipo de stockagem,https://driveimg1.intermarche.com/pt/Content/images/boitmal/produit/zoom/584EE4A4EE1BDD1E470C1DA40C6359E1.jpg,,,2024-11-27T23:59:59.999999999Z,PROSPECTUS,9,3,,,,,
41447,5601082047812,,Delta Q,Café mythiq,Embalagem com 40 cápsulas,15.49,15.49,0,,€/Unidade,,,https://driveimg1.intermarche.com/pt/Content/images/boitmal/produit/zoom/8B9EC0DC169048AF93D5FDC86ECCEBB0.jpg,,,2024-11-27T23:59:59.999999999Z,PROSPECTUS,9,3,,,,,
42244,5604260308828,4000.0,PorSi,Ração seca para cão adulto atividade normal,Embalagem de 4 kg,4.99,1.25,0,kg,€/Kg,,,https://driveimg1.intermarche.com/pt/Content/images/boitmal/produit/zoom/7FCF75062802A5E94BD43D0BD28C29A4.jpg,,,2024-11-27T23:59:59.999999999Z,PROSPECTUS,9,3,,,,,
44961,5054563098757,75.0,Sensodyne,Pasta dentífrica repair & protect branqueadora,Embalagem de 75 ml,4.19,55.87,75,L,€/L,,,https://driveimg1.intermarche.com/pt/Content/images/boitmal/produit/zoom/A635A3648DCB48F3466BC2FA7131A17D.jpg,,,2024-11-27T23:59:59.999999999Z,PROSPECTUS,9,3,,,,,
44990,7322541026848,,Colhogar,"Rolo Cozinha Triplo Paratodo XXL, 2 rolos",,3.15,3.15,0,,€/Unidade,,,https://driveimg1.intermarche.com/pt/Content/images/boitmal/produit/zoom/D7D19DB9B75A0279B1869704AC2D4550.jpg,https://driveimg1.intermarche.com/pt/Content/images/boitmal/produit/zoom/3EFB623CBF091E7B25484E554BB042B0.jpg,https://driveimg1.intermarche.com/pt/Content/images/boitmal/produit/zoom/D25ABA2FCB50C61A20036B045DB81E5B.jpg,2024-11-27T23:59:59.999999999Z,PROSPECTUS,9,3,https://driveimg1.intermarche.com/pt/Content/images/boitmal/produit/zoom/FA1A8518060E22F3B0A34FCE764F40DD.jpg,,,,
45373,5601159000443,120.0,Bom Petisco,Filetes de cavala em azeite virgem extra,Embalagem de 120g,3.87,32.25,0,kg,€/Kg,,,https://driveimg1.intermarche.com/pt/Content/images/boitmal/produit/zoom/8430270472A57661D7C19AFE54EA5A0A.jpg,,,2024-11-27T23:59:59.999999999Z,PROSPECTUS,9,3,,,,,
45551,8001841993904,300.0,H&S,Champô anti-caspa limpeza profunda e alívio da comichão,300 ml,5.99,19.97,300,L,€/L,,,https://driveimg1.intermarche.com/pt/Content/images/boitmal/produit/zoom/9D4695ABF3865F4D38210A47A84CB551.jpg,,,2024-11-27T23:59:59.999999999Z,PROSPECTUS,9,3,,,,,
46729,5054563109743,75.0,Sensodyne,Pasta Dentífrica Branqueadora Sensibilidade e Gengivas,Embalagem de 75 ml,3.96,52.8,75,L,€/L,,,https://driveimg1.intermarche.com/pt/Content/images/boitmal/produit/zoom/BF37E4C9030B80291EBCB54013CB3494.jpg,,,2024-11-27T23:59:59.999999999Z,PROSPECTUS,9,3,,,,,
50630,5603722521461,1208.0,Mimosa,"Iogurte magro liquido de ananas e manga, 8x151ml",,3.09,2.56,1208,L,€/L,,,https://driveimg1.intermarche.com/pt/Content/images/boitmal/produit/zoom/57AA4F959AC0E156C9A5EE1FBB6645F0.jpg,,,2024-11-27T23:59:59.999999999Z,PROSPECTUS,9,3,,,,,
52340,8720181392962,,Comfort,Amaciador Roupa Concentrado Creations Madressilva e Sândalo,76 Doses,3.99,3.99,0,,€/Unidade,,,https://driveimg1.intermarche.com/pt/Content/images/boitmal/produit/zoom/6B8F8DA9C5DF28DF49A227B125CD9AD5.jpg,,,2024-11-27T23:59:59.999999999Z,PROSPECTUS,9,3,,,,,
52941,8720181386510,2700.0,Skip,"Detergente Líquido Máquina de Roupa Sabão Natural, 60 Doses",,7.99,2.96,2700,L,€/L,,,https://driveimg1.intermarche.com/pt/Content/images/boitmal/produit/zoom/F78D7BA1CEEC1BA7836B80E309E4D243.jpg,,,2024-11-27T23:59:59.999999999Z,PROSPECTUS,9,3,,,,,
53727,8006540213872,340.0,Fairy,Detergente Manual Loiça Jasmim Rosa,Embalagem de 340ml,1.59,4.68,340,L,€/L,,,https://driveimg1.intermarche.com/pt/Content/images/boitmal/produit/zoom/5CCCE87F658551BD9363E76DA9F89670.jpg,,,2024-11-27T23:59:59.999999999Z,PROSPECTUS,9,3,,,,,
6460,8410436216777,53.0,Sonasol,Bloco Sanitário Poder Activo Floral,Embalagem de 50 g,1.98,37.36,0,kg,€/Kg,,,https://driveimg1.intermarche.com/pt/Content/images/boitmal/produit/zoom/9C3612E8D8E2847E794B4AC7CFA48EBA.jpg,,,2024-11-27T23:59:59.999999999Z,PROSPECTUS,9,3,,,,,
8397,5601050016017,600.0,Danone,"Danacol morango,  6 x 100 g",,2.99,4.98,0,kg,€/Kg,,,https://driveimg1.intermarche.com/pt/Content/images/boitmal/produit/zoom/5124A44EE2066C8E1CF52CF325D9AAB2.jpg,,,2024-11-27T23:59:59.999999999Z,PROSPECTUS,9,3,,,,,
996,5601038005064,80.0,Knorr,Caldo de legumes 8 cubos,Embalagem de 80g,1.49,18.63,0,kg,€/Kg,,,https://driveimg1.intermarche.com/pt/Content/images/boitmal/produit/zoom/3606EB29BAB8193115549EA3C4464D95.jpg,,,2024-11-27T23:59:59.999999999Z,PROSPECTUS,9,3,,,,,
1196,5601119942608,200.0,Nobre,Salsichas de aves,Lata de 200 g,1.39,6.95,0,kg,€/Kg,,,https://driveimg1.intermarche.com/pt/Content/images/boitmal/produit/zoom/E7AAE34DF3D6C2B149A624A478B3E3DF.jpg,,,2024-11-27T23:59:59.999999999Z,PROSPECTUS,9,3,,,,,
12521,8712100417474,460.0,Hellmann's,Maionese magra em frasco,Embalagem de 460g,3.14,6.83,0,kg,€/Kg,,,https://driveimg1.intermarche.com/pt/Content/images/boitmal/produit/zoom/A7BCD2CD890AA2348D9DB42E7F0D2DB6.jpg,https://driveimg1.intermarche.com/pt/Content/images/boitmal/produit/zoom/5EE500879C9469898FD1466D95386BB7.jpg,https://driveimg1.intermarche.com/pt/Content/images/boitmal/produit/zoom/5EE500879C9469898FD1466D95386BB7.jpg,2024-11-27T23:59:59.999999999Z,PROSPECTUS,9,3,,,,,
16642,5000116109982,700.0,Iglo,Favas,Embalagem de 700g,2.99,4.27,0,kg,€/Kg,,Tipo de stockagem,https://driveimg1.intermarche.com/pt/Content/images/boitmal/produit/zoom/76340C40D2F5FD6D0A355D8C739DF8C8.jpg,,,2024-11-27T23:59:59.999999999Z,PROSPECTUS,9,3,,,,,
2405,5608543000096,15.0,Tetley,Chá preto,Embalagem de 20g,0.74,49.33,0,kg,€/Kg,,,https://driveimg1.intermarche.com/pt/Content/images/boitmal/produit/zoom/B40D664132094CEE9391DB8865EC11A2.jpg,,,2024-11-27T23:59:59.999999999Z,PROSPECTUS,9,3,,,,,
2409,5608543000157,10.0,Tetley,Infusão de camomila,Embalagem de 10g,0.89,89.0,0,kg,€/Kg,,,https://driveimg1.intermarche.com/pt/Content/images/boitmal/produit/zoom/C995769A7E3ACBF1E8869F2AEDA95DF9.jpg,,,2024-11-27T23:59:59.999999999Z,PROSPECTUS,9,3,,,,,
25276,5775345121585,700.0,Sunquick,Concentrado de frutas tropicais,Garrafa de 700 ml,5.19,7.41,700,L,€/L,,,https://driveimg1.intermarche.com/pt/Content/images/boitmal/produit/zoom/4BD6A03207C4644AA25F7ED6571B6B74.jpg,,,2024-11-27T23:59:59.999999999Z,PROSPECTUS,9,3,,,,,
2722,8410031132519,120.0,Chupa Chups,Chupa original,Embalagem de 120g,2.49,20.75,0,kg,€/Kg,,,https://driveimg1.intermarche.com/pt/Content/images/boitmal/produit/zoom/D2F28C30A0D1CE43806B0B75F083CD2C.jpg,,,2024-11-27T23:59:59.999999999Z,PROSPECTUS,9,3,,,,,
29236,4005900388971,50.0,Nivea Men,Deo Roll On Protect & Care,50 ml,2.99,59.8,50,L,€/L,,,https://driveimg1.intermarche.com/pt/Content/images/boitmal/produit/zoom/A0C85FD25DC4C5D50BDE13EA61505AE5.jpg,,,2024-11-27T23:59:59.999999999Z,PROSPECTUS,9,3,,,,,
29366,8710447376133,435.0,Cif,"Spray fornos e grelhadores, 435 ml",,2.49,5.72,435,L,€/L,,,https://driveimg1.intermarche.com/pt/Content/images/boitmal/produit/zoom/0983FC0F3C1B5D9C271D56B3C7E3A30E.jpg,,,2024-11-27T23:59:59.999999999Z,PROSPECTUS,9,3,,,,,
32542,5609060007087,200.0,Delta,Café solúvel + cereais,Embalagem de 200 g,3.49,17.45,0,kg,€/Kg,,,https://driveimg1.intermarche.com/pt/Content/images/boitmal/produit/zoom/71017D6AD31C4FAB5A8BF8D255A8BF79.jpg,,,2024-11-27T23:59:59.999999999Z,PROSPECTUS,9,3,,,,,
37778,8710847944420,500.0,Skip,Tira nódoas em spray,Embalagem de 500 ml,4.19,8.38,500,L,€/L,,,https://driveimg1.intermarche.com/pt/Content/images/boitmal/produit/zoom/75B538B9177E8250C54989F620DA2826.jpg,,,2024-11-27T23:59:59.999999999Z,PROSPECTUS,9,3,,,,,
45032,5054563098795,75.0,Sensodyne,Pasta dentífrica repair&protect,Embalagem de 75 ml,3.96,52.8,75,L,€/L,,,https://driveimg1.intermarche.com/pt/Content/images/boitmal/produit/zoom/1971DE24C5C4B21970E17F4B9857FD14.jpg,,,2024-11-27T23:59:59.999999999Z,PROSPECTUS,9,3,,,,,
46333,5054563107510,75.0,Sensodyne,Dentífrico sensibilidade e gengivas,Embalagem de 75 ml,3.96,52.8,75,L,€/L,,,https://driveimg1.intermarche.com/pt/Content/images/boitmal/produit/zoom/2A004B499C48581E0F2ACB572ECC96FB.jpg,,,2024-11-27T23:59:59.999999999Z,PROSPECTUS,9,3,,,,,
46737,4005900388957,150.0,Nivea Men,Desodorizante spray protect & care,150 ml,2.99,19.93,150,L,€/L,,,https://driveimg1.intermarche.com/pt/Content/images/boitmal/produit/zoom/8EA5F22727C42ED9AFDAD1E445389534.jpg,,,2024-11-27T23:59:59.999999999Z,PROSPECTUS,9,3,,,,,
6054,5608516251050,280.0,Quinta de Jugais,Doce de morango,Embalagem de 280g,2.39,8.54,0,kg,€/Kg,,,https://driveimg1.intermarche.com/pt/Content/images/boitmal/produit/zoom/D590447713E09F1E066B2DF07C403940.jpg,,,2024-11-27T23:59:59.999999999Z,PROSPECTUS,9,3,,,,,
7965,5000204595369,,Glade,"Recarga ambientador automático, sense & spray, lavanda/jasmim",,3.49,3.49,0,,€/Unidade,,,https://driveimg1.intermarche.com/pt/Content/images/boitmal/produit/zoom/79F31608A8C9C832B0C2783B71CE42B1.jpg,,,2024-11-27T23:59:59.999999999Z,PROSPECTUS,9,3,,,,,
9059,5601752080026,750.0,Favaios,Moscatel favaios,Garrafa de 750 ml,4.99,6.65,750,L,€/L,,,https://driveimg1.intermarche.com/pt/Content/images/boitmal/produit/zoom/DF39336F6EA3566B2D576B52A17EFAB5.jpg,,,2024-12-24T23:59:59.999999999Z,PROSPECTUS,9,3,,,,,
1009,5601038300077,80.0,Knorr,Caldo de galinha 8 cubos,Embalagem de 80g,1.49,18.63,0,kg,€/Kg,,,https://driveimg1.intermarche.com/pt/Content/images/boitmal/produit/zoom/D3644371C96943E641B6137A53588BE4.jpg,,,2024-11-27T23:59:59.999999999Z,PROSPECTUS,9,3,,,,,
10272,8410436240109,50.0,Sonasol,"Bloco sanitário blue activ, eucalio",Embalagem de 50 g,1.98,39.6,0,kg,€/Kg,,,https://driveimg1.intermarche.com/pt/Content/images/boitmal/produit/zoom/B4ABE7C148FE459944FFBC01C5B3A15A.jpg,,,2024-11-27T23:59:59.999999999Z,PROSPECTUS,9,3,,,,,
1300,5601151653456,1000.0,Compal,Néctar vital equilibrio laranja/maracujá,Embalagem de 1 l,1.19,1.19,1000,L,€/L,,,https://driveimg1.intermarche.com/pt/Content/images/boitmal/produit/zoom/B72DA0E00E4401E56F758040EA223821.jpg,,,2024-11-27T23:59:59.999999999Z,PROSPECTUS,9,3,,,,,
13201,2893186000000,800.0,Peixaria,Pargo Mulato, 1un = 800 gr (aprox.),7.19,8.99,0,,€/Kg,,,https://driveimg1.intermarche.com/pt/Content/images/boitmal/produit/zoom/E0618151B3B8B33430897B1086A8B8B7.jpg,,,2024-11-27T23:59:59.999999999Z,PROSPECTUS,9,3,,,,,
14386,5601383025342,235.0,Izidoro,"Salsichas hot dog, frasco",Embalagem de 240g,2.65,11.28,0,kg,€/Kg,,,https://driveimg1.intermarche.com/pt/Content/images/boitmal/produit/zoom/94DAD04980BE384F62A189F01B200F20.jpg,,,2024-11-27T23:59:59.999999999Z,PROSPECTUS,9,3,,,,,
14906,2893338000000,2500.0,Peixaria,Raia Média,1un= 2.5 kg (aprox.),12.48,4.99,0,,€/Kg,,,https://driveimg1.intermarche.com/pt/Content/images/boitmal/produit/zoom/F793DB00DDC6B724D88FB735A347087D.jpg,,,2024-11-27T23:59:59.999999999Z,PROSPECTUS,9,3,,,,,
16869,3600541575790,400.0,Garnier,Amaciador Ultra Suave Nutritivo com Óleos Maravilhosos,Embalagem de 400 ml,3.79,9.48,400,L,€/L,,,https://driveimg1.intermarche.com/pt/Content/images/boitmal/produit/zoom/EEB16341BA4885B1DC5F21293BBEF43B.jpg,,,2024-11-27T23:59:59.999999999Z,PROSPECTUS,9,3,,,,,
16919,8718951037878,500.0,Ajax,"Limpa vidros cristal recarga, 500 ml",,1.79,3.58,500,L,€/L,,,https://driveimg1.intermarche.com/pt/Content/images/boitmal/produit/zoom/1E01F43019F10371A21CF05D1BC242D7.jpg,,,2024-11-27T23:59:59.999999999Z,PROSPECTUS,9,3,,,,,
17419,5601119243781,110.0,Nobre,Peito de frango fatias finas,Embalagem de 110g,2.39,21.73,0,kg,€/Kg,,,https://driveimg1.intermarche.com/pt/Content/images/boitmal/produit/zoom/4072E19884EA23783C2756624F40B76A.jpg,,,2024-11-27T23:59:59.999999999Z,PROSPECTUS,9,3,,,,,
19558,5601252113583,500.0,Gallo,Vinagre balsâmico modena,Garrafa de 500 ml,2.99,5.98,500,L,€/L,,,https://driveimg1.intermarche.com/pt/Content/images/boitmal/produit/zoom/0D177D349712420705E74C1ECF332232.jpg,,,2024-11-27T23:59:59.999999999Z,PROSPECTUS,9,4,,,,,
2395,5608516251012,280.0,Quinta de Jugais,Doce de abóbora,Embalagem de 280g,2.39,8.54,0,kg,€/Kg,,,https://driveimg1.intermarche.com/pt/Content/images/boitmal/produit/zoom/42553823D44D04C0CD8B9270A0D469B7.jpg,,,2024-11-27T23:59:59.999999999Z,PROSPECTUS,9,4,,,,,
26476,5601252115105,250.0,Gallo,Vinagre balsâmico de modena gourmet,Garrafa de 250 ml,2.29,9.16,250,L,€/L,,,https://driveimg1.intermarche.com/pt/Content/images/boitmal/produit/zoom/13194F8798F147A6A089D1E0D94D03CC.jpg,,,2024-11-27T23:59:59.999999999Z,PROSPECTUS,9,4,,,,,
26600,7622210693266,270.0,Milka,Tablete de chocolate leite c/ avelãs,Embalagem de 270g,3.49,12.93,0,kg,€/Kg,,,https://driveimg1.intermarche.com/pt/Content/images/boitmal/produit/zoom/719CC28901F8BB7348667EFCC4BB476A.jpg,,,2024-11-27T23:59:59.999999999Z,PROSPECTUS,9,4,,,,,
27776,8410500019846,480.0,Danone,"Activia 0% cocktail de fruta cremoso,  4 x 120 g",,1.99,4.15,0,kg,€/Kg,,,https://driveimg1.intermarche.com/pt/Content/images/boitmal/produit/zoom/276E25EA58255AD6CA8BA110EA3F0B5A.jpg,,,2024-11-27T23:59:59.999999999Z,PROSPECTUS,9,4,,,,,
35558,5601151973721,3500.0,Pepsi,Refrigerante com gás,Pack de 2 x 1.75 l,3.18,0.91,3500,L,€/L,,,https://driveimg1.intermarche.com/pt/Content/images/boitmal/produit/zoom/4591303E8886D5226C017EC0EFBDEC41.jpg,,,2024-11-27T23:59:59.999999999Z,PROSPECTUS,9,4,,,,,
42187,5604260308835,15000.0,PorSi,"Ração seca para cão adulto atividade normal, 15 kg",,14.99,1.0,0,kg,€/Kg,,,https://driveimg1.intermarche.com/pt/Content/images/boitmal/produit/zoom/B4C11D2B05901A4141D16924CD9690AE.jpg,,,2024-11-27T23:59:59.999999999Z,PROSPECTUS,9,4,,,,,
433,8722700086703,80.0,Knorr,Caldo p/ arroz  8 cubos,Embalagem de 80g,1.49,18.63,0,kg,€/Kg,,,https://driveimg1.intermarche.com/pt/Content/images/boitmal/produit/zoom/FF32635033F7FF74D39FC663DCC13FD6.jpg,,,2024-11-27T23:59:59.999999999Z,PROSPECTUS,9,4,,,,,
4400,3600541533226,400.0,Garnier,Champô Ultra Suave gama maravilhosa,Embalagem de 400 ml,3.79,9.48,400,L,€/L,,,https://driveimg1.intermarche.com/pt/Content/images/boitmal/produit/zoom/28CA81276EA21AB8CD8D9A9F969FF989.jpg,,,2024-11-27T23:59:59.999999999Z,PROSPECTUS,9,4,,,,,
44391,4054596822276,,Scotch Brite,"Esfregão com Esponja Cores Não Risca Gama delicate, 2 unidades",,1.64,1.64,0,,€/Unidade,,,https://driveimg1.intermarche.com/pt/Content/images/boitmal/produit/zoom/46C2F0ED4CFCB1243EA1644BF2898E9F.jpg,,,2024-11-27T23:59:59.999999999Z,PROSPECTUS,9,4,,,,,
44656,7622201811495,150.0,Milka,Biscoitos choco trio,Embalagem de 150g,2.14,14.27,0,kg,€/Kg,,,https://driveimg1.intermarche.com/pt/Content/images/boitmal/produit/zoom/CCFA2598296BE670BB4BA0EE51CF4A5A.jpg,,,2024-11-27T23:59:59.999999999Z,PROSPECTUS,9,4,,,,,
46814,8410036807887,750.0,Freixenet,Blanc de blancs,Garrafa de 750 ml,5.99,7.99,750,L,€/L,,,https://driveimg1.intermarche.com/pt/Content/images/boitmal/produit/zoom/8443921EA647B3A561B8E54CBA9F0C34.jpg,,,2024-12-24T23:59:59.999999999Z,PROSPECTUS,9,4,,,,,
47034,8714100827666,160.0,Knorr,Caldo galinha receita económica,Embalagem de 160g,1.29,8.06,0,kg,€/Kg,,,https://driveimg1.intermarche.com/pt/Content/images/boitmal/produit/zoom/FCC811FE39A8A28856B8E3C623E0CC0C.jpg,,,2024-11-27T23:59:59.999999999Z,PROSPECTUS,9,4,,,,,
47981,5000116126828,360.0,Capitão Iglo,12 douradinhos de peixe sem glúten,Embalagem de 360g,4.97,13.81,0,kg,€/Kg,,Tipo de stockagem,https://driveimg1.intermarche.com/pt/Content/images/boitmal/produit/zoom/63F836AC8ABD1A3C0C099FD95D53DBC2.jpg,,,2024-11-27T23:59:59.999999999Z,PROSPECTUS,9,4,,,,,
48011,5603722520068,800.0,Agros,Leite com Chocolate Meio-Gordo sem Lactose,4 x 200 ml,1.99,2.49,800,L,€/L,,,https://driveimg1.intermarche.com/pt/Content/images/boitmal/produit/zoom/D0D3F8B7FFABDBCD2EEE741C61FD069C.jpg,,,2024-11-27T23:59:59.999999999Z,PROSPECTUS,9,4,,,,,
49342,5601164905580,330.0,Super Bock,"Cerveja sem Álcool 0,0%",lata 33 cl,0.74,2.24,330,L,€/L,,,https://driveimg1.intermarche.com/pt/Content/images/boitmal/produit/zoom/C6C62EA5ABDC89C1AA064881B4891845.jpg,,,2024-11-27T23:59:59.999999999Z,PROSPECTUS,9,4,,,,,
50027,5775345203373,700.0,Sunquick,Concentrado Laranja e Pêssego,Garrafa de 700 ml,5.19,7.41,700,L,€/L,,,https://driveimg1.intermarche.com/pt/Content/images/boitmal/produit/zoom/0C66C20D7FFAE91A6E5B8A890E65B833.jpg,,,2024-11-27T23:59:59.999999999Z,PROSPECTUS,9,4,,,,,
50454,5603722521829,1208.0,Mimosa,"Iogurte líquido Aroma Banana e Morango, 8 x 151 ml",,2.79,2.31,1208,L,€/L,,,https://driveimg1.intermarche.com/pt/Content/images/boitmal/produit/zoom/075A7A2665714F15CA6F04254C980D30.jpg,,,2024-11-27T23:59:59.999999999Z,PROSPECTUS,9,4,,,,,
51913,3073781193190,250.0,A Vaca Que Ri,"Queijo fundido light, 250g",,2.79,11.16,0,kg,€/Kg,,,https://driveimg1.intermarche.com/pt/Content/images/boitmal/produit/zoom/0AF115DC9B4C36E3FF67E44C80A86F7A.jpg,,,2024-11-27T23:59:59.999999999Z,PROSPECTUS,9,4,,,,,
52024,8711327580343,330.0,Magnum,Gelados Magnum Mini Double Sunlover,Embalagem de 330 ml,4.19,12.7,330,L,€/L,,Tipo de stockagem,https://driveimg1.intermarche.com/pt/Content/images/boitmal/produit/zoom/F61A47F732877DB537DD925F0A61B39B.jpg,,,2024-11-27T23:59:59.999999999Z,PROSPECTUS,9,4,,,,,
5244,5601151510759,850.0,Compal,Feijão encarnado,Lata de 850g,2.09,2.46,0,kg,€/Kg,,,https://driveimg1.intermarche.com/pt/Content/images/boitmal/produit/zoom/606A85BE0216806A1AC1DB5B88F76288.jpg,,,2024-11-27T23:59:59.999999999Z,PROSPECTUS,9,4,,,,,
52881,8719200267190,450.0,Becel,"Creme Vegetal para Barrar Original, 450g",,2.99,6.64,0,kg,€/Kg,,,https://driveimg1.intermarche.com/pt/Content/images/boitmal/produit/zoom/D67292663C5C1617E51BCDF904BF56A4.jpg,,,2024-11-27T23:59:59.999999999Z,PROSPECTUS,9,4,,,,,
5295,5601174101002,750.0,B.S.E.,Vinho Branco de Terras do Sado,Garrafa de 750 ml,3.49,4.65,750,L,€/L,,,https://driveimg1.intermarche.com/pt/Content/images/boitmal/produit/zoom/DC3426A4EEA67C3901BA554EFF091471.jpg,,,2024-11-27T23:59:59.999999999Z,PROSPECTUS,9,4,,,,,
53077,8711327483071,255.0,Magnum,"Gelado Double Gold Caramelo Billionaire, 3 x 85ml",,3.29,12.9,255,L,€/L,,Tipo de stockagem,https://driveimg1.intermarche.com/pt/Content/images/boitmal/produit/zoom/74238D995E9DE969AA617757BB3DA134.jpg,,,2024-11-27T23:59:59.999999999Z,PROSPECTUS,9,4,,,,,
53240,8720181384264,2340.0,Skip,"Detergente Líquido Máquina de Roupa 2 em 1 Ultimate, 52 Doses",,10.99,4.7,2340,L,€/L,,,https://driveimg1.intermarche.com/pt/Content/images/boitmal/produit/zoom/ADA1267F1850FE173AC42CD30CA77DD5.jpg,,,2024-11-27T23:59:59.999999999Z,PROSPECTUS,9,4,,,,,
53670,5054563119827,75.0,Sensodyne,Pasta de Dentes Branqueadora Nourish Branco Saudável,Embalagem de 75ml,3.5,46.67,75,L,€/L,,,https://driveimg1.intermarche.com/pt/Content/images/boitmal/produit/zoom/130D159800BD3EBD441CCD4A909E65AF.jpg,https://driveimg1.intermarche.com/pt/Content/images/boitmal/produit/zoom/E9A3BE851B4BFFD8866CC74997851983.jpg,https://driveimg1.intermarche.com/pt/Content/images/boitmal/produit/zoom/E9A3BE851B4BFFD8866CC74997851983.jpg,2024-11-27T23:59:59.999999999Z,PROSPECTUS,9,4,https://driveimg1.intermarche.com/pt/Content/images/boitmal/produit/zoom/E9A3BE851B4BFFD8866CC74997851983.jpg,,,,
6281,8410001109978,,Scotch Brite,"Esfregão com Esponja Salva Unhas Ergonómico, 2 unidades",,1.85,1.85,2,,€/Unidade,,,https://driveimg1.intermarche.com/pt/Content/images/boitmal/produit/zoom/2076CCC0263B6D97BDC4294E93C7B20E.jpg,,,2024-11-27T23:59:59.999999999Z,PROSPECTUS,9,4,,,,,
6401,8410376000146,800.0,Gullón,Bolachas tostadas,Embalagem de 4x200 g,2.49,3.11,0,kg,€/Kg,,,https://driveimg1.intermarche.com/pt/Content/images/boitmal/produit/zoom/475D7F42793FFAC0C5DF2535E8AEECAB.jpg,,,2024-11-27T23:59:59.999999999Z,PROSPECTUS,9,4,,,,,
6689,8435257022567,720.0,Longa vida,"Iogurte magro morango,  6 x 120 g",,2.29,3.18,0,kg,€/Kg,,,https://driveimg1.intermarche.com/pt/Content/images/boitmal/produit/zoom/116F7996F4B8C9E36A9C4D0EB83317F7.jpg,,,2024-11-27T23:59:59.999999999Z,PROSPECTUS,9,4,,,,,
8640,5601151981283,1000.0,Compal,Néctar vital equilibrio manga/maracujá,Embalagem de 1 l,1.19,1.19,1000,L,€/L,,,https://driveimg1.intermarche.com/pt/Content/images/boitmal/produit/zoom/40A36C9D1FDA899D2407999AC8FED2EF.jpg,,,2024-11-27T23:59:59.999999999Z,PROSPECTUS,9,4,,,,,
865,5014328028740,16.0,Tetley,Infusão de frutos vermelhos,Embalagem de 20g,1.19,74.38,0,kg,€/Kg,,,https://driveimg1.intermarche.com/pt/Content/images/boitmal/produit/zoom/781EBB6A7EF96D7BE9937F977C0554CF.jpg,,,2024-11-27T23:59:59.999999999Z,PROSPECTUS,9,4,,,,,
871,5014328080892,30.0,Tetley,Infusão de cidreira,"Embalagem de 20 unidades, 30 g",1.45,48.33,0,kg,€/Kg,,,https://driveimg1.intermarche.com/pt/Content/images/boitmal/produit/zoom/6A10216F1C303558132F04FBD5C4B7ED.jpg,,,2024-11-27T23:59:59.999999999Z,PROSPECTUS,9,4,,,,,
9245,5603034000098,400.0,São Jorge,Queijo dop cura 4 meses fatias,Embalagem de 400g,6.14,15.35,0,kg,€/Kg,,,https://driveimg1.intermarche.com/pt/Content/images/boitmal/produit/zoom/A4FE3A45E95585BD4D435B2857AEDB59.jpg,,,2024-11-27T23:59:59.999999999Z,PROSPECTUS,9,4,,,,,
9380,5604260031184,750.0,Selecção de Enófilos,Moscatel de setúbal,"Garrafa de 0,75 l",3.59,4.79,750,L,€/L,,,https://driveimg1.intermarche.com/pt/Content/images/boitmal/produit/zoom/E7C7E2B10913486B61EBF6CB6827C3CC.jpg,,,2024-12-24T23:59:59.999999999Z,PROSPECTUS,9,4,,,,,
994,5601038001400,240.0,Knorr,Caldo de carne 24 cubos,Embalagem de 240g,2.49,10.38,0,kg,€/Kg,,,https://driveimg1.intermarche.com/pt/Content/images/boitmal/produit/zoom/68A4423296DD6413C068AA54F117A922.jpg,,,2024-11-27T23:59:59.999999999Z,PROSPECTUS,9,4,,,,,
10057,8410036800512,750.0,Freixenet,Espumante cava meio seco reserva,Garrafa de 750 ml,6.99,9.32,750,L,€/L,,,https://driveimg1.intermarche.com/pt/Content/images/boitmal/produit/zoom/595A72B091587557F63E6DF8F5C0E8F8.jpg,,,2024-12-24T23:59:59.999999999Z,PROSPECTUS,9,4,,,,,
11611,5601164594203,1980.0,Super Bock,Cerveja com álcool abadia,pack 6 x 0.33 l,4.49,2.27,1980,L,€/L,,,https://driveimg1.intermarche.com/pt/Content/images/boitmal/produit/zoom/DDE9AC6098BAC06CAE37FE52F8C52BAA.jpg,,,2024-11-27T23:59:59.999999999Z,PROSPECTUS,9,4,,,,,
1288,5601151300756,850.0,Compal,Feijão branco,Lata de 850g,2.09,2.46,0,kg,€/Kg,,,https://driveimg1.intermarche.com/pt/Content/images/boitmal/produit/zoom/367FF58B393A37854E3F243B57409D70.jpg,,,2024-11-27T23:59:59.999999999Z,PROSPECTUS,9,4,,,,,
13630,2893625000000,2000.0,Nossa Seleção,Maruca,Congelada,13.98,6.99,0,,€/Kg,,Avantages !,https://driveimg1.intermarche.com/pt/Content/images/boitmal/produit/zoom/695B6905D99FA9EA5644E4AEF4E924ED.jpg,,,2024-11-27T23:59:59.999999999Z,PROSPECTUS,9,4,,,,,
16608,8712561521437,700.0,Cif,Creme abrasivo limão,Garrafa de 700 ml,2.69,3.84,700,L,€/L,,,https://driveimg1.intermarche.com/pt/Content/images/boitmal/produit/zoom/AAC0B7E363655E0C01FE7436C88E60D8.jpg,,,2024-11-27T23:59:59.999999999Z,PROSPECTUS,9,4,,,,,
17893,5601082039817,220.0,Delta Q,Café xl qharacter cápsulas,40 Cápsulas,15.49,70.41,0,kg,€/Kg,,,https://driveimg1.intermarche.com/pt/Content/images/boitmal/produit/zoom/AE88A9B98D43407F51BB06087F668DC5.jpg,,,2024-11-27T23:59:59.999999999Z,PROSPECTUS,9,4,,,,,
19585,8435257033822,720.0,Longa vida,"Iogurte magro natural,  6 x 120 g",,2.29,3.18,0,kg,€/Kg,,,https://driveimg1.intermarche.com/pt/Content/images/boitmal/produit/zoom/44759CCD8BB0D317506B87D89332AAE3.jpg,,,2024-11-27T23:59:59.999999999Z,PROSPECTUS,9,4,,,,,
21753,5601164401204,1200.0,Super Bock,Cerveja Mini Preta Stout,Pack 6 x 200 ml,2.99,2.49,1200,L,€/L,,,https://driveimg1.intermarche.com/pt/Content/images/boitmal/produit/zoom/CA90BDDA1D9AAD4040E41EB47FF92229.jpg,,,2024-11-27T23:59:59.999999999Z,PROSPECTUS,9,4,,,,,
24810,8714100289983,440.0,Olá,Gelado magnum pint amêndoas,Embalagem de 440 ml,3.69,8.39,440,L,€/L,,Tipo de stockagem,https://driveimg1.intermarche.com/pt/Content/images/boitmal/produit/zoom/3A13A62312A4E6B689883F50A6265AFD.jpg,https://driveimg1.intermarche.com/pt/Content/images/boitmal/produit/zoom/CAF47DA081A9FA3D88EC863A18BD3DDE.jpg,https://driveimg1.intermarche.com/pt/Content/images/boitmal/produit/zoom/CAF47DA081A9FA3D88EC863A18BD3DDE.jpg,2024-11-27T23:59:59.999999999Z,PROSPECTUS,9,4,,,,,
25334,3600542087711,400.0,Garnier,Champô Ultra Suave Água de Coco e Aloe Vera,Embalagem com 400 ml,3.79,9.48,400,L,€/L,,,https://driveimg1.intermarche.com/pt/Content/images/boitmal/produit/zoom/6AF4658212F1BF0CEE8C3ACF1FE15B99.jpg,,,2024-11-27T23:59:59.999999999Z,PROSPECTUS,9,4,,,,,
2646,8000500121436,130.0,Kinder,Chocolate branco,Embalagem de 130g,2.19,16.85,0,kg,€/Kg,,,https://driveimg1.intermarche.com/pt/Content/images/boitmal/produit/zoom/CD5BFC26BD8B86E8E1FD2572F77D4C70.jpg,,,2024-11-27T23:59:59.999999999Z,PROSPECTUS,9,4,,,,,
300,0011210000889,60.0,Tabasco,Molho picante,Garrafa de 60 ml,2.37,39.5,60,L,€/L,,,https://driveimg1.intermarche.com/pt/Content/images/boitmal/produit/zoom/5ABEEBB580D00ACED93482A5C5D5A8F5.jpg,,,2024-11-27T23:59:59.999999999Z,PROSPECTUS,9,4,,,,,
30420,8720181370403,,Surf,Detergente Máquina de Roupa Tropical,45 cápsulas,8.99,8.99,0,,€/Unidade,,,https://driveimg1.intermarche.com/pt/Content/images/boitmal/produit/zoom/9FDE386D081EF0BCB653BE60C955496C.jpg,,,2024-11-27T23:59:59.999999999Z,PROSPECTUS,9,4,,,,,
30713,8714100637562,330.0,Olá,Magnum mini intense dark 70%,Embalagem de 6 x 55 ml,3.99,12.09,330,L,€/L,,Tipo de stockagem,https://driveimg1.intermarche.com/pt/Content/images/boitmal/produit/zoom/BBDC929019CEB16C02708C7BEEA424C7.jpg,https://driveimg1.intermarche.com/pt/Content/images/boitmal/produit/zoom/D57F829433EB7CA6987F1C9E83A03E1B.jpg,https://driveimg1.intermarche.com/pt/Content/images/boitmal/produit/zoom/D57F829433EB7CA6987F1C9E83A03E1B.jpg,2024-11-27T23:59:59.999999999Z,PROSPECTUS,9,4,,,,,
32336,5999884034612,250.0,Hell,Bebida Energética Apple,250 ml,0.79,3.16,250,L,€/L,,,https://driveimg1.intermarche.com/pt/Content/images/boitmal/produit/zoom/97B1FCFCCCE140F10620EE3078D6D8BF.jpg,,,2024-11-27T23:59:59.999999999Z,PROSPECTUS,9,4,,,,,
36807,8001090374462,200.0,Pantene,Condicionador repara e protege,Embalagem de 200 ml,4.49,22.45,200,L,€/L,,,https://driveimg1.intermarche.com/pt/Content/images/boitmal/produit/zoom/3A2682FB48632A600621FBE47BA7FEAF.jpg,,,2024-11-27T23:59:59.999999999Z,PROSPECTUS,9,4,,,,,
36974,5601164204232,1980.0,Super Bock,Cerveja 0.0%,Pack de 6 x 0.33 l,4.49,2.27,1980,L,€/L,,,https://driveimg1.intermarche.com/pt/Content/images/boitmal/produit/zoom/3F5F6B7C884E8CF9684381A610A8163D.jpg,,,2024-11-27T23:59:59.999999999Z,PROSPECTUS,9,4,,,,,
38044,5603722519253,280.0,Milhafre,Queijo da ilha graciosa,Embalagem de 280 g,4.19,14.96,0,kg,€/Kg,,,https://driveimg1.intermarche.com/pt/Content/images/boitmal/produit/zoom/466C45EB0D5F2883E1BBF7B8B9CEC029.jpg,,,2024-11-27T23:59:59.999999999Z,PROSPECTUS,9,4,,,,,
4196,3574660464429,,Carefree,"Pensos diários respirare, 76 unidades",Uma embalagem,3.74,3.74,0,,€/Unidade,,,https://driveimg1.intermarche.com/pt/Content/images/boitmal/produit/zoom/F1443756E2E93D0DFBDE85A3A5997C3A.jpg,,,2024-11-27T23:59:59.999999999Z,PROSPECTUS,9,4,,,,,
44048,5054563101846,75.0,Sensodyne,Dentífrico branqueador,Embalagem de 75 ml,2.99,39.87,75,L,€/L,,,https://driveimg1.intermarche.com/pt/Content/images/boitmal/produit/zoom/7B21500470D8763BB41FDC49C18F3355.jpg,,,2024-11-27T23:59:59.999999999Z,PROSPECTUS,9,4,,,,,
44318,2893254000000,2000.0,Peixaria,Tamboril,Vendido ao peso,21.98,10.99,0,,€/Kg,,,https://driveimg1.intermarche.com/pt/Content/images/boitmal/produit/zoom/779A2AA54DB1730CAED33CD59B87F3EC.jpg,,,2024-11-27T23:59:59.999999999Z,PROSPECTUS,9,4,,,,,
45552,8001841993874,300.0,H&S,Champô anti-caspa limpeza profunda purificante,300 ml,5.99,19.97,300,L,€/L,,,https://driveimg1.intermarche.com/pt/Content/images/boitmal/produit/zoom/71784009BAD4838BFC36A6DD6C321111.jpg,,,2024-11-27T23:59:59.999999999Z,PROSPECTUS,9,4,,,,,
45875,4005900388810,150.0,Nivea Men,Desodorizante spray cool kick,150 ml,2.69,17.93,150,L,€/L,,,https://driveimg1.intermarche.com/pt/Content/images/boitmal/produit/zoom/FF08F460974B7D9B6A9FEDD00802151C.jpg,,,2024-11-27T23:59:59.999999999Z,PROSPECTUS,9,4,,,,,
