identifier,produitEan13,capacite,marque,libelle,conditionnement,prix,unitPrice,volume,typeProduit_uniteByCode,unit_value,pictogrammes_0,pictogrammes_libelleCategorie,images_0,images_1,avantages_dateFin,avantages_categorie,nro_paginas,page,images_2,images_3,images_4,images_5,images_6,images_7
13886,2891108000000,1000.0,Frango,Bife de Frango,Vendido ao peso a partir de 1 kg,6.49,6.49,0,,€/Kg,,,https://driveimg1.intermarche.com/pt/Content/images/boitmal/produit/zoom/519BDC237EE2CC43FB5B010D4FF5A15B.jpg,,2025-11-26T23:59:59Z,PROSPECTUS,14,1,,,,,,
978,5601024134136,750.0,Oliveira da Serra,Azeite,Embalagem de 750 ml,3.69,4.92,750,L,€/L,,,https://driveimg1.intermarche.com/pt/Content/images/boitmal/produit/zoom/9CC9A85673AA0BF0B09481F106398AA6.jpg,,2025-11-26T23:59:59Z,PROSPECTUS,14,1,,,,,,
30958,5449000957955,3500.0,Coca-Cola,"Refrigerante com Gás Cola Zero, emb. 2 x 1,75 lt",,3.29,0.94,3500,L,€/L,,,https://driveimg1.intermarche.com/pt/Content/images/boitmal/produit/zoom/F2EAD17F7ACB8ABDBC63DEE76B961767.jpg,,2025-11-26T23:59:59Z,PROSPECTUS,14,1,,,,,,
3526,2894034000000,150.0,Nobre,Fiambre da Perna Extra,1 un = 150 gr (aprox.),2.4,15.99,0,,€/Kg,,,https://driveimg1.intermarche.com/pt/Content/images/boitmal/produit/zoom/C76D05EF052819EDC79567520AD2D260.jpg,,2025-11-26T23:59:59Z,PROSPECTUS,14,1,,,,,,
13866,2891048000000,1000.0,Porco,Bifanas,Vendido ao peso a partir de 1 kg,4.69,4.69,0,,€/Kg,,,https://driveimg1.intermarche.com/pt/Content/images/boitmal/produit/zoom/72DE0DA6B485199AC995C629E3E4D279.jpg,,2025-11-26T23:59:59Z,PROSPECTUS,14,1,,,,,,
6267,8016825926687,75.0,Aquafresh,Pasta dentífrica menta fresca,Embalagem de 75 ml,1.84,24.53,75,L,€/L,,,https://driveimg1.intermarche.com/pt/Content/images/boitmal/produit/zoom/5AF61545461116CEF40994D7E37A4C54.jpg,,2025-11-26T23:59:59Z,PROSPECTUS,14,1,,,,,,
13048,2893561000000,250.0,Marisco,Ameijoa Branca Vietnamita Congelada,Vendido a partir de 250 gr  (aprox.),0.5,1.99,0,,€/Kg,,Avantages !,https://driveimg1.intermarche.com/pt/Content/images/boitmal/produit/zoom/EB1BC296FF41180E6F3E1626AD4F78AA.jpg,,2025-11-26T23:59:59Z,PROSPECTUS,14,1,,,,,,
31436,5607233508829,750.0,Panrico,Pão de forma especial torradas,Embalagem de 750g,1.89,2.52,0,kg,€/Kg,,,https://driveimg1.intermarche.com/pt/Content/images/boitmal/produit/zoom/E55F9FC30ED3A9561F136B69689D41FE.jpg,,2025-11-26T23:59:59Z,PROSPECTUS,14,1,,,,,,
19415,5601028019798,,Renova,"Rolo de cozinha design xxl, 3 rolos",,1.99,1.99,3,,€/Unidade,,,https://driveimg1.intermarche.com/pt/Content/images/boitmal/produit/zoom/9A25E60B9B6B556C2D19CB0AC3EE543B.jpg,,2025-11-26T23:59:59Z,PROSPECTUS,14,1,,,,,,
12972,2892040000000,200.0,Fruta,Banana,1 un = 200 gr (aprox.),0.22,1.09,0,,€/Kg,,,https://driveimg1.intermarche.com/pt/Content/images/boitmal/produit/zoom/1515327A77B72426B2932390DFBE18E5.jpg,,2025-11-26T23:59:59Z,PROSPECTUS,14,1,,,,,,
34115,5010504100095,700.0,Cutty Sark,Whisky,Garrafa de 700 ml,12.69,18.13,700,L,€/L,,,https://driveimg1.intermarche.com/pt/Content/images/boitmal/produit/zoom/2BC314804C41B6E623B4ADD6D620E800.jpg,,2025-12-24T23:59:59Z,PROSPECTUS,14,1,,,,,,
15943,7613034096593,60.0,Felix,"Snack para gato chezzy, 60g",,1.49,24.83,0,kg,€/Kg,,,https://driveimg1.intermarche.com/pt/Content/images/boitmal/produit/zoom/C19CF0D792DF8707E6BCF2F0AA71B408.jpg,,2025-11-26T23:59:59Z,PROSPECTUS,14,1,,,,,,
46160,3041091718099,380.0,Bledina,"Frutapura maçã, 4 x 95 g",,2.04,5.37,0,kg,€/Kg,,,https://driveimg1.intermarche.com/pt/Content/images/boitmal/produit/zoom/5C43002A609BBE6FE41D63C7A58FC0F4.jpg,,2025-11-26T23:59:59Z,PROSPECTUS,14,1,,,,,,
30414,4015400917304,480.0,Fairy,Detergente Liquido Loiça Original,480 ml,2.54,5.29,480,L,€/L,,,https://driveimg1.intermarche.com/pt/Content/images/boitmal/produit/zoom/BDA62A6B9333A70897E09AEAD0B62BBF.jpg,,2025-11-26T23:59:59Z,PROSPECTUS,14,1,,,,,,
11655,5601195101142,1980.0,Pedras Salgadas,"Água com gás natural pet, pack 6 x 0.33 l",,2.89,1.46,1980,L,€/L,,,https://driveimg1.intermarche.com/pt/Content/images/boitmal/produit/zoom/702FFA9017CB152B0B80B7BA93CF9B54.jpg,,2025-11-26T23:59:59Z,PROSPECTUS,14,1,,,,,,
23469,8410500020453,280.0,Danone,"Danonino para levar, polpa de morango, embalagem de 4 x 70 g",,2.19,7.82,0,kg,€/Kg,,,https://driveimg1.intermarche.com/pt/Content/images/boitmal/produit/zoom/3E7A122EA567C89446D113FF66BFA0AE.jpg,,2025-11-26T23:59:59Z,PROSPECTUS,14,1,,,,,,
54606,8720181466359,720.0,Dove,"Gel de banho hydrate, 720ml",,4.79,6.65,720,L,€/L,,,https://driveimg1.intermarche.com/pt/Content/images/boitmal/produit/zoom/73576AE98695DDB42CEBA03FBEBB469E.jpg,,2025-11-26T23:59:59Z,PROSPECTUS,14,1,,,,,,
50405,8445290489173,900.0,Cerelac,"Papa Infantil Farinha Láctea +12M, emb. 900 gr",,6.29,6.99,0,kg,€/Kg,,,https://driveimg1.intermarche.com/pt/Content/images/boitmal/produit/zoom/79C2E535CBAB06EFF8E7EE2B8A2191BC.jpg,,2025-11-26T23:59:59Z,PROSPECTUS,14,1,,,,,,
13561,2893555000000,400.0,Peixaria,Red Fish Congelado,,1.6,3.99,0,,€/Kg,,Avantages !,https://driveimg1.intermarche.com/pt/Content/images/boitmal/produit/zoom/6B51C5A0022242B4A2691EFB27EE24DC.jpg,,2025-11-26T23:59:59Z,PROSPECTUS,14,1,,,,,,
5096,5601050026429,300.0,Danonino Danone,"Queijinho danonino petitdino de morango/banana, embalagem de 6 x 50g",,1.79,5.97,0,kg,€/Kg,,,https://driveimg1.intermarche.com/pt/Content/images/boitmal/produit/zoom/FA8D1A9125B498992C62B9745CC5DD3D.jpg,,2025-11-26T23:59:59Z,PROSPECTUS,14,1,,,,,,
2446,5998749110027,1170.0,Pedigree,"Snack para cão dentastix grande, de 1,17 kg",,10.49,8.97,0,kg,€/Kg,,,https://driveimg1.intermarche.com/pt/Content/images/boitmal/produit/zoom/A70AD1A4D7C0D5C84CB7FD7E86CC3710.jpg,,2025-11-26T23:59:59Z,PROSPECTUS,14,1,,,,,,
45724,5607233572813,520.0,Panrico,"Pão de forma integral especial torradas, 520g",,1.89,3.63,0,kg,€/Kg,,,https://driveimg1.intermarche.com/pt/Content/images/boitmal/produit/zoom/0AEA1FD55AFC1DB1DD176B31083DB3AD.jpg,,2025-11-26T23:59:59Z,PROSPECTUS,14,1,,,,,,
13813,2892489000000,250.0,Legumes,Batata Doce,1 un = 250 gr  (aprox.),0.25,0.99,0,,€/Kg,,,https://driveimg1.intermarche.com/pt/Content/images/boitmal/produit/zoom/B0785A3D8A1A6773EB1FB43B119AC4D9.jpg,,2025-11-26T23:59:59Z,PROSPECTUS,14,1,,,,,,
10884,3147690051206,700.0,Label 5,Whisky blended,"Garrafa de 0,70 l",11.99,17.13,700,L,€/L,,,https://driveimg1.intermarche.com/pt/Content/images/boitmal/produit/zoom/C08CAF9ADA1BDE594E3803CD3B274AB6.jpg,,2025-12-24T23:59:59Z,PROSPECTUS,14,1,,,,,,
13934,2891062000000,250.0,Porco,Rojões,1 un = 250 gr  (aprox.),1.17,4.69,0,,€/Kg,,,https://driveimg1.intermarche.com/pt/Content/images/boitmal/produit/zoom/925F2FDC1F925A7FD71EE6165315B22E.jpg,,2025-11-26T23:59:59Z,PROSPECTUS,14,1,,,,,,
1819,5604260031634,150.0,PorSi,Bolacha Starchip Originais 150g,,1.19,7.93,0,kg,€/Kg,,,https://driveimg1.intermarche.com/pt/Content/images/boitmal/produit/zoom/CABC3D20B1CC9C514379C2FAC0BED85E.jpg,,2025-11-26T23:59:59Z,PROSPECTUS,14,1,,,,,,
34877,5604260285464,1500.0,PorSi,Maçã royal gala categoria II Programa Origens,Embalagem de 1.5 kg,1.69,1.13,0,kg,€/Kg,,,https://driveimg1.intermarche.com/pt/Content/images/boitmal/produit/zoom/F091E3663EBAE6E7A8981702DFBCC609.jpg,,2025-11-26T23:59:59Z,PROSPECTUS,14,1,,,,,,
13894,2891044000000,1000.0,Porco,Entremeada sem Entrecosto,Vendido ao peso a partir de 1 kg,4.29,4.29,0,,€/Kg,,,https://driveimg1.intermarche.com/pt/Content/images/boitmal/produit/zoom/033DDCE7C7F9A9CD99F0A4BEB2F74462.jpg,,2025-11-26T23:59:59Z,PROSPECTUS,14,1,,,,,,
34239,5604260285495,1500.0,PorSi,Pera rocha categoria II Programa Origens,Embalagem de 1.5 kg,2.49,1.66,0,kg,€/Kg,,,https://driveimg1.intermarche.com/pt/Content/images/boitmal/produit/zoom/F6E3096BF97BB2633EACD15A32FEACF7.jpg,https://driveimg1.intermarche.com/pt/Content/images/boitmal/produit/zoom/11ABC193A8AF1413E11E1849F00D2775.jpg,2025-11-26T23:59:59Z,PROSPECTUS,14,1,,,,,,
21292,5604260263837,250.0,PorSi,Alho Seco,Embalagem: 250 g  ,1.49,5.96,0,kg,€/Kg,,,https://driveimg1.intermarche.com/pt/Content/images/boitmal/produit/zoom/9CACD04AEB53BB065A4A6DA5A64A1473.jpg,,2025-11-26T23:59:59Z,PROSPECTUS,14,1,,,,,,
5975,5604260273690,,PorSi,"Guardanapos brancos, 33x33cm, 2 folhas",Embalagem com 100 unidades,1.19,1.19,0,,€/Unidade,,,https://driveimg1.intermarche.com/pt/Content/images/boitmal/produit/zoom/25E85DBD14E79E86CE42E3D2F47DB275.jpg,,2025-11-26T23:59:59Z,PROSPECTUS,14,1,,,,,,
45758,5604260286591,500.0,PorSi,Bolachas com Recheio Sabor Chocolate 500 G,,1.59,3.18,0,kg,€/Kg,,,https://driveimg1.intermarche.com/pt/Content/images/boitmal/produit/zoom/519049251E0BD7439B4E15173D8DEB35.jpg,,2025-11-26T23:59:59Z,PROSPECTUS,14,1,,,,,,
36627,5604260294398,1000.0,PorSi,Arroz Vaporizado 1000g,,1.25,1.25,0,kg,€/Kg,,,https://driveimg1.intermarche.com/pt/Content/images/boitmal/produit/zoom/C0D560042F7DB18E737B2402604E7AC3.jpg,,2025-11-26T23:59:59Z,PROSPECTUS,14,1,,,,,,
13897,2891053000000,1000.0,Porco,Lombo sem Osso,Vendido ao peso a partir de 1 kg,4.49,4.49,0,,€/Kg,,,https://driveimg1.intermarche.com/pt/Content/images/boitmal/produit/zoom/415564DA70574ED3C1D7475F1F28BDB6.jpg,,2025-11-26T23:59:59Z,PROSPECTUS,14,1,,,,,,
13954,2891192000000,500.0,Porco,Tiras da Costela/Piano,1 un = 500 gr (aprox.),3.4,6.79,0,,€/Kg,,,https://driveimg1.intermarche.com/pt/Content/images/boitmal/produit/zoom/7D0B09E93398DFB0B31D06D5AFBD6B99.jpg,,2025-11-26T23:59:59Z,PROSPECTUS,14,1,,,,,,
37744,5604260301805,540.0,PorSi,Feijão manteiga,Frasco com 540 g,0.85,1.57,0,kg,€/Kg,,,https://driveimg1.intermarche.com/pt/Content/images/boitmal/produit/zoom/B9B74EE9D5F4C86738772A5B6758433E.jpg,,2025-11-26T23:59:59Z,PROSPECTUS,14,1,,,,,,
37745,5604260301874,540.0,PorSi,Grão de bico,Frasco com 540 g,0.85,1.57,0,kg,€/Kg,,,https://driveimg1.intermarche.com/pt/Content/images/boitmal/produit/zoom/ABBBFB42757051E49B0E75B4C2EB061F.jpg,,2025-11-26T23:59:59Z,PROSPECTUS,14,1,,,,,,
41981,5604260303618,5000.0,PorSi,Areia para Gato Aglomerante 5kg,,2.69,0.54,0,kg,€/Kg,,,https://driveimg1.intermarche.com/pt/Content/images/boitmal/produit/zoom/D280E7879828ADC3454C85EE455FB236.jpg,,2025-11-26T23:59:59Z,PROSPECTUS,14,1,,,,,,
14198,5604260273683,800.0,PorSi,Bolacha Tostada 800 G,,1.59,1.99,0,kg,€/Kg,,,https://driveimg1.intermarche.com/pt/Content/images/boitmal/produit/zoom/B2D5FAAB4BD35CE24623ED7F165261C0.jpg,,2025-11-26T23:59:59Z,PROSPECTUS,14,1,,,,,,
1816,5604260301775,540.0,PorSi,Feijão frade,Embalagem de 540g,0.85,1.57,0,kg,€/Kg,,,https://driveimg1.intermarche.com/pt/Content/images/boitmal/produit/zoom/F863BEC0F48D2513FC0D1879484DF975.jpg,,2025-11-26T23:59:59Z,PROSPECTUS,14,1,,,,,,
2176,5604260261406,600.0,PorSi,Bolachas Rosquilhas 600g,,1.95,3.25,0,kg,€/Kg,,,https://driveimg1.intermarche.com/pt/Content/images/boitmal/produit/zoom/302514079A6DA8A0868B7E968E0E65CF.jpg,,2025-11-26T23:59:59Z,PROSPECTUS,14,1,,,,,,
23277,5604260281268,150.0,Porsi Programa Origens,Salada Aromática 150 G,,1.19,7.93,0,kg,€/Kg,,,https://driveimg1.intermarche.com/pt/Content/images/boitmal/produit/zoom/C822174AC715DAAEACE1CDBB865D9449.jpg,,2025-11-26T23:59:59Z,PROSPECTUS,14,1,,,,,,
27629,5604260282845,500.0,PorSi,Iogurte Natural 4x125g,,0.79,1.58,0,kg,€/Kg,,,https://driveimg1.intermarche.com/pt/Content/images/boitmal/produit/zoom/4C81FD0AD483BCDBB41B470432B5F2B0.jpg,,2025-11-26T23:59:59Z,PROSPECTUS,14,1,,,,,,
32424,5604260285297,1000.0,PorSi,Leite Uht Magro 1l (sem Rosca),,0.85,0.85,1000,L,€/L,,,https://driveimg1.intermarche.com/pt/Content/images/boitmal/produit/zoom/EAABBB136A1B6AF34367792D3AF7B8DD.jpg,,2025-11-26T23:59:59Z,PROSPECTUS,14,1,,,,,,
41719,5604260303793,90.0,PorSi,Puré de Fruta Maçã Banana 90g,,0.64,7.11,0,kg,€/Kg,,,https://driveimg1.intermarche.com/pt/Content/images/boitmal/produit/zoom/2E481D69677BD2CA4465286377A9A6E3.jpg,,2025-11-26T23:59:59Z,PROSPECTUS,14,1,,,,,,
46919,2782188000000,600.0,PorSi,"Canjinha de Frango, embalagem de 600g (aprox.)",,2.21,3.69,0,,€/Kg,,,https://driveimg1.intermarche.com/pt/Content/images/boitmal/produit/zoom/A71DE7C009681F0BB65F84174F205062.jpg,,2025-11-26T23:59:59Z,PROSPECTUS,14,1,,,,,,
5788,5604260033447,200.0,PorSi,Chouriço Corrente 200g,,1.35,6.75,0,kg,€/Kg,,,https://driveimg1.intermarche.com/pt/Content/images/boitmal/produit/zoom/92DD7C79E00E3F96B89DDD048D065D1C.jpg,,2025-11-26T23:59:59Z,PROSPECTUS,14,1,,,,,,
12943,2892087000000,1500.0,Fruta,Mamão,"1 un = 1,5 kg (aprox.)",5.84,3.89,0,,€/Kg,,,https://driveimg1.intermarche.com/pt/Content/images/boitmal/produit/zoom/E92859558CF3617793775ADAD1A11B14.jpg,,2025-11-26T23:59:59Z,PROSPECTUS,14,1,,,,,,
13884,2891106000000,2000.0,PorSi Select,Frango do Campo Inteiro c/ Miúdos Programa Origens,Vendido ao peso,7.98,3.99,0,,€/Kg,,,https://driveimg1.intermarche.com/pt/Content/images/boitmal/produit/zoom/4004CE88E12A24D0AD85684C27210FBB.jpg,,2025-11-26T23:59:59Z,PROSPECTUS,14,1,,,,,,
13947,2891125000000,150.0,Peru,Espetadas de Peru,1 un = 150 gr (aprox.),1.02,6.79,0,,€/Kg,,,https://driveimg1.intermarche.com/pt/Content/images/boitmal/produit/zoom/7051DD49B64096A6B46E7815DD618A85.jpg,,2025-11-26T23:59:59Z,PROSPECTUS,14,1,,,,,,
18488,5600744051013,220.0,Saborosa,"Bolacha de manteiga belga original, embalagem de 220g",,1.49,6.77,0,kg,€/Kg,,,https://driveimg1.intermarche.com/pt/Content/images/boitmal/produit/zoom/435E3C8EAE2EA4A45A8BB3A81B14CF20.jpg,,2025-11-26T23:59:59Z,PROSPECTUS,14,1,,,,,,
18489,5600744051020,198.0,Saborosa,"Bolacha de manteiga belga com chocolate, embalagem de 200g",,1.54,7.78,0,kg,€/Kg,,,https://driveimg1.intermarche.com/pt/Content/images/boitmal/produit/zoom/96C31A82D017146C1ADBA7AC747D4690.jpg,,2025-11-26T23:59:59Z,PROSPECTUS,14,1,,,,,,
1966,5604260061563,210.0,PorSi,Wafer Chocolate 210g,,1.17,5.57,0,kg,€/Kg,,,https://driveimg1.intermarche.com/pt/Content/images/boitmal/produit/zoom/E154175D8E403083CFB63244310CB908.jpg,,2025-11-26T23:59:59Z,PROSPECTUS,14,1,,,,,,
23276,5604260281299,175.0,Porsi Programa Origens,Salada Gourmet 175 G,,1.09,6.23,0,kg,€/Kg,,,https://driveimg1.intermarche.com/pt/Content/images/boitmal/produit/zoom/4B8FE4793F676EB4D411F04A36543FE6.jpg,,2025-11-26T23:59:59Z,PROSPECTUS,14,1,,,,,,
29613,5604260283538,1000.0,Porsi Vivabem,Bebida de Aveia 0% Açúcares Adicionados 1l,,0.99,0.99,1000,L,€/L,,,https://driveimg1.intermarche.com/pt/Content/images/boitmal/produit/zoom/1EE40BC1DA49C5CE3D084214B1D3D3B9.jpg,,2025-11-26T23:59:59Z,PROSPECTUS,14,1,,,,,,
36712,5604260294879,200.0,PorSi,Queijo Gouda Fatiado 200g,,1.69,8.45,0,kg,€/Kg,,,https://driveimg1.intermarche.com/pt/Content/images/boitmal/produit/zoom/DA95A9507FFD36014042570F7367B99A.jpg,,2025-11-26T23:59:59Z,PROSPECTUS,14,1,,,,,,
41718,5604260303823,90.0,PorSi,Puré de Fruta Maçã Manga Pessego,,0.64,7.11,0,kg,€/Kg,,,https://driveimg1.intermarche.com/pt/Content/images/boitmal/produit/zoom/9B27C39372BB074FB232EB9A2E0BB35A.jpg,,2025-11-26T23:59:59Z,PROSPECTUS,14,1,,,,,,
49380,5604260323586,150.0,PorSi,Tiras de Bacon 2x75g,,1.29,8.6,0,kg,€/Kg,,,https://driveimg1.intermarche.com/pt/Content/images/boitmal/produit/zoom/C81C7CF2D06D55EFA730F249BB879140.jpg,,2025-11-26T23:59:59Z,PROSPECTUS,14,1,,,,,,
49545,2706799000000,1100.0,PorSi,Frango aberto para churrasco,Embalagem com 1.1 kg (aprox.),3.83,3.48,0,,€/Kg,,,https://driveimg1.intermarche.com/pt/Content/images/boitmal/produit/zoom/A425BFFF084B4530B695FF575C8E0B34.jpg,,2025-11-26T23:59:59Z,PROSPECTUS,14,1,,,,,,
56703,5604260332946,300.0,PorSi,Rolinhos Legumes Primavera 300g,,1.99,6.63,0,kg,€/Kg,,Tipo de stockagem,https://driveimg1.intermarche.com/pt/Content/images/boitmal/produit/zoom/D4522F3BC9F46B7E90751B94CFEBDEBE.jpg,,2025-11-26T23:59:59Z,PROSPECTUS,14,1,,,,,,
1188,5601119007970,200.0,Nobre,"Salsichas Frankfurt Originais Lata 8 un, emb. 200 gr",,1.39,6.95,0,kg,€/Kg,,,https://driveimg1.intermarche.com/pt/Content/images/boitmal/produit/zoom/F480FC52D56464F3C1B867155F4A37B9.jpg,,2025-11-26T23:59:59Z,PROSPECTUS,14,1,,,,,,
1218,5601126039148,1000.0,Sical,"Café 5 estrelas grão, embalagem de 1 kg",,19.99,19.99,0,kg,€/Kg,,,https://driveimg1.intermarche.com/pt/Content/images/boitmal/produit/zoom/F30913D07FB49FD462FB35C8623DC586.jpg,https://driveimg1.intermarche.com/pt/Content/images/boitmal/produit/zoom/352FFCFAE868D5178905BD9725C43B6E.jpg,2025-11-26T23:59:59Z,PROSPECTUS,14,1,,,,,,
13896,2891049000000,1000.0,Porco,Fígado,Vendido ao peso a partir de 1 kg,2.99,2.99,0,,€/Kg,,,https://driveimg1.intermarche.com/pt/Content/images/boitmal/produit/zoom/5F0E3D04B0DBB043B98FC650B4149C34.jpg,,2025-11-26T23:59:59Z,PROSPECTUS,14,1,,,,,,
13915,2891249000000,2000.0,Peru,Perna com Osso,Vendido ao peso,8.78,4.39,0,,€/Kg,,,https://driveimg1.intermarche.com/pt/Content/images/boitmal/produit/zoom/EA6C55F440DB29FDE55EB019973B1FE5.jpg,,2025-11-26T23:59:59Z,PROSPECTUS,14,1,,,,,,
16419,5604260127535,1000.0,PorSi,Creme Vegetal para Culinária 1kg,,2.49,2.49,0,kg,€/Kg,,,https://driveimg1.intermarche.com/pt/Content/images/boitmal/produit/zoom/FB259DEFAEB5F72C3060F4D1DD8E9756.jpg,,2025-11-26T23:59:59Z,PROSPECTUS,14,1,,,,,,
17523,2891246000000,1000.0,Porco,Pá York c/ Osso c/ Couro,Vendido ao peso a partir de 1 kg,3.69,3.69,0,,€/Kg,,,https://driveimg1.intermarche.com/pt/Content/images/boitmal/produit/zoom/B1774B7150E1E65399A00A5F3DC93922.jpg,,2025-11-26T23:59:59Z,PROSPECTUS,14,1,,,,,,
1847,5604260301683,540.0,PorSi,Feijão branco,Embalagem de 540g,0.85,1.57,0,kg,€/Kg,,,https://driveimg1.intermarche.com/pt/Content/images/boitmal/produit/zoom/65F3549F5DD8B5CB836B8FAB01DCCC43.jpg,,2025-11-26T23:59:59Z,PROSPECTUS,14,1,,,,,,
23582,5604260281275,175.0,Porsi Programa Origens,Salada Premium 175 G,,1.19,6.8,0,kg,€/Kg,,,https://driveimg1.intermarche.com/pt/Content/images/boitmal/produit/zoom/A8F765E7D8A6C281765A51B35764D182.jpg,,2025-11-26T23:59:59Z,PROSPECTUS,14,1,,,,,,
24838,5601164903722,7500.0,Super Bock,"Cerveja com Álcool Mini, emb. 30 x 25 cl",,14.49,1.93,7500,L,€/L,,,https://driveimg1.intermarche.com/pt/Content/images/boitmal/produit/zoom/F70F225DD8BCAD2EFB4E63DAAFD05BBF.jpg,,2025-11-26T23:59:59Z,PROSPECTUS,14,1,,,,,,
41640,5604260301737,540.0,PorSi,Feijão encarnado em frasco,frasco de 540 g,0.85,1.57,0,kg,€/Kg,,,https://driveimg1.intermarche.com/pt/Content/images/boitmal/produit/zoom/C91F959C8FD02C2055DD0A1A4950A458.jpg,,2025-11-26T23:59:59Z,PROSPECTUS,14,1,,,,,,
41716,5604260303809,90.0,PorSi,Puré Fruta Multifrutos Maçã / Pêssego / Banana / Pera 90g,,0.64,7.11,0,kg,€/Kg,,,https://driveimg1.intermarche.com/pt/Content/images/boitmal/produit/zoom/1CAFF4A82E080C7A12967171C7D2027F.jpg,,2025-11-26T23:59:59Z,PROSPECTUS,14,1,,,,,,
41720,5604260303786,90.0,PorSi,Puré de Fruta Maçã Banana e Morango 90g,,0.64,7.11,0,kg,€/Kg,,,https://driveimg1.intermarche.com/pt/Content/images/boitmal/produit/zoom/EB59B6CAE9A8CD6FFFC194AC89C34DBC.jpg,,2025-11-26T23:59:59Z,PROSPECTUS,14,1,,,,,,
43847,5604260303601,2000.0,PorSi,Sal para Máquina de Lavar Loiça 2kg,,0.79,0.4,0,kg,€/Kg,,,https://driveimg1.intermarche.com/pt/Content/images/boitmal/produit/zoom/D82E0D3BEDB9300391E79B76131FD377.jpg,https://driveimg1.intermarche.com/pt/Content/images/boitmal/produit/zoom/B794A5967EB64687E479EB017EFD747A.jpg,2025-11-26T23:59:59Z,PROSPECTUS,14,1,,,,,,
43878,2773120000000,400.0,PorSi,"Strogonoff de Frango, embalagem de 400g (aprox.)",,3.4,8.49,0,,€/Kg,,,https://driveimg1.intermarche.com/pt/Content/images/boitmal/produit/zoom/B0564C72162089A88CD1254AA02E059D.jpg,,2025-11-26T23:59:59Z,PROSPECTUS,14,1,,,,,,
5119,5601066200073,1000.0,Nacional,Farinha p/ bolos extra fina,Embalagem de 1 kg,0.99,0.99,0,kg,€/Kg,,,https://driveimg1.intermarche.com/pt/Content/images/boitmal/produit/zoom/0BC68EEEFB7AD341320FD65451A85D72.jpg,,2025-11-26T23:59:59Z,PROSPECTUS,14,1,,,,,,
54633,5603722523052,1000.0,Gresso,"Leite Uht Magro, 1L",,0.87,0.87,1000,L,€/L,,,https://driveimg1.intermarche.com/pt/Content/images/boitmal/produit/zoom/62FAA0AA671FC5B53B3DDBACCC92B900.jpg,,2025-11-26T23:59:59Z,PROSPECTUS,14,1,,,,,,
8391,5601049159992,1000.0,Mimosa,"Leite especial cálcio + vitamina d magro, de 1l",,1.0,1.0,1000,L,€/L,,,https://driveimg1.intermarche.com/pt/Content/images/boitmal/produit/zoom/22E6964D6A2F2B922BCB40BB341AE902.jpg,,2025-11-26T23:59:59Z,PROSPECTUS,14,1,,,,,,
11463,5601018001642,250.0,Gresso,"Manteiga com sal, embalagem de 250g",,2.14,8.56,0,kg,€/Kg,,,https://driveimg1.intermarche.com/pt/Content/images/boitmal/produit/zoom/3A5F1036925C0C6B8D6C067104A96CDE.jpg,https://driveimg1.intermarche.com/pt/Content/images/boitmal/produit/zoom/7AC5179CFF33BEA38B382077FB05A477.jpg,2025-11-26T23:59:59Z,PROSPECTUS,14,1,,,,,,
1187,5601119007963,120.0,Nobre,"6 salsichas de porco, lata de 120g",,1.04,8.67,0,kg,€/Kg,,,https://driveimg1.intermarche.com/pt/Content/images/boitmal/produit/zoom/024D21F90F760BFDC12CBD7EB02BECC6.jpg,,2025-11-26T23:59:59Z,PROSPECTUS,14,1,,,,,,
11987,5604055112821,2500.0,Fastio,"Água mineral sem gás, garrafa de 2,5 l",,1.09,0.44,2500,L,€/L,,,https://driveimg1.intermarche.com/pt/Content/images/boitmal/produit/zoom/FB893DB3E3427BD2F4F475F8A8AF7AFA.jpg,,2025-11-26T23:59:59Z,PROSPECTUS,14,1,,,,,,
1225,5601146000319,500.0,Sagres,"Cerveja com Álcool, lata 50 cl",,0.85,1.7,500,L,€/L,,,https://driveimg1.intermarche.com/pt/Content/images/boitmal/produit/zoom/B1B5F95DEB5BC6A9F4E736C209DD9550.jpg,,2025-11-26T23:59:59Z,PROSPECTUS,14,1,,,,,,
1451,5601286201782,500.0,Milaneza,"Massa esparguete, embalagem de 500g",,0.88,1.76,0,kg,€/Kg,,,https://driveimg1.intermarche.com/pt/Content/images/boitmal/produit/zoom/FF90DF8806B7F52F8AD5ECEED9AAA2FA.jpg,,2025-11-26T23:59:59Z,PROSPECTUS,14,1,,,,,,
1475,5601286273789,500.0,Milaneza,"Massa fusilli tricolor, embalagem de 500g",,1.26,2.52,0,kg,€/Kg,,,https://driveimg1.intermarche.com/pt/Content/images/boitmal/produit/zoom/89BD68C65931C04722FA40DDD3898CB2.jpg,,2025-11-26T23:59:59Z,PROSPECTUS,14,1,,,,,,
14908,2893723000000,600.0,Peixaria,Dourada Pequena,"Vendido ao peso, de 200 a 600 g",4.19,6.99,0,,€/Kg,,,https://driveimg1.intermarche.com/pt/Content/images/boitmal/produit/zoom/AFF5C8795A7F86F3C0C55DCFF44363C3.jpg,,2025-11-26T23:59:59Z,PROSPECTUS,14,1,,,,,,
15687,5000116109234,700.0,Iglo,"Ervilhas, embalagem de 700g",,3.39,4.84,0,kg,€/Kg,,Tipo de stockagem,https://driveimg1.intermarche.com/pt/Content/images/boitmal/produit/zoom/AC9F197DD289CE6E6A9903FC824FDD75.jpg,,2025-11-26T23:59:59Z,PROSPECTUS,14,1,,,,,,
16365,5604055112005,1000.0,Fastio,"Água sem gás, garrafa de 1 l",,0.47,0.47,1000,L,€/L,,,https://driveimg1.intermarche.com/pt/Content/images/boitmal/produit/zoom/D9A5DA87896331814D054CBE16430809.jpg,,2025-11-26T23:59:59Z,PROSPECTUS,14,1,,,,,,
16608,8712561521437,700.0,Cif,"Creme abrasivo limão, de 700 ml",,2.69,3.84,700,L,€/L,,,https://driveimg1.intermarche.com/pt/Content/images/boitmal/produit/zoom/734448B6276EB5C2CFFCEBF5E628AF6D.jpg,,2025-11-26T23:59:59Z,PROSPECTUS,14,1,,,,,,
1725,5604260000265,250.0,PorSi,Massa Bagos 250g,,0.48,1.92,0,kg,€/Kg,,,https://driveimg1.intermarche.com/pt/Content/images/boitmal/produit/zoom/974FF28C753808191257D3DE1EC63B00.jpg,,2025-11-26T23:59:59Z,PROSPECTUS,14,1,,,,,,
1726,5604260000272,250.0,PorSi,Massa Pevide 250g,,0.48,1.92,0,kg,€/Kg,,,https://driveimg1.intermarche.com/pt/Content/images/boitmal/produit/zoom/A4A2080D7D2A6FF3E0E1E1CA80D0F6AC.jpg,,2025-11-26T23:59:59Z,PROSPECTUS,14,1,,,,,,
19022,5603722509742,800.0,Agros,"Leite com chocolate, embalagem de 4 x 200 ml",,1.6,2.0,800,L,€/L,,,https://driveimg1.intermarche.com/pt/Content/images/boitmal/produit/zoom/86A34AF1051A1750347A4FF58912A923.jpg,,2025-11-26T23:59:59Z,PROSPECTUS,14,1,,,,,,
26772,5449000106186,3500.0,Coca-Cola,"Refrigerante com Gás Cola, emb. 2 x 1,75 lt",,3.77,1.08,3500,L,€/L,,,https://driveimg1.intermarche.com/pt/Content/images/boitmal/produit/zoom/A789E276311FA9DA8F07BCEEEA6CB731.jpg,,2025-11-26T23:59:59Z,PROSPECTUS,14,1,,,,,,
29738,8410436324533,1300.0,Sonasol,"Lava Tudo Flores Montanha, 1.3 l",,2.24,1.72,1300,L,€/L,,,https://driveimg1.intermarche.com/pt/Content/images/boitmal/produit/zoom/13FBFB2C777E7C44B0340328520A2D41.jpg,,2025-11-26T23:59:59Z,PROSPECTUS,14,1,,,,,,
32063,8712423038844,33.0,Knorr,"Strogonoff 1, 2, 3...sabor!, embalagem de 33 g",,1.19,36.06,0,kg,€/Kg,,,https://driveimg1.intermarche.com/pt/Content/images/boitmal/produit/zoom/4A8045759567B372AE215D4B257F03A8.jpg,,2025-11-26T23:59:59Z,PROSPECTUS,14,1,,,,,,
32158,4015400917328,480.0,Fairy,"Detergente Liquido da Loiça Limão, 480 ml",,2.54,5.29,480,L,€/L,,,https://driveimg1.intermarche.com/pt/Content/images/boitmal/produit/zoom/4E2BD689329F214554584573973F36ED.jpg,,2025-11-26T23:59:59Z,PROSPECTUS,14,1,,,,,,
35499,5601151973769,3500.0,Sumol,"Refrigerante com gás de laranja, 2 x 1.75 l",,2.84,0.81,3500,L,€/L,,,https://driveimg1.intermarche.com/pt/Content/images/boitmal/produit/zoom/15C97042A71F49C362C4C213EA28900F.jpg,,2025-11-26T23:59:59Z,PROSPECTUS,14,1,,,,,,
40741,5604260302918,3000.0,PorSi,Óleo Girassol 3l,,4.99,1.66,3000,L,€/L,,,https://driveimg1.intermarche.com/pt/Content/images/boitmal/produit/zoom/F8BB67375CA1509EF026CE7D5296E9E5.jpg,,2025-11-26T23:59:59Z,PROSPECTUS,14,1,,,,,,
43629,5604260312405,600.0,PorSi Bio,Bio Ervilhas 600g,,1.99,3.32,0,kg,€/Kg,,Tipo de stockagem,https://driveimg1.intermarche.com/pt/Content/images/boitmal/produit/zoom/E56A23FEE99BA090ED2622AE9AE735F8.jpg,,2025-11-26T23:59:59Z,PROSPECTUS,14,1,,,,,,
43658,5604260312672,275.0,PorSi,Perolas Perfumadas Fresh 275g,Embalagem de 275 g,2.99,10.87,0,kg,€/Kg,,,https://driveimg1.intermarche.com/pt/Content/images/boitmal/produit/zoom/C481D383E04EE387D22A1B430E527754.jpg,,2025-11-26T23:59:59Z,PROSPECTUS,14,1,,,,,,
45715,5604260310722,150.0,PorSi,Bolacha com Cobertura Chocolate de Leite 150g,,1.99,13.27,0,kg,€/Kg,,,https://driveimg1.intermarche.com/pt/Content/images/boitmal/produit/zoom/316BF2EFAABDC61698C845DF2D1BBE17.jpg,,2025-11-26T23:59:59Z,PROSPECTUS,14,1,,,,,,
46128,3083681137811,450.0,Bonduelle,"Milho Doce sem Glúten, emb. 3 x 150 gr",,2.59,5.76,0,kg,€/Kg,,,https://driveimg1.intermarche.com/pt/Content/images/boitmal/produit/zoom/EC051C59563F4690C90E354F78286A70.jpg,,2025-11-26T23:59:59Z,PROSPECTUS,14,1,,,,,,
46881,5604260310111,500.0,PorSi,Tortilha Batata c/ Cebola 500g,,2.99,5.98,0,kg,€/Kg,,,https://driveimg1.intermarche.com/pt/Content/images/boitmal/produit/zoom/61587ED63CEE364FA621252AD302F6D4.jpg,,2025-11-26T23:59:59Z,PROSPECTUS,14,2,,,,,,
4785,5000396036138,218.0,McVities,"Bolachas fruit & forma, maçã e canela, embalagem de 220g",,1.99,9.13,0,kg,€/Kg,,,https://driveimg1.intermarche.com/pt/Content/images/boitmal/produit/zoom/4769CC9B7DCE0DA17354265C7FF7343C.jpg,,2025-11-26T23:59:59Z,PROSPECTUS,14,2,,,,,,
48907,5604260320769,,PorSi,Pensos Diários Normal - 64 Unidades,,1.69,1.69,0,,€/Unidade,,,https://driveimg1.intermarche.com/pt/Content/images/boitmal/produit/zoom/DFB079CBF477779AF2A84A2F43E7FF7B.jpg,https://driveimg1.intermarche.com/pt/Content/images/boitmal/produit/zoom/C20F8AD2FC19771FE6AB1B975D7F3E8C.jpg,2025-11-26T23:59:59Z,PROSPECTUS,14,2,https://driveimg1.intermarche.com/pt/Content/images/boitmal/produit/zoom/C20F8AD2FC19771FE6AB1B975D7F3E8C.jpg,https://driveimg1.intermarche.com/pt/Content/images/boitmal/produit/zoom/C20F8AD2FC19771FE6AB1B975D7F3E8C.jpg,https://driveimg1.intermarche.com/pt/Content/images/boitmal/produit/zoom/C20F8AD2FC19771FE6AB1B975D7F3E8C.jpg,https://driveimg1.intermarche.com/pt/Content/images/boitmal/produit/zoom/C20F8AD2FC19771FE6AB1B975D7F3E8C.jpg,,
51094,5605378209106,500.0,Legumes,"Cebola Doce, emb. 500 gr",500 g,1.39,2.78,0,kg,€/Kg,,,https://driveimg1.intermarche.com/pt/Content/images/boitmal/produit/zoom/A3A195161818002B079AE373F23C98D9.jpg,,2025-11-26T23:59:59Z,PROSPECTUS,14,2,,,,,,
51782,5604260327669,1000.0,PorSi,Iogurte Líquido Piña Colada 1kg/ 944ml,,1.69,1.69,0,kg,€/Kg,,,https://driveimg1.intermarche.com/pt/Content/images/boitmal/produit/zoom/72DCBF92FB9FC3FE1A0ADB9C5783A0CE.jpg,,2025-11-26T23:59:59Z,PROSPECTUS,14,2,,,,,,
51917,8410500020644,280.0,Danone,Iogurte infantil danonino morango banana 4x70g,,2.19,7.82,0,kg,€/Kg,,,https://driveimg1.intermarche.com/pt/Content/images/boitmal/produit/zoom/3220973BC3DB4CAD23E73E6374D1D5D5.jpg,,2025-11-26T23:59:59Z,PROSPECTUS,14,2,,,,,,
5244,5601151510759,845.0,Compal,"Feijão encarnado, lata de 850g",,1.74,2.06,0,kg,€/Kg,,,https://driveimg1.intermarche.com/pt/Content/images/boitmal/produit/zoom/DE636824D87F41FA8614ED32FEFF81FF.jpg,,2025-11-26T23:59:59Z,PROSPECTUS,14,2,,,,,,
53044,8720181368769,4320.0,Omo,"Detergente roupa máquina líquido, 96 doses",,8.99,2.08,4320,L,€/L,,,https://driveimg1.intermarche.com/pt/Content/images/boitmal/produit/zoom/30BA46CDC8291B3E0F7206BAD1197FAE.jpg,,2025-11-26T23:59:59Z,PROSPECTUS,14,2,,,,,,
53066,5601050037845,620.0,Danone,"Bifidus líquido activia aveia e noz 000%, 4 x 155g",,1.99,3.21,0,kg,€/Kg,,,https://driveimg1.intermarche.com/pt/Content/images/boitmal/produit/zoom/CA31731A632F34AB50927A2984D0BF84.jpg,https://driveimg1.intermarche.com/pt/Content/images/boitmal/produit/zoom/C3E5261F5C2ADA6A9243957038878389.jpg,2025-11-26T23:59:59Z,PROSPECTUS,14,2,https://driveimg1.intermarche.com/pt/Content/images/boitmal/produit/zoom/C3E5261F5C2ADA6A9243957038878389.jpg,https://driveimg1.intermarche.com/pt/Content/images/boitmal/produit/zoom/C3E5261F5C2ADA6A9243957038878389.jpg,,,,
53067,5601050037821,620.0,Danone,"Bifidus líquido activia ananás 000%, 4 x 155g",,1.99,3.21,0,kg,€/Kg,,,https://driveimg1.intermarche.com/pt/Content/images/boitmal/produit/zoom/3D4965FAC6DA56015B0EA60D0CC350AD.jpg,https://driveimg1.intermarche.com/pt/Content/images/boitmal/produit/zoom/227608E522C57EFFD851E1F0A8F434F8.jpg,2025-11-26T23:59:59Z,PROSPECTUS,14,2,https://driveimg1.intermarche.com/pt/Content/images/boitmal/produit/zoom/227608E522C57EFFD851E1F0A8F434F8.jpg,,,,,
54346,8435495843733,,Gama,"Detergente Roupa Máquina Líquido Cuidado Diário, 80D",,5.99,5.99,0,,€/Unidade,,,https://driveimg1.intermarche.com/pt/Content/images/boitmal/produit/zoom/E5D9177D92E6E9DF5147C07C4D5C380F.jpg,,2025-11-26T23:59:59Z,PROSPECTUS,14,2,,,,,,
55263,8445291133372,220.0,Sical,"Café Moído Moagem Universal Tradição Int 11, emb. 220 gr",,3.35,15.23,0,kg,€/Kg,,,https://driveimg1.intermarche.com/pt/Content/images/boitmal/produit/zoom/2C71B4BE8C62CE03863B42CCFD75F09E.jpg,,2025-11-26T23:59:59Z,PROSPECTUS,14,2,,,,,,
616,3250390114673,360.0,Bouton D´or,Pepinos Extra Finos 680g,Embalagem de 380 g,2.59,7.19,0,kg,€/Kg,,,https://driveimg1.intermarche.com/pt/Content/images/boitmal/produit/zoom/131D236F1C36D4400362C1A6459D9792.jpg,,2025-11-26T23:59:59Z,PROSPECTUS,14,2,,,,,,
8396,5601049614330,250.0,Milhafre,"Manteiga com sal, embalagem de 250g",,2.19,8.76,0,kg,€/Kg,,,https://driveimg1.intermarche.com/pt/Content/images/boitmal/produit/zoom/8DCB9F2F3B36086D35B7173891ABA268.jpg,,2025-11-26T23:59:59Z,PROSPECTUS,14,2,,,,,,
9999,8001480020535,4000.0,Neoblanc,Lixívia Tradicional,Embalagem de 4 l,2.99,0.75,4000,L,€/L,,,https://driveimg1.intermarche.com/pt/Content/images/boitmal/produit/zoom/9906959CB147C83320C04CF2C670E38F.jpg,,2025-11-26T23:59:59Z,PROSPECTUS,14,2,,,,,,
1189,5601119007987,250.0,Nobre,"Salsichas de porco, lata de 250g",,1.67,6.68,0,kg,€/Kg,,,https://driveimg1.intermarche.com/pt/Content/images/boitmal/produit/zoom/0B023C2ECBDBE7AB09A89A8810925D65.jpg,,2025-11-26T23:59:59Z,PROSPECTUS,14,2,,,,,,
12299,8003520013064,300.0,Palmolive,"Sabonete líquido de leite de amêndoas, recarga, 300 ml",,1.79,5.97,300,L,€/L,,,https://driveimg1.intermarche.com/pt/Content/images/boitmal/produit/zoom/35D2E48138CCA33503CE2D19DC83E44D.jpg,,2025-11-26T23:59:59Z,PROSPECTUS,14,2,,,,,,
12325,8410000827446,440.0,Oreo,Bolachas oreo,Embalagem de 440g,3.19,7.25,0,kg,€/Kg,,,https://driveimg1.intermarche.com/pt/Content/images/boitmal/produit/zoom/11ABE08FDA4C088C51508248D56D0CC4.jpg,,2025-11-26T23:59:59Z,PROSPECTUS,14,2,,,,,,
12892,2892508000000,400.0,Legumes,Beringela,1 un=400 gr (aprox.),0.72,1.79,0,,€/Kg,,,https://driveimg1.intermarche.com/pt/Content/images/boitmal/produit/zoom/5B7B3A896213DE67893050A67A6D9D9B.jpg,,2025-11-26T23:59:59Z,PROSPECTUS,14,2,,,,,,
1294,5601151450758,845.0,Compal,"Feijão manteiga, lata de 850g",,1.74,2.06,0,kg,€/Kg,,,https://driveimg1.intermarche.com/pt/Content/images/boitmal/produit/zoom/C80A38D3334A10E9F1DDCDBE8105CD22.jpg,,2025-11-26T23:59:59Z,PROSPECTUS,14,2,,,,,,
1302,5601151700754,845.0,Compal,"Grão de bico, lata de 850g",,1.74,2.06,0,kg,€/Kg,,,https://driveimg1.intermarche.com/pt/Content/images/boitmal/produit/zoom/DA244D258ED9A9EF750825CAFFB70E24.jpg,,2025-11-26T23:59:59Z,PROSPECTUS,14,2,,,,,,
13566,2893560000000,250.0,Congelado de Aquicultura,Camarão Congelado 20/30,1 un = 250 gr  (aprox.),2.25,8.99,0,,€/Kg,,Avantages !,https://driveimg1.intermarche.com/pt/Content/images/boitmal/produit/zoom/863DB9F10BE616A55736AB7A17BC6BB5.jpg,,2025-11-26T23:59:59Z,PROSPECTUS,14,2,,,,,,
1709,5604055111060,6000.0,Fastio,"Água mineral sem gás, embalagem de 6 l",,1.6,0.27,6000,L,€/L,,,https://driveimg1.intermarche.com/pt/Content/images/boitmal/produit/zoom/6EFB8FD4D0614752BB5925C1048B82B3.jpg,,2025-11-26T23:59:59Z,PROSPECTUS,14,2,,,,,,
17207,8006540943687,1800.0,Fairy,Detergente manual de loiça limão,Embalagem de 2 x 900 ml,6.99,3.88,1800,L,€/L,,,https://driveimg1.intermarche.com/pt/Content/images/boitmal/produit/zoom/B2EE328B1B3FB1BA0162E77ED87C40E9.jpg,,2025-11-26T23:59:59Z,PROSPECTUS,14,2,,,,,,
1730,5604260000319,250.0,PorSi,Massa Cuscus 250g,,0.48,1.92,0,kg,€/Kg,,,https://driveimg1.intermarche.com/pt/Content/images/boitmal/produit/zoom/46EBB016676D295FEB6BDF8AF4C79600.jpg,,2025-11-26T23:59:59Z,PROSPECTUS,14,2,,,,,,
17900,8001480023277,700.0,Neoblanc,"Lixívia Spray Mousse Flor, 700ml",,2.99,4.27,700,L,€/L,,,https://driveimg1.intermarche.com/pt/Content/images/boitmal/produit/zoom/4C9540C630C990410131B89E1C2C75B8.jpg,,2025-11-26T23:59:59Z,PROSPECTUS,14,2,,,,,,
18596,8410500016029,400.0,Danone,"Iogurte líquido danonino morango/banana, embalagem de 4 x 100 g",,2.09,5.23,0,kg,€/Kg,,,https://driveimg1.intermarche.com/pt/Content/images/boitmal/produit/zoom/79AABB1D751FE6F57112090F819DD6BE.jpg,,2025-11-26T23:59:59Z,PROSPECTUS,14,2,,,,,,
19224,5601146000302,330.0,Sagres,"Cerveja com Álcool, emb. 33 cl",,0.59,1.79,330,L,€/L,,,https://driveimg1.intermarche.com/pt/Content/images/boitmal/produit/zoom/021C2A3D686B3B40ECD987D05D836084.jpg,,2025-11-26T23:59:59Z,PROSPECTUS,14,2,,,,,,
19940,7613035619456,300.0,Nestlé,Granola aveia fitness mel,Embalagem de 300g,3.29,10.97,0,kg,€/Kg,,,https://driveimg1.intermarche.com/pt/Content/images/boitmal/produit/zoom/EAEAF515FE565B8F35270BCD3427077E.jpg,,2025-11-26T23:59:59Z,PROSPECTUS,14,2,,,,,,
20264,5000116110872,180.0,Iglo,"Crocantes frango parmesão e ervas, embalagem de 180g",,3.99,22.17,0,kg,€/Kg,,Tipo de stockagem,https://driveimg1.intermarche.com/pt/Content/images/boitmal/produit/zoom/FA238D0C01D11590AA8A8E09CE288246.jpg,,2025-11-26T23:59:59Z,PROSPECTUS,14,2,,,,,,
2223,5604260266388,500.0,PorSi,Bolachas com Recheio Sabor Baunilha 500g,,1.59,3.18,0,kg,€/Kg,,,https://driveimg1.intermarche.com/pt/Content/images/boitmal/produit/zoom/629B86B30C117365C725FDCFA3AF6120.jpg,,2025-11-26T23:59:59Z,PROSPECTUS,14,2,,,,,,
23278,5604260281282,250.0,Porsi Programa Origens,Salada Toscana 250 G,,1.19,4.76,0,kg,€/Kg,,,https://driveimg1.intermarche.com/pt/Content/images/boitmal/produit/zoom/829819BF310BA689C7002E0655E64BF5.jpg,,2025-11-26T23:59:59Z,PROSPECTUS,14,2,,,,,,
28640,5054563030948,75.0,Aquafresh,Dentífrico Tripla Proteção,Embalagem de 75 ml,1.84,24.53,75,L,€/L,,,https://driveimg1.intermarche.com/pt/Content/images/boitmal/produit/zoom/3F822B9D22CAC67DC8DBD8698E3FBBBD.jpg,,2025-11-26T23:59:59Z,PROSPECTUS,14,2,,,,,,
29612,5604260283545,1000.0,Porsi Vivabem,Bebida de Arroz 0% Açúcares Adicionados 1l,,1.19,1.19,1000,L,€/L,,,https://driveimg1.intermarche.com/pt/Content/images/boitmal/produit/zoom/1CC67FBC1159B7AB53C4B66B360A0BCF.jpg,,2025-11-26T23:59:59Z,PROSPECTUS,14,2,,,,,,
30477,3083681070187,225.0,Bonduelle,"Milho Doce sem Glúten, emb. 3 x 75 gr",,1.78,7.91,0,kg,€/Kg,,,https://driveimg1.intermarche.com/pt/Content/images/boitmal/produit/zoom/21305BEE4D64377736F1C50D030AC0E3.jpg,,2025-11-26T23:59:59Z,PROSPECTUS,14,2,,,,,,
33118,5601066200592,500.0,Nacional,"Farinha de espelta integral, 500g",,1.49,2.98,0,kg,€/Kg,,,https://driveimg1.intermarche.com/pt/Content/images/boitmal/produit/zoom/BD820060C71D6DCBA3D46A1963F0F79E.jpg,,2025-11-26T23:59:59Z,PROSPECTUS,14,2,,,,,,
35888,5601151973752,3500.0,Sumol,"Refrigerante com gás de ananás, 2 x 1.75 l",,2.84,0.81,3500,L,€/L,,,https://driveimg1.intermarche.com/pt/Content/images/boitmal/produit/zoom/088D8DA34921F50F39B725B4135D000A.jpg,,2025-11-26T23:59:59Z,PROSPECTUS,14,2,,,,,,
36910,5604260326068,,PorSi,Fraldas agility T6 para + de 17 kg,30 unidades,5.69,5.69,0,,€/Unidade,,,https://driveimg1.intermarche.com/pt/Content/images/boitmal/produit/zoom/2D6509B4067EF4A8937FE7D6911507B8.jpg,,2025-11-26T23:59:59Z,PROSPECTUS,14,2,,,,,,
41717,5604260303816,90.0,PorSi,Puré de Fruta Maçã Pera,,0.64,7.11,0,kg,€/Kg,,,https://driveimg1.intermarche.com/pt/Content/images/boitmal/produit/zoom/5127251097DF39368C903E9B3834E6D6.jpg,,2025-11-26T23:59:59Z,PROSPECTUS,14,2,,,,,,
42244,5604260308828,4000.0,PorSi,Alimento Seco Cão Atividade Normal 4kg,,5.59,1.4,0,kg,€/Kg,,,https://driveimg1.intermarche.com/pt/Content/images/boitmal/produit/zoom/88195B234511C29FAF7A19365C968E0C.jpg,,2025-11-26T23:59:59Z,PROSPECTUS,14,2,,,,,,
42257,5604260308026,1500.0,PorSi,"Gel Ativo com Lixivia 1,5l",,1.15,0.77,1500,L,€/L,,,https://driveimg1.intermarche.com/pt/Content/images/boitmal/produit/zoom/899BCDEC5E97E4EBBB105D02275610A5.jpg,,2025-11-26T23:59:59Z,PROSPECTUS,14,2,,,,,,
43872,5604260311835,500.0,PorSi,Polvilho Doce 500g,,2.15,4.3,0,kg,€/Kg,,,https://driveimg1.intermarche.com/pt/Content/images/boitmal/produit/zoom/3CFD5812D2BBDE69A35A35F5F71BCA42.jpg,,2025-11-26T23:59:59Z,PROSPECTUS,14,2,,,,,,
44250,8410376057577,220.0,Gullón,"Dibus bolachas magic, embalagem de 220g",,1.29,5.86,0,kg,€/Kg,,,https://driveimg1.intermarche.com/pt/Content/images/boitmal/produit/zoom/0D8BA36055A1A40085AD2B3BEA4B24AF.jpg,,2025-11-26T23:59:59Z,PROSPECTUS,14,2,,,,,,
44950,5604260312276,500.0,PorSi,Bolacha de Cacau com Recheio Sabor Chocolate 500g,,1.99,3.98,0,kg,€/Kg,,,https://driveimg1.intermarche.com/pt/Content/images/boitmal/produit/zoom/747A4C6929B24B849D3F32DE079D4281.jpg,,2025-11-26T23:59:59Z,PROSPECTUS,14,2,,,,,,
45671,5604260310739,150.0,PorSi,Bolachas com Cobertura Chocolate e Avelâ 150g,,1.49,9.93,0,kg,€/Kg,,,https://driveimg1.intermarche.com/pt/Content/images/boitmal/produit/zoom/7F1BBC868F6B770A58E4FA292EA0F55F.jpg,,2025-11-26T23:59:59Z,PROSPECTUS,14,2,,,,,,
45773,5054563087829,75.0,Aquafresh,"Pasta dentífrica eucalipto, lima e menta",Embalagem de 75ml,1.84,24.53,75,L,€/L,,,https://driveimg1.intermarche.com/pt/Content/images/boitmal/produit/zoom/1F94A046F2A6C727F7B6BE2D468B428F.jpg,,2025-11-26T23:59:59Z,PROSPECTUS,14,2,,,,,,
46280,5604260312412,600.0,PorSi Bio,Bio Brócolos 600g,,1.99,3.32,0,kg,€/Kg,,Tipo de stockagem,https://driveimg1.intermarche.com/pt/Content/images/boitmal/produit/zoom/60277F8028EAA3A11DA54E2FEAE6137B.jpg,,2025-11-26T23:59:59Z,PROSPECTUS,14,2,,,,,,
46824,5603722518270,720.0,Mimosa,"Iogurte magro aroma multi sabores de morango/coco, 6x120g",,1.99,2.76,0,kg,€/Kg,,,https://driveimg1.intermarche.com/pt/Content/images/boitmal/produit/zoom/C1F13564A32ADE4727C9B834FE2B8090.jpg,,2025-11-26T23:59:59Z,PROSPECTUS,14,2,,,,,,
49224,5604260322640,90.0,PorSi,Puré de Fruta e Aveia 90g,,0.64,7.11,0,kg,€/Kg,,,https://driveimg1.intermarche.com/pt/Content/images/boitmal/produit/zoom/2883AE3C85FAF5BBF9A14AEAF97F71F7.jpg,,2025-11-26T23:59:59Z,PROSPECTUS,14,2,,,,,,
49542,5604260323906,1000.0,Porsi Vivabem,Bebida de Amendoa 0% Açúcares Adicionados 1l,,1.35,1.35,1000,L,€/L,,,https://driveimg1.intermarche.com/pt/Content/images/boitmal/produit/zoom/AEE9651854E78E84B75576B58758E00E.jpg,,2025-11-26T23:59:59Z,PROSPECTUS,14,2,,,,,,
50021,8719200231801,450.0,ProActiv,"Creme vegetal para barrar, embalagem de 450g",,4.49,9.98,0,kg,€/Kg,,,https://driveimg1.intermarche.com/pt/Content/images/boitmal/produit/zoom/9A5951CF8E7C99FE47043D42DCC4EFA0.jpg,,2025-11-26T23:59:59Z,PROSPECTUS,14,2,,,,,,
5005,5601028000338,,Renova,"Guardanapos brancos, 33x33cm, 2 folhas, 90 unidades",Uma embalagem,1.24,1.24,0,,€/Unidade,,,https://driveimg1.intermarche.com/pt/Content/images/boitmal/produit/zoom/9F219BE4431DFB73ED0C83D11864E280.jpg,,2025-11-26T23:59:59Z,PROSPECTUS,14,2,,,,,,
50386,8445290290014,30.0,Maggi,"Molho suculento frango no forno com alho e cebola em saqueta, 30g",,0.89,29.67,0,kg,€/Kg,,,https://driveimg1.intermarche.com/pt/Content/images/boitmal/produit/zoom/0DEECC66FD9482A59A0436C06913C5D2.jpg,,2025-11-26T23:59:59Z,PROSPECTUS,14,2,,,,,,
50454,5603722521829,1208.0,Mimosa,"Iogurte líquido aroma banana e morango, 8 x 151 ml",,2.69,2.23,1208,L,€/L,,,https://driveimg1.intermarche.com/pt/Content/images/boitmal/produit/zoom/AA12AF3CF07E84D8BB18D68CC6DFA3EB.jpg,,2025-11-26T23:59:59Z,PROSPECTUS,14,2,,,,,,
5126,5601068014494,750.0,Cif,"Desinfetante em gel com lixívia, de 750 ml",,1.44,1.92,750,L,€/L,,,https://driveimg1.intermarche.com/pt/Content/images/boitmal/produit/zoom/77935B9909F887F8D557F56915EB5FD9.jpg,,2025-11-26T23:59:59Z,PROSPECTUS,14,2,,,,,,
51572,5604260327966,750.0,PorSi,Azeite Virgem Extra 750ml,,4.69,6.25,750,L,€/L,,,https://driveimg1.intermarche.com/pt/Content/images/boitmal/produit/zoom/AC740C8B03C58C895BBDE8FC6044BE3A.jpg,,2025-11-26T23:59:59Z,PROSPECTUS,14,2,,,,,,
51783,5604260327676,1000.0,PorSi,Iogurte Líquido Morango e Banana 1kg/ 944ml,,1.69,1.69,0,kg,€/Kg,,,https://driveimg1.intermarche.com/pt/Content/images/boitmal/produit/zoom/568FFCB442AD5B312FACD9B2980ADD4A.jpg,,2025-11-26T23:59:59Z,PROSPECTUS,14,2,,,,,,
51784,5604260327683,1000.0,PorSi,Iogurte Líquido Magro Morango 1kg/ 963ml,,1.69,1.69,0,kg,€/Kg,,,https://driveimg1.intermarche.com/pt/Content/images/boitmal/produit/zoom/B0E18B7A21CC999A008B26FEB2D32234.jpg,,2025-11-26T23:59:59Z,PROSPECTUS,14,2,,,,,,
51978,5600744051457,198.0,Saborosa,"Bolacha belgas red velvet, embalagem de 198g",,1.69,8.54,0,kg,€/Kg,,,https://driveimg1.intermarche.com/pt/Content/images/boitmal/produit/zoom/24A5A4F6F89B1A1D040BB1FEACE78EF6.jpg,,2025-11-26T23:59:59Z,PROSPECTUS,14,2,,,,,,
52377,8720181385131,,Skip,Detergente Máquina Roupa Líquido Sabão Natural,100 Doses,11.99,11.99,0,,€/Unidade,,,https://driveimg1.intermarche.com/pt/Content/images/boitmal/produit/zoom/B7482844827C04E8BE654EF9B7B49DD3.jpg,,2025-11-26T23:59:59Z,PROSPECTUS,14,2,,,,,,
52566,5604260329502,315.0,PorSi,Cogumelos Laminados 3x185g,Pack de 3 x 185 g,2.25,7.14,0,kg,€/Kg,,,https://driveimg1.intermarche.com/pt/Content/images/boitmal/produit/zoom/CAE31729F1814975AABE2147FB00CFB2.jpg,,2025-11-26T23:59:59Z,PROSPECTUS,14,2,,,,,,
52881,8719200267190,450.0,Becel,"Creme vegetal para barrar original, 450g",,3.56,7.91,0,kg,€/Kg,,,https://driveimg1.intermarche.com/pt/Content/images/boitmal/produit/zoom/7D8CFDDFB89CBA606F61A06158439D60.jpg,https://driveimg1.intermarche.com/pt/Content/images/boitmal/produit/zoom/D67292663C5C1617E51BCDF904BF56A4.jpg,2025-11-26T23:59:59Z,PROSPECTUS,14,2,https://driveimg1.intermarche.com/pt/Content/images/boitmal/produit/zoom/D67292663C5C1617E51BCDF904BF56A4.jpg,,,,,
53292,8719200265424,450.0,Becel,"Creme vegetal culinária, 450g",,2.49,5.53,0,kg,€/Kg,,,https://driveimg1.intermarche.com/pt/Content/images/boitmal/produit/zoom/731104623BFBA291592C36763AD2ACB6.jpg,https://driveimg1.intermarche.com/pt/Content/images/boitmal/produit/zoom/FE0F50DA9FD82BB1CA28828D6783A017.jpg,2025-11-26T23:59:59Z,PROSPECTUS,14,2,https://driveimg1.intermarche.com/pt/Content/images/boitmal/produit/zoom/FE0F50DA9FD82BB1CA28828D6783A017.jpg,https://driveimg1.intermarche.com/pt/Content/images/boitmal/produit/zoom/FE0F50DA9FD82BB1CA28828D6783A017.jpg,,,,
53759,8435495833864,4050.0,Gama,Detergente Máquina Roupa Líquido Floral,Embalagem de 90 Doses,9.99,2.47,4050,L,€/L,,,https://driveimg1.intermarche.com/pt/Content/images/boitmal/produit/zoom/E1E291536BF780CF5BF8B661E6DDC660.jpg,https://driveimg1.intermarche.com/pt/Content/images/boitmal/produit/zoom/B1444808EE37FB337A50B68241AE2CB7.jpg,2025-11-26T23:59:59Z,PROSPECTUS,14,2,https://driveimg1.intermarche.com/pt/Content/images/boitmal/produit/zoom/B1444808EE37FB337A50B68241AE2CB7.jpg,,,,,
54361,8410104915186,,Finish,"Detergente Loiça Máquina Quantum Limão, 28 Pastilhas",,5.99,5.99,0,,€/Unidade,,,https://driveimg1.intermarche.com/pt/Content/images/boitmal/produit/zoom/AF6445EE2B2537230E8784866A377CB3.jpg,,2025-11-26T23:59:59Z,PROSPECTUS,14,2,,,,,,
54365,8410104915209,,Finish,"Detergente Loiça Máquina Quantum Limão, 64 Pastilhas",,12.49,12.49,0,,€/Unidade,,,https://driveimg1.intermarche.com/pt/Content/images/boitmal/produit/zoom/D395D7FB7505791938B52E99053AC6D0.jpg,,2025-11-26T23:59:59Z,PROSPECTUS,14,2,,,,,,
54632,5603722523045,1000.0,Gresso,"Leite UHT Meio Gordo, 1L",,0.87,0.87,1000,L,€/L,,,https://driveimg1.intermarche.com/pt/Content/images/boitmal/produit/zoom/ECF816693AC2579C9FB595FD8ABD96D7.jpg,,2025-11-26T23:59:59Z,PROSPECTUS,14,2,,,,,,
54669,5000116128754,200.0,Iglo,"Cordon bleu, 200g",,3.99,19.95,0,kg,€/Kg,,Tipo de stockagem,https://driveimg1.intermarche.com/pt/Content/images/boitmal/produit/zoom/9A94E635EDF0DAF7EF8F166E06599C57.jpg,,2025-11-26T23:59:59Z,PROSPECTUS,14,2,,,,,,
54794,5603722521546,604.0,Mimosa,"Iogurte liquido banana, 4 x 151 ml",,1.39,2.3,604,L,€/L,,,https://driveimg1.intermarche.com/pt/Content/images/boitmal/produit/zoom/23212EB7A3AC6B5E99AFE5AEC8D0F7DF.jpg,,2025-11-26T23:59:59Z,PROSPECTUS,14,2,,,,,,
55280,7613287613578,,Nescafe,"Cápsulas de Café Buondi Int 8, 64un.",,19.99,19.99,64,,€/Unidade,,,https://driveimg1.intermarche.com/pt/Content/images/boitmal/produit/zoom/14AE7C907C99FCAFB35C1B5946D22C9A.jpg,,2025-11-26T23:59:59Z,PROSPECTUS,14,2,,,,,,
56388,5604260336449,200.0,PorSi,Peito Frango Fatiado 200g,,2.29,11.45,0,kg,€/Kg,,,https://driveimg1.intermarche.com/pt/Content/images/boitmal/produit/zoom/EFB319471E599D5AE5CBAEFECEEC57B0.jpg,,2025-11-26T23:59:59Z,PROSPECTUS,14,2,,,,,,
56760,5604260342372,640.0,Páturages,Leite Fermentado Líquido Damasco sem Lactose 4x160g,,0.99,1.55,0,kg,€/Kg,,,https://driveimg1.intermarche.com/pt/Content/images/boitmal/produit/zoom/050B361915863D0A19103B4EE4D3FA08.jpg,,2025-11-26T23:59:59Z,PROSPECTUS,14,2,,,,,,
7763,4014400901191,250.0,Merci,"Bombons de chocolate merci, embalagem de 250g",,6.99,27.96,0,kg,€/Kg,,,https://driveimg1.intermarche.com/pt/Content/images/boitmal/produit/zoom/2900B9B4786268814CDC44DE9670597D.jpg,,2025-12-24T23:59:59Z,PROSPECTUS,14,2,,,,,,
8434,5601050033731,620.0,Danone,"Iogurte activia líquido 0% lima/limão, embalagem de 4 x 155g",,1.99,3.21,0,kg,€/Kg,,,https://driveimg1.intermarche.com/pt/Content/images/boitmal/produit/zoom/B41EA750EA9360556362913E488E9E4D.jpg,,2025-11-26T23:59:59Z,PROSPECTUS,14,2,,,,,,
8435,5601050033953,620.0,Danone,"Iogurte activia líquido 0% de pêssego/maracujá, embalagem de 4 x 155g",,1.99,3.21,0,kg,€/Kg,,,https://driveimg1.intermarche.com/pt/Content/images/boitmal/produit/zoom/8F87711D2EAC77ED611C3C3EAE26545D.jpg,,2025-11-26T23:59:59Z,PROSPECTUS,14,2,,,,,,
8631,5601151123355,600.0,Bongo,"Néctar 8 frutos, pack 3 x 200 ml",,1.35,2.25,600,L,€/L,,,https://driveimg1.intermarche.com/pt/Content/images/boitmal/produit/zoom/2565665062010B52BA8746DE00C37EBE.jpg,,2025-11-26T23:59:59Z,PROSPECTUS,14,2,,,,,,
8801,5601244201960,350.0,Terra Nostra,"Queijo flamengo, bola quartos, embalagem de 350g",,3.49,9.97,0,kg,€/Kg,,,https://driveimg1.intermarche.com/pt/Content/images/boitmal/produit/zoom/6383E3291BF534B2B32E49FC441DAF9D.jpg,,2025-11-26T23:59:59Z,PROSPECTUS,14,2,,,,,,
9184,5602348062754,70.0,Damatta,Presunto sabor português fatiado,Embalagem de 70 g,2.29,32.71,0,kg,€/Kg,,,https://driveimg1.intermarche.com/pt/Content/images/boitmal/produit/zoom/9AE2DBDD0E054DD3DCAC93A9D0EE8ECE.jpg,,2025-11-26T23:59:59Z,PROSPECTUS,14,2,,,,,,
939,5601001315107,200.0,Nestlé,"Mistura solúvel tofina despertar, embalagem de 200g",,2.89,14.45,0,kg,€/Kg,,,https://driveimg1.intermarche.com/pt/Content/images/boitmal/produit/zoom/CC5A47735407D4C3B415883C0C674337.jpg,,2025-11-26T23:59:59Z,PROSPECTUS,14,2,,,,,,
9445,5604260056590,350.0,PorSi,Mortadela Mini 350g,,1.99,5.69,0,kg,€/Kg,,,https://driveimg1.intermarche.com/pt/Content/images/boitmal/produit/zoom/D64292FE47331C2F1950E69F380D47BC.jpg,,2025-11-26T23:59:59Z,PROSPECTUS,14,2,,,,,,
10175,8410375110211,300.0,Bonduelle,Milho tenro e doce,Embalagem de 300 g,1.74,5.8,0,kg,€/Kg,,,https://driveimg1.intermarche.com/pt/Content/images/boitmal/produit/zoom/7DBD23167EE67669947EBE9FBBED55C3.jpg,,2025-11-26T23:59:59Z,PROSPECTUS,14,2,,,,,,
10463,5604260324163,250.0,PorSi,Gel Intimo,Embalagem de 250 ml,1.79,7.16,250,L,€/L,,,https://driveimg1.intermarche.com/pt/Content/images/boitmal/produit/zoom/B588051D80FCE942C70A87697EAC487E.jpg,,2025-11-26T23:59:59Z,PROSPECTUS,14,2,,,,,,
11650,5601192201104,200.0,Agros,Nata uht 200 ml,,0.89,4.45,200,L,€/L,,,https://driveimg1.intermarche.com/pt/Content/images/boitmal/produit/zoom/478AC7EFE77B8590BBD8EF6C88C17807.jpg,,2025-11-26T23:59:59Z,PROSPECTUS,14,2,,,,,,
11671,5601217126382,1650.0,Woolite,Detergente líquido p/ máquina lavar roupa cores,"Garrafa de 1,65 l",6.99,4.24,1650,L,€/L,,,https://driveimg1.intermarche.com/pt/Content/images/boitmal/produit/zoom/8C38ED746381E210259B37EA8CABFD0A.jpg,,2025-11-26T23:59:59Z,PROSPECTUS,14,2,,,,,,
1196,5601119942608,200.0,Nobre,"Salsichas de Aves Lata 8 un, emb. 200 gr",,1.39,6.95,0,kg,€/Kg,,,https://driveimg1.intermarche.com/pt/Content/images/boitmal/produit/zoom/C3D289F4C441D4785985F7C225CA4543.jpg,,2025-11-26T23:59:59Z,PROSPECTUS,14,2,,,,,,
1279,5601151123362,1000.0,Bongo,"Néctar de 8 frutos, garrafa de 1l",,1.35,1.35,1000,L,€/L,,,https://driveimg1.intermarche.com/pt/Content/images/boitmal/produit/zoom/DDDD7150C72E25EE2FF7F3F4EC28BE9B.jpg,,2025-11-26T23:59:59Z,PROSPECTUS,14,2,,,,,,
12931,2892054000000,250.0,Fruta,Anona,1 un = 250 gr  (aprox.),0.75,2.99,0,,€/Kg,,,https://driveimg1.intermarche.com/pt/Content/images/boitmal/produit/zoom/F69BDF27946B341C19024099B2601791.jpg,,2025-11-26T23:59:59Z,PROSPECTUS,14,2,,,,,,
13094,2893070000000,150.0,Peixaria,Carapau Médio Fresco,1 un = 150 gr (aprox.),0.52,3.49,0,,€/Kg,,,https://driveimg1.intermarche.com/pt/Content/images/boitmal/produit/zoom/9E2B2401113767EAD496436587CA5A46.jpg,,2025-11-26T23:59:59Z,PROSPECTUS,14,2,,,,,,
13541,2893533000000,250.0,Congelado de Aquicultura,Camarão Congelado 60/80,1 un = 250 gr  (aprox.),2.0,7.99,0,,€/Kg,,Avantages !,https://driveimg1.intermarche.com/pt/Content/images/boitmal/produit/zoom/29A2DFA509FFDAFCD18E7F308BD753B4.jpg,,2025-11-26T23:59:59Z,PROSPECTUS,14,2,,,,,,
13552,2893546000000,1000.0,Peixaria,Pescada do Pacífico,"Congelada de 1 a 1,5 kg",4.99,4.99,0,,€/Kg,,Avantages !,https://driveimg1.intermarche.com/pt/Content/images/boitmal/produit/zoom/9338753B1C4ABFCE07E8B8D915DEBC97.jpg,,2025-11-26T23:59:59Z,PROSPECTUS,14,2,,,,,,
13595,2893590000000,1000.0,Peixaria,Pescada Pequena da Argentina Congelada,1 un= 1kg (aprox.),3.59,3.59,0,,€/Kg,,Avantages !,https://driveimg1.intermarche.com/pt/Content/images/boitmal/produit/zoom/5B60FCB79F0EE3DFB58E35C4371D7EFC.jpg,,2025-11-26T23:59:59Z,PROSPECTUS,14,2,,,,,,
14252,8411800376455,1500.0,Trina,"Refrigerante sem gás laranja, garrafa de 1,5 l",,1.76,1.17,1500,L,€/L,,,https://driveimg1.intermarche.com/pt/Content/images/boitmal/produit/zoom/18BB235772A8BDFC1B5D893CBE7A216F.jpg,,2025-11-26T23:59:59Z,PROSPECTUS,14,2,,,,,,
14302,5000116109104,500.0,Iglo,"Ervilhas primavera, embalagem de 500g",,2.98,5.96,0,kg,€/Kg,,Tipo de stockagem,https://driveimg1.intermarche.com/pt/Content/images/boitmal/produit/zoom/331AE4FF3620F211D8048BD43B1F93FF.jpg,,2025-11-26T23:59:59Z,PROSPECTUS,14,2,,,,,,
14337,3387390320008,141.0,Nestlé,"Barras de Cereais Chocolate Fitness, emb. 141 gr (6 un)",,1.99,14.11,0,kg,€/Kg,,,https://driveimg1.intermarche.com/pt/Content/images/boitmal/produit/zoom/60AE623A4FF700F6FDA38FA5729DE5A4.jpg,,2025-11-26T23:59:59Z,PROSPECTUS,14,2,,,,,,
14372,8712100599392,550.0,Calvé,"Ketchup top down, embalagem de 550g",,2.59,4.71,0,kg,€/Kg,,,https://driveimg1.intermarche.com/pt/Content/images/boitmal/produit/zoom/6D3218F33B22BC3205033BC41E176600.jpg,https://driveimg1.intermarche.com/pt/Content/images/boitmal/produit/zoom/FE7F103C359D2D1FD7BF3FDC8DD381BA.jpg,2025-11-26T23:59:59Z,PROSPECTUS,14,2,https://driveimg1.intermarche.com/pt/Content/images/boitmal/produit/zoom/FE7F103C359D2D1FD7BF3FDC8DD381BA.jpg,https://driveimg1.intermarche.com/pt/Content/images/boitmal/produit/zoom/FE7F103C359D2D1FD7BF3FDC8DD381BA.jpg,,,,
1491,5601363001168,120.0,Doritos,"Aperitivos tex mex, embalagem de 120g",,1.39,11.58,0,kg,€/Kg,,,https://driveimg1.intermarche.com/pt/Content/images/boitmal/produit/zoom/1053755FDFA8216E31D4BC77D22F56B2.jpg,,2025-11-26T23:59:59Z,PROSPECTUS,14,2,,,,,,
15039,2892256000000,4000.0,Fruta,Melão Verde,Vendido ao peso | 1 un = 4kg (aprox.),7.16,1.79,0,,€/Kg,,,https://driveimg1.intermarche.com/pt/Content/images/boitmal/produit/zoom/25FE547830213D1C98E9F3B3D9687685.jpg,,2025-11-26T23:59:59Z,PROSPECTUS,14,2,,,,,,
1538,5601489134153,500.0,Du Bois de la Roche,"Bolachas Crackers sem Sal, emb. 500 gr (20 un)",,2.99,5.98,0,kg,€/Kg,,,https://driveimg1.intermarche.com/pt/Content/images/boitmal/produit/zoom/A3AED4DA2D1415C7EB643F2D474CEC29.jpg,,2025-11-26T23:59:59Z,PROSPECTUS,14,2,,,,,,
1542,5601489300152,150.0,Du Bois de la Roche,"Palmiers, embalagem de 150g",,1.24,8.27,0,kg,€/Kg,,,https://driveimg1.intermarche.com/pt/Content/images/boitmal/produit/zoom/17803E7BE50A16D1AE691E64F5E7BF2C.jpg,,2025-11-26T23:59:59Z,PROSPECTUS,14,2,,,,,,
16493,8718951037939,500.0,Ajax,"Limpa vidros pistola, cristal, embalagem de 500 ml",,1.97,3.94,500,L,€/L,,,https://driveimg1.intermarche.com/pt/Content/images/boitmal/produit/zoom/B2152E81252C8B3ECCDB87063FC44E64.jpg,,2025-11-26T23:59:59Z,PROSPECTUS,14,2,,,,,,
1678,5602711001502,1000.0,Rar,Açúcar fino,Embalagem de 1000 g,1.49,1.49,0,kg,€/Kg,,,https://driveimg1.intermarche.com/pt/Content/images/boitmal/produit/zoom/F28D4E79720B795446B173D73EE28A7A.jpg,,2025-11-26T23:59:59Z,PROSPECTUS,14,3,,,,,,
16919,8718951037878,500.0,Ajax,"Limpa vidros cristal recarga, 500 ml",,1.79,3.58,500,L,€/L,,,https://driveimg1.intermarche.com/pt/Content/images/boitmal/produit/zoom/347189FDE440F5C76849CD3F7F37CA5B.jpg,,2025-11-26T23:59:59Z,PROSPECTUS,14,3,,,,,,
16933,5604260277292,55.0,PorSi,Cápsulas Café Fortissimo Cnpx10,,2.29,41.64,0,kg,€/Kg,,,https://driveimg1.intermarche.com/pt/Content/images/boitmal/produit/zoom/D2685B35A81DF08A80F802272D6D4C46.jpg,,2025-11-26T23:59:59Z,PROSPECTUS,14,3,,,,,,
17665,8712100745591,754.0,Calvé,"Maionese XXL Top Down, emb. 754 gr",,3.49,4.63,0,kg,€/Kg,,,https://driveimg1.intermarche.com/pt/Content/images/boitmal/produit/zoom/C6F00A8AA4D7D21E56D34CFA61170423.jpg,,2025-11-26T23:59:59Z,PROSPECTUS,14,3,,,,,,
17749,5601174903026,1500.0,Periquita,Vinho Regional Península Setúbal Tinto,"Caixa de 2x0,75 l",7.39,4.93,1500,L,€/L,,,https://driveimg1.intermarche.com/pt/Content/images/boitmal/produit/zoom/2A6CC4246EA614068372BA90EE75397D.jpg,,2025-12-24T23:59:59Z,PROSPECTUS,14,3,,,,,,
17873,8718951037885,500.0,Ajax,"Limpa vidros recarga tripla ação, 500 ml",,1.79,3.58,500,L,€/L,,,https://driveimg1.intermarche.com/pt/Content/images/boitmal/produit/zoom/D0A7A0C399BF07DEEA9FD446034A3D4F.jpg,,2025-11-26T23:59:59Z,PROSPECTUS,14,3,,,,,,
17969,8410104156695,,Air Wick,Recarga ambientador elétrico delícias de verão,,3.59,3.59,1,,€/Unidade,,,https://driveimg1.intermarche.com/pt/Content/images/boitmal/produit/zoom/6FDA4F526BE600B71E3CC2981419E972.jpg,,2025-11-26T23:59:59Z,PROSPECTUS,14,3,,,,,,
18535,5601066400947,180.0,Nacional,"Bolacha shortcake chocolate, embalagem de 180g",,1.34,7.44,0,kg,€/Kg,,,https://driveimg1.intermarche.com/pt/Content/images/boitmal/produit/zoom/CBFE7AF5F924BE5497638A69DF62503A.jpg,,2025-11-26T23:59:59Z,PROSPECTUS,14,3,,,,,,
18595,8410500016012,400.0,Danonino Danone,"Iogurte líquido danonino morango, embalagem de 4 x 100g",,2.09,5.23,0,kg,€/Kg,,,https://driveimg1.intermarche.com/pt/Content/images/boitmal/produit/zoom/00E1EF11C0C6DBF4F5207E20D5392DA2.jpg,,2025-11-26T23:59:59Z,PROSPECTUS,14,3,,,,,,
1964,5604260061549,210.0,PorSi,Wafer Baunilha 210g,,1.17,5.57,0,kg,€/Kg,,,https://driveimg1.intermarche.com/pt/Content/images/boitmal/produit/zoom/AE1901FA5655C3C5C219D23CA15136C7.jpg,,2025-11-26T23:59:59Z,PROSPECTUS,14,3,,,,,,
1965,5604260061556,210.0,PorSi,Wafer Morango 210g,,1.17,5.57,0,kg,€/Kg,,,https://driveimg1.intermarche.com/pt/Content/images/boitmal/produit/zoom/712B0BFD0ABA25E98F7F0AF8A3313F75.jpg,,2025-11-26T23:59:59Z,PROSPECTUS,14,3,,,,,,
19977,5000396037937,400.0,McVities,"Bolachas Digestivas Original, 400g",,2.09,5.23,0,kg,€/Kg,,,https://driveimg1.intermarche.com/pt/Content/images/boitmal/produit/zoom/D2674752758406A48B64889A906CF617.jpg,,2025-11-26T23:59:59Z,PROSPECTUS,14,3,,,,,,
20263,5000116110889,180.0,Iglo,"Crocantes de frango original, embalagem de 180g",,3.99,22.17,0,kg,€/Kg,,Tipo de stockagem,https://driveimg1.intermarche.com/pt/Content/images/boitmal/produit/zoom/9B2BC0EEC5724C42D02D0AAA44CCBB50.jpg,,2025-11-26T23:59:59Z,PROSPECTUS,14,3,,,,,,
20512,5601070000539,500.0,Cristal,"Vinagre de Sidra, emb. 500 ml",,1.15,2.3,500,L,€/L,,,https://driveimg1.intermarche.com/pt/Content/images/boitmal/produit/zoom/088D2E6C27D5043C18AD10EB75A50F4E.jpg,,2025-11-26T23:59:59Z,PROSPECTUS,14,3,,,,,,
2279,5604260270095,55.0,PorSi,Cápsulas Café Descafeinado Cnpx10,,1.89,34.36,0,kg,€/Kg,,,https://driveimg1.intermarche.com/pt/Content/images/boitmal/produit/zoom/D26303CA655FAD23B73DEC3CCA6C621F.jpg,,2025-11-26T23:59:59Z,PROSPECTUS,14,3,,,,,,
2281,5604260270118,55.0,PorSi,Cápsulas Café Veneza Cnpx10,,2.29,41.64,0,kg,€/Kg,,,https://driveimg1.intermarche.com/pt/Content/images/boitmal/produit/zoom/D116B291766A226D4C93852C6F88B818.jpg,,2025-11-26T23:59:59Z,PROSPECTUS,14,3,,,,,,
23524,5000204922851,750.0,Pato,"Líquido sanitário extra power, marinho, 750 ml",,1.69,2.25,750,L,€/L,,,https://driveimg1.intermarche.com/pt/Content/images/boitmal/produit/zoom/60268FF4016AF8FBA52DB6A9A88D181B.jpg,,2025-11-26T23:59:59Z,PROSPECTUS,14,3,,,,,,
24411,8410436297752,1300.0,Sonasol,"Lava tudo rosas e jasmim, 1,3l",,2.24,1.72,1300,L,€/L,,,https://driveimg1.intermarche.com/pt/Content/images/boitmal/produit/zoom/A8DAC5F038BB6C2FB23FB3C7F35CC590.jpg,,2025-11-26T23:59:59Z,PROSPECTUS,14,3,,,,,,
2457,7613031213849,340.0,Purina Gourmet,Comida húmida para gato delícias do oceano,Embalagem de 340 g,2.59,7.62,0,kg,€/Kg,,,https://driveimg1.intermarche.com/pt/Content/images/boitmal/produit/zoom/434167A16368A96CB5D1945EBB02F8CB.jpg,,2025-11-26T23:59:59Z,PROSPECTUS,14,3,,,,,,
2458,7613031423583,625.0,Nestlé,Cereais nesquik,Embalagem de 625g,3.24,5.18,0,kg,€/Kg,,,https://driveimg1.intermarche.com/pt/Content/images/boitmal/produit/zoom/154B8C74F4EECBF4F38F20B4618C4981.jpg,,2025-11-26T23:59:59Z,PROSPECTUS,14,3,,,,,,
2602,7622300491215,246.0,Oreo,Bolachas com cobertura de chocolate de leite,Embalagem de 250g,2.29,9.31,0,kg,€/Kg,,,https://driveimg1.intermarche.com/pt/Content/images/boitmal/produit/zoom/EB552BCAC31CB4B18022750D8AD7FE21.jpg,,2025-11-26T23:59:59Z,PROSPECTUS,14,3,,,,,,
26455,8006540830840,1250.0,Fairy,Detergente Líquido p/ Lavar Loiça Platinum Original,"Embalagem de 1,25 l",4.99,3.99,1250,L,€/L,,,https://driveimg1.intermarche.com/pt/Content/images/boitmal/produit/zoom/F9FB16396CA6333A721D98D1F2F69B67.jpg,,2025-11-26T23:59:59Z,PROSPECTUS,14,3,,,,,,
26635,8434165488663,210.0,Cuétara,"Sortido, 210g",,2.54,12.1,0,kg,€/Kg,,,https://driveimg1.intermarche.com/pt/Content/images/boitmal/produit/zoom/720A8963BF780410123ECF0FDCF44FC1.jpg,,2025-11-26T23:59:59Z,PROSPECTUS,14,3,,,,,,
26853,8000500247150,170.0,Collection,15 bombons de chocolate,Embalagem de 170g,7.09,41.71,0,kg,€/Kg,,,https://driveimg1.intermarche.com/pt/Content/images/boitmal/produit/zoom/2E9FF1BE4DD39F0957960288FE8033B5.jpg,,2025-11-26T23:59:59Z,PROSPECTUS,14,3,,,,,,
2740,8410063016627,400.0,Pescanova,"4 filetes de pescada panados com limão, embalagem de 400g",,4.99,12.48,0,kg,€/Kg,,Tipo de stockagem,https://driveimg1.intermarche.com/pt/Content/images/boitmal/produit/zoom/793D04BEFB15F5DF82BA7896A4F9F018.jpg,,2025-11-26T23:59:59Z,PROSPECTUS,14,3,,,,,,
2785,5601363013222,150.0,Ruffles,"Batata frita presunto, embalagem de 150 g",,1.39,9.27,0,kg,€/Kg,,,https://driveimg1.intermarche.com/pt/Content/images/boitmal/produit/zoom/7C1F8A2720963F6F12F5A2EE9BFB27BF.jpg,,2025-11-26T23:59:59Z,PROSPECTUS,14,3,,,,,,
2786,8410199150905,100.0,Cheetos,"Aperitivos rolitos, embalagem de 100g",,1.49,14.9,0,kg,€/Kg,,,https://driveimg1.intermarche.com/pt/Content/images/boitmal/produit/zoom/F470A36FD76D61EC69758C933CF291DA.jpg,,2025-11-26T23:59:59Z,PROSPECTUS,14,3,,,,,,
29356,8718951202856,500.0,Palmolive,"Gel de banho natural leite e mel, 500 ml",,2.69,5.38,500,L,€/L,,,https://driveimg1.intermarche.com/pt/Content/images/boitmal/produit/zoom/6CB5E843C7A08E2ECE1293E08A53478D.jpg,,2025-11-26T23:59:59Z,PROSPECTUS,14,3,,,,,,
29366,8710447376133,435.0,Cif,"Spray fornos e grelhadores, 435 ml",,2.49,5.72,435,L,€/L,,,https://driveimg1.intermarche.com/pt/Content/images/boitmal/produit/zoom/0983FC0F3C1B5D9C271D56B3C7E3A30E.jpg,,2025-11-26T23:59:59Z,PROSPECTUS,14,3,,,,,,
300,0011210000889,60.0,Tabasco,Molho picante,Garrafa de 60 ml,2.37,39.5,60,L,€/L,,,https://driveimg1.intermarche.com/pt/Content/images/boitmal/produit/zoom/513E7907BD2D93422664E790FE0A1850.jpg,,2025-11-26T23:59:59Z,PROSPECTUS,14,3,,,,,,
30574,7613036142861,340.0,Purina Gourmet,Comida Húmida para Gato em Molho com Carne,Embalagem de 4 x 85 g,2.59,7.62,0,kg,€/Kg,,,https://driveimg1.intermarche.com/pt/Content/images/boitmal/produit/zoom/50AC82E65EE112C5252F33005BFE9AF6.jpg,,2025-11-26T23:59:59Z,PROSPECTUS,14,3,,,,,,
30575,7613036142588,340.0,Purina Gourmet,"Comida Húmida Para Gato Perle Delícias Em Molho Com Peixe, emb. 4 x 85 gr",Embalagem de 4 x 85 g,2.59,7.62,0,kg,€/Kg,,,https://driveimg1.intermarche.com/pt/Content/images/boitmal/produit/zoom/0C92B5C9DC0AAAD505FF3390EFA540EB.jpg,,2025-11-26T23:59:59Z,PROSPECTUS,14,3,,,,,,
30712,5000116124152,800.0,Iglo,"Ervilhas primavera, embalagem de 800g",,4.48,5.6,0,kg,€/Kg,,Tipo de stockagem,https://driveimg1.intermarche.com/pt/Content/images/boitmal/produit/zoom/CA98AA2D7349A9F54B21FC2B5D9F9E1D.jpg,,2025-11-26T23:59:59Z,PROSPECTUS,14,3,,,,,,
32306,8718951202979,500.0,Palmolive,"Gel de banho naturals amêndoa e leite, 500 ml",,2.69,5.38,500,L,€/L,,,https://driveimg1.intermarche.com/pt/Content/images/boitmal/produit/zoom/F33F92F4F53A6A0ED534C67B846C0ABA.jpg,,2025-11-26T23:59:59Z,PROSPECTUS,14,3,,,,,,
32545,5601119261402,180.0,Nobre,"Salsichas de Aves Cocktail Lata, emb. 180 gr",,1.79,9.94,0,kg,€/Kg,,,https://driveimg1.intermarche.com/pt/Content/images/boitmal/produit/zoom/6ECD962C9294DE9D5B22F94D8DE001C0.jpg,,2025-11-26T23:59:59Z,PROSPECTUS,14,3,,,,,,
33537,7322540851946,,Tena,"Pensos Incontinência Mulher Discreet Normal, embalagem com 24 unidades",,4.19,4.19,0,,€/Unidade,,,https://driveimg1.intermarche.com/pt/Content/images/boitmal/produit/zoom/7C59E6324002FD297B7822230472C200.jpg,https://driveimg1.intermarche.com/pt/Content/images/boitmal/produit/zoom/CB70A1227AD176055ED5E5D7CFE5FA5C.jpg,2025-11-26T23:59:59Z,PROSPECTUS,14,3,https://driveimg1.intermarche.com/pt/Content/images/boitmal/produit/zoom/239247C82FD5A3214B6AAB7D9E485524.jpg,https://driveimg1.intermarche.com/pt/Content/images/boitmal/produit/zoom/56D712C22E1950AC6B27A5FB93C6EE48.jpg,,,,
33884,2893837000000,1500.0,Peixaria,Peixe espada preto inteiro,Vendido ao peso,11.99,7.99,0,,€/Kg,,,https://driveimg1.intermarche.com/pt/Content/images/boitmal/produit/zoom/0C1CA3DE6B16A13335042AAFE1F612D6.jpg,,2025-11-26T23:59:59Z,PROSPECTUS,14,3,,,,,,
34353,5604260282852,500.0,PorSi,Iogurte Natural Açucarado 4x125g,,0.79,1.58,0,kg,€/Kg,,,https://driveimg1.intermarche.com/pt/Content/images/boitmal/produit/zoom/6C9F39B841A9DDA8724CC748244C792C.jpg,,2025-11-26T23:59:59Z,PROSPECTUS,14,3,,,,,,
35462,8410500023652,300.0,Yopro,"Iogurte liquido proteína yopro morango/framboesa, 300g",,1.99,6.63,0,kg,€/Kg,,,https://driveimg1.intermarche.com/pt/Content/images/boitmal/produit/zoom/0355698CE2ECE716D8F24A21D83D0BA6.jpg,,2025-11-26T23:59:59Z,PROSPECTUS,14,3,,,,,,
35483,8410436343435,500.0,Sonasol,Spray desengordurante,Embalagem de 500 ml,1.99,3.98,500,L,€/L,,,https://driveimg1.intermarche.com/pt/Content/images/boitmal/produit/zoom/47473DD6CCCCC8BCBCC650E05B76EF50.jpg,,2025-11-26T23:59:59Z,PROSPECTUS,14,3,,,,,,
36654,8410436343497,500.0,Sonasol,"Spray limpa vidros brilhante, 500 ml",,1.99,3.98,500,L,€/L,,,https://driveimg1.intermarche.com/pt/Content/images/boitmal/produit/zoom/A68E1376FFCF092E98332868C951A769.jpg,,2025-11-26T23:59:59Z,PROSPECTUS,14,3,,,,,,
36657,5601217132673,500.0,Cillitbang,"Spray lixívia e higiene, de 500 ml",,2.49,4.98,500,L,€/L,,,https://driveimg1.intermarche.com/pt/Content/images/boitmal/produit/zoom/D9B27A41A222F2F218026715A414F2D0.jpg,,2025-11-26T23:59:59Z,PROSPECTUS,14,3,,,,,,
36658,5601217132680,500.0,Cillitbang,"Spray tira gorduras, garrafa de 500 ml",,2.49,4.98,500,L,€/L,,,https://driveimg1.intermarche.com/pt/Content/images/boitmal/produit/zoom/4D381FD6E4284388FB353BA45D1B9045.jpg,,2025-11-26T23:59:59Z,PROSPECTUS,14,3,,,,,,
37046,5601217132666,500.0,Cillitbang,"Spray calcário e sujidade, garrafa de 500 ml",,2.49,4.98,500,L,€/L,,,https://driveimg1.intermarche.com/pt/Content/images/boitmal/produit/zoom/0B3643C0021BC8837B6653E8203F1AB4.jpg,,2025-11-26T23:59:59Z,PROSPECTUS,14,3,,,,,,
37923,5604260300990,1000.0,Porsi Vivabem,Bebida de Amêndoa 1l,,1.05,1.05,1000,L,€/L,,,https://driveimg1.intermarche.com/pt/Content/images/boitmal/produit/zoom/74B05726BD16B03D5A528D4778757940.jpg,,2025-11-26T23:59:59Z,PROSPECTUS,14,3,,,,,,
37973,5604260309252,500.0,PorSi,Bicarbonato Sodio Limpeza 500g,,1.89,3.78,0,kg,€/Kg,,,https://driveimg1.intermarche.com/pt/Content/images/boitmal/produit/zoom/A99A36F88C88466DB3A3C8CD7924BA6B.jpg,https://driveimg1.intermarche.com/pt/Content/images/boitmal/produit/zoom/62A13C9FE5D60B470EC7AF833E26A4F3.jpg,2025-11-26T23:59:59Z,PROSPECTUS,14,3,https://driveimg1.intermarche.com/pt/Content/images/boitmal/produit/zoom/62A13C9FE5D60B470EC7AF833E26A4F3.jpg,https://driveimg1.intermarche.com/pt/Content/images/boitmal/produit/zoom/62A13C9FE5D60B470EC7AF833E26A4F3.jpg,https://driveimg1.intermarche.com/pt/Content/images/boitmal/produit/zoom/62A13C9FE5D60B470EC7AF833E26A4F3.jpg,,,
37993,5601008201106,200.0,Vieira,"Bolacha princesa chocolate, embalagem de 200 g",,2.74,13.7,0,kg,€/Kg,,,https://driveimg1.intermarche.com/pt/Content/images/boitmal/produit/zoom/F91656C5C49A6F1EEE16CD420F8D0847.jpg,,2025-11-26T23:59:59Z,PROSPECTUS,14,3,,,,,,
40743,5604260303236,2500.0,PorSi,Batata pré-frita palitos finos,Embalagem de 2.5 kg,4.49,1.8,0,kg,€/Kg,,Tipo de stockagem,https://driveimg1.intermarche.com/pt/Content/images/boitmal/produit/zoom/8FCE680DBB6DF44B98E9E496D2C58C08.jpg,,2025-11-26T23:59:59Z,PROSPECTUS,14,3,,,,,,
41041,8001480703001,700.0,Neoblanc,Tira nódoas em spray cores,Embalagem de 700 ml,2.99,4.27,700,L,€/L,,,https://driveimg1.intermarche.com/pt/Content/images/boitmal/produit/zoom/1B7BCC034AAC45310DFFCE9E289F80C7.jpg,,2025-11-26T23:59:59Z,PROSPECTUS,14,3,,,,,,
41065,5604649919805,300.0,Fruta,Abacate categoria II,Embalagem de 300 g,1.99,6.63,0,kg,€/Kg,,,https://driveimg1.intermarche.com/pt/Content/images/boitmal/produit/zoom/93A72763F7A087227DE3798E6EF50F82.jpg,,2025-11-26T23:59:59Z,PROSPECTUS,14,3,,,,,,
41078,8718951333420,1250.0,Ajax,"Detergente líquido lava-tudo festa das flores primavera, 1.25 litros",,2.24,1.79,1250,L,€/L,,,https://driveimg1.intermarche.com/pt/Content/images/boitmal/produit/zoom/67E1C6EE2E3883C90BF505A7EA63B51E.jpg,,2025-11-26T23:59:59Z,PROSPECTUS,14,3,,,,,,
41121,5029053036151,,Scottex,"Papel Higiénico Húmido fresh, embalagem com 74 unidades",,1.97,1.97,0,,€/Unidade,,,https://driveimg1.intermarche.com/pt/Content/images/boitmal/produit/zoom/C3950416692767A75D861E18C38C6E2D.jpg,,2025-11-26T23:59:59Z,PROSPECTUS,14,3,,,,,,
41360,5601050036268,160.0,Yopro,"Yopro mirtilo, embalagem de 160g",,1.19,7.44,0,kg,€/Kg,,,https://driveimg1.intermarche.com/pt/Content/images/boitmal/produit/zoom/DCA8853EDE27123693F6D3AE94D87D35.jpg,,2025-11-26T23:59:59Z,PROSPECTUS,14,3,,,,,,
4196,3574660464429,,Carefree,"Pensos diários respirare, 76 unidades",Uma embalagem,3.74,3.74,0,,€/Unidade,,,https://driveimg1.intermarche.com/pt/Content/images/boitmal/produit/zoom/213B96A821C87940556392D6B201572A.jpg,,2025-11-26T23:59:59Z,PROSPECTUS,14,3,,,,,,
41979,5601050036244,160.0,Danone,"Yopro manteiga amendoim banana, embalagem de 160g",,1.19,7.44,0,kg,€/Kg,,,https://driveimg1.intermarche.com/pt/Content/images/boitmal/produit/zoom/FA86300496543407BC1BC50B2C72D742.jpg,,2025-11-26T23:59:59Z,PROSPECTUS,14,3,,,,,,
42840,5604260307852,100.0,PorSi,Queijo Gouda Snack 5x20g,,1.99,19.9,0,kg,€/Kg,,,https://driveimg1.intermarche.com/pt/Content/images/boitmal/produit/zoom/AB5034BA65BFB7CE60C0CBCA90319792.jpg,,2025-11-26T23:59:59Z,PROSPECTUS,14,3,,,,,,
43314,8710604741835,38.0,Knorr,"Esparguete à bolonhesa 1, 2, 3...sabor!, embalagem de 38g",,1.19,31.32,0,kg,€/Kg,,,https://driveimg1.intermarche.com/pt/Content/images/boitmal/produit/zoom/1108EABAA6B7A67AA2379F447F3FDFD8.jpg,,2025-11-26T23:59:59Z,PROSPECTUS,14,3,,,,,,
44246,8410376057805,275.0,Gullón,"Bolachas digestivas de aveia com chocolate preto sem açúcar, 275g",,3.19,11.6,0,kg,€/Kg,,,https://driveimg1.intermarche.com/pt/Content/images/boitmal/produit/zoom/AE2A62A364AE1953F2A1BA8FCF253DC2.jpg,,2025-11-26T23:59:59Z,PROSPECTUS,14,3,,,,,,
44258,5410126716016,250.0,Lotus,"Bolachas biscoff, embalagem de 250g",,1.99,7.96,0,kg,€/Kg,,,https://driveimg1.intermarche.com/pt/Content/images/boitmal/produit/zoom/991677C76CFA3916388F6515CFE95FE5.jpg,,2025-11-26T23:59:59Z,PROSPECTUS,14,3,,,,,,
44645,8710604741859,36.0,Knorr,"Esparguete à carbonara 1, 2, 3...sabor!, embalagem de 36g",,1.19,33.06,0,kg,€/Kg,,,https://driveimg1.intermarche.com/pt/Content/images/boitmal/produit/zoom/3A9ADB7151712EC69C622800C5116043.jpg,,2025-11-26T23:59:59Z,PROSPECTUS,14,3,,,,,,
44787,5603722514753,480.0,Mimosa,"Iogurte sólido sem lactose natural açucarado, 4 x 125 g",,1.99,4.15,0,kg,€/Kg,,,https://driveimg1.intermarche.com/pt/Content/images/boitmal/produit/zoom/35984C618EBE70735004241676F2F775.jpg,,2025-11-26T23:59:59Z,PROSPECTUS,14,3,,,,,,
44789,5603722514791,480.0,Mimosa,"Iogurte sólido sem lactose multifrutos, 4 x 125 g",,0.99,2.06,0,kg,€/Kg,,,https://driveimg1.intermarche.com/pt/Content/images/boitmal/produit/zoom/2AC20BA3667C7910E5060DF3546007E4.jpg,,2025-11-26T23:59:59Z,PROSPECTUS,14,3,,,,,,
44791,5603722514838,480.0,Mimosa,"Iogurte magro morango sem lactose, embalagem de 4x 120g",,2.09,4.35,0,kg,€/Kg,,,https://driveimg1.intermarche.com/pt/Content/images/boitmal/produit/zoom/64C880A131BDEB5665445D1784EA7075.jpg,,2025-11-26T23:59:59Z,PROSPECTUS,14,3,,,,,,
44795,5601151971437,1000.0,Pepsi,"Refrigerante com gás, garrafa de 1l",,0.99,0.99,1000,L,€/L,,,https://driveimg1.intermarche.com/pt/Content/images/boitmal/produit/zoom/06485FC8AB0FFA567627AA53F8FE6729.jpg,,2025-11-26T23:59:59Z,PROSPECTUS,14,3,,,,,,
45362,3041091718020,380.0,Bledina,"Frutapura maçã e pera, embalagem de 4 x 95g",,2.04,5.37,0,kg,€/Kg,,,https://driveimg1.intermarche.com/pt/Content/images/boitmal/produit/zoom/B7F4106EFF27F3EE9B88FB6BF516905C.jpg,,2025-11-26T23:59:59Z,PROSPECTUS,14,3,,,,,,
45431,5601050036893,300.0,Danone,"Yopro líquido manga, embalagem de 300g",,1.99,6.63,0,kg,€/Kg,,,https://driveimg1.intermarche.com/pt/Content/images/boitmal/produit/zoom/1E004FD89D8A20EC3FC964ADAE11A7AF.jpg,,2025-11-26T23:59:59Z,PROSPECTUS,14,3,,,,,,
46216,5603722519925,480.0,Mimosa,"Iogurte batido magro com mirtilos sem lactose, 4 x 120 g",,2.09,4.35,0,kg,€/Kg,,,https://driveimg1.intermarche.com/pt/Content/images/boitmal/produit/zoom/6208D58EB4ADB7DBE2D23DC13048F924.jpg,,2025-11-26T23:59:59Z,PROSPECTUS,14,3,,,,,,
46499,7613287399045,,Nescafé,"Café Espresso Intenso Intensidade 7 Mega Pack, emb. 64 Cápsulas",64 cápsulas,19.79,19.79,0,,€/Unidade,,,https://driveimg1.intermarche.com/pt/Content/images/boitmal/produit/zoom/C18E938357B5F7158AF721A91D724A11.jpg,,2025-11-26T23:59:59Z,PROSPECTUS,14,3,,,,,,
46517,5000204208917,750.0,Pato,"Líquido sanitário ação total pinho, 750 ml",,1.94,2.59,750,L,€/L,,,https://driveimg1.intermarche.com/pt/Content/images/boitmal/produit/zoom/08C17A1F547C898E2E6E9CBB3441BB2A.jpg,,2025-11-26T23:59:59Z,PROSPECTUS,14,3,,,,,,
46670,5601050037227,620.0,Danone,"Iogurte Líquido Activia Aveia & Linhaça, 4x155g",,1.99,3.21,0,kg,€/Kg,,,https://driveimg1.intermarche.com/pt/Content/images/boitmal/produit/zoom/4D8BE19F5E55132CE3BDC6C6840F7986.jpg,,2025-11-26T23:59:59Z,PROSPECTUS,14,3,,,,,,
46732,7322541096353,,Tena,"Pensos incontinência mulher discreet mini ultra, 20 unidades",,3.18,3.18,20,,€/Unidade,,,https://driveimg1.intermarche.com/pt/Content/images/boitmal/produit/zoom/F386BE4B294B4D5ED88D121E27A2469D.jpg,https://driveimg1.intermarche.com/pt/Content/images/boitmal/produit/zoom/A9A3BAEB23D6C7E7ED5D45B2A8F2FBB1.jpg,2025-11-26T23:59:59Z,PROSPECTUS,14,3,https://driveimg1.intermarche.com/pt/Content/images/boitmal/produit/zoom/9B5D604934346CBC9DE81102A1CEC505.jpg,https://driveimg1.intermarche.com/pt/Content/images/boitmal/produit/zoom/A74CD13EF602AF0076AEBA20F81F2726.jpg,,,,
46787,5604260318827,,PorSi,Cueca Incontinência Super L 14 Unidades Dispositivo Médico,,11.19,11.19,0,,€/Unidade,,,https://driveimg1.intermarche.com/pt/Content/images/boitmal/produit/zoom/82FB54B364278481CEBCB0C6CF4662CF.jpg,,2025-11-26T23:59:59Z,PROSPECTUS,14,3,,,,,,
46825,5603722518287,720.0,Mimosa,"Iogurte magro aroma multi sabores de morango e kiwi/manga, 6 x 120g",,1.99,2.76,0,kg,€/Kg,,,https://driveimg1.intermarche.com/pt/Content/images/boitmal/produit/zoom/EBBE1EB3FBC3C9322F0040C9AA4B6B04.jpg,,2025-11-26T23:59:59Z,PROSPECTUS,14,3,,,,,,
4687,5000116105212,375.0,Iglo,"Ervilhas, embalagem de 375g",,1.89,5.04,0,kg,€/Kg,,Tipo de stockagem,https://driveimg1.intermarche.com/pt/Content/images/boitmal/produit/zoom/6C528FEBBEDC5462386A3AB117EEBFD4.jpg,,2025-11-26T23:59:59Z,PROSPECTUS,14,3,,,,,,
47019,5604260319084,200.0,PorSi Select,Trufas de Cacau,,2.29,11.45,0,kg,€/Kg,,,https://driveimg1.intermarche.com/pt/Content/images/boitmal/produit/zoom/4AA4925FFD5445A654888A10EEB34DFB.jpg,https://driveimg1.intermarche.com/pt/Content/images/boitmal/produit/zoom/02469861308C38D912A61C46B1E065A2.jpg,2025-12-24T23:59:59Z,PROSPECTUS,14,3,,,,,,
47782,5604260319985,1000.0,Porsi Vivabem,Bebida de Avelã 1l,,1.29,1.29,1000,L,€/L,,,https://driveimg1.intermarche.com/pt/Content/images/boitmal/produit/zoom/094EAEBDE5D57C017BB756A541CFD9A9.jpg,,2025-11-26T23:59:59Z,PROSPECTUS,14,3,,,,,,
4795,5010327000404,700.0,Grants,"Whisky, garrafa de 700 ml",,12.89,18.41,700,L,€/L,,,https://driveimg1.intermarche.com/pt/Content/images/boitmal/produit/zoom/5FEB2C2793B73FD65BBED9B479FAD32C.jpg,,2025-11-26T23:59:59Z,PROSPECTUS,14,3,,,,,,
48279,5054563108203,,Polident,Pastilhas de Limpeza Aparelho Dentário,Embalagem com 30 unidades ,4.49,4.49,0,,€/Unidade,,,https://driveimg1.intermarche.com/pt/Content/images/boitmal/produit/zoom/FA2671691C8E811715AE544423AC6D5C.jpg,,2025-11-26T23:59:59Z,PROSPECTUS,14,3,,,,,,
48910,5604260320752,,PorSi,Pensos Diários Normal - 44 Unidades,,1.29,1.29,0,,€/Unidade,,,https://driveimg1.intermarche.com/pt/Content/images/boitmal/produit/zoom/3CEDD3FBB01FD3D7DD2CE439F0067B70.jpg,https://driveimg1.intermarche.com/pt/Content/images/boitmal/produit/zoom/42E1BB1F16A8793A567F388740BC0C87.jpg,2025-11-26T23:59:59Z,PROSPECTUS,14,3,https://driveimg1.intermarche.com/pt/Content/images/boitmal/produit/zoom/42E1BB1F16A8793A567F388740BC0C87.jpg,https://driveimg1.intermarche.com/pt/Content/images/boitmal/produit/zoom/42E1BB1F16A8793A567F388740BC0C87.jpg,https://driveimg1.intermarche.com/pt/Content/images/boitmal/produit/zoom/42E1BB1F16A8793A567F388740BC0C87.jpg,https://driveimg1.intermarche.com/pt/Content/images/boitmal/produit/zoom/42E1BB1F16A8793A567F388740BC0C87.jpg,,
49071,8410199023155,150.0,Ruffles,"Batatas yorkeso, embalagem de 150g",,1.39,9.27,0,kg,€/Kg,,,https://driveimg1.intermarche.com/pt/Content/images/boitmal/produit/zoom/B6C4A3A0ABC352D933A4B2BC3EF17920.jpg,,2025-11-26T23:59:59Z,PROSPECTUS,14,3,,,,,,
49179,3600524029661,300.0,Elvive,Condicionador Hidra Hialurónico,300 ml,3.89,12.97,300,L,€/L,,,https://driveimg1.intermarche.com/pt/Content/images/boitmal/produit/zoom/358E669EEAD046E20A951D3F73537685.jpg,,2025-11-26T23:59:59Z,PROSPECTUS,14,3,,,,,,
49223,5604260322633,90.0,PorSi,Puré de Fruta Maçã Banana Laranja e Bolacha 90g,,0.64,7.11,0,kg,€/Kg,,,https://driveimg1.intermarche.com/pt/Content/images/boitmal/produit/zoom/A5CE6059C08255E6572FB8ABFA4DEA85.jpg,,2025-11-26T23:59:59Z,PROSPECTUS,14,3,,,,,,
49359,5601146700066,6000.0,Sagres,"Cerveja com álcool, pack 24 x 0.25 l",,11.69,1.95,6000,L,€/L,,,https://driveimg1.intermarche.com/pt/Content/images/boitmal/produit/zoom/F20A269CA928E43FDC723A9CF664F032.jpg,,2025-11-26T23:59:59Z,PROSPECTUS,14,3,,,,,,
49385,4001724038993,355.0,Dr. Oetker,"Pizza tonno, embalagem de 355g",,3.69,10.39,0,kg,€/Kg,,Tipo de stockagem,https://driveimg1.intermarche.com/pt/Content/images/boitmal/produit/zoom/AA935000CC5AD3F3C6CA22F86EC4B1A8.jpg,,2025-11-26T23:59:59Z,PROSPECTUS,14,3,,,,,,
50033,5601050037593,300.0,Yopro,"Iogurte liquido pêssego maragujá, 300g",,1.99,6.63,0,kg,€/Kg,,,https://driveimg1.intermarche.com/pt/Content/images/boitmal/produit/zoom/FBD4E9C7CBF6F8731249673D25B3B2EC.jpg,,2025-11-26T23:59:59Z,PROSPECTUS,14,3,,,,,,
50543,8003340098333,200.0,Lindt,Bombons Sortido,Embalagem de 200g,7.99,39.95,0,kg,€/Kg,,,https://driveimg1.intermarche.com/pt/Content/images/boitmal/produit/zoom/9CF5C8BFBC9F3E8EA206AF2C2963402B.jpg,,2025-12-24T23:59:59Z,PROSPECTUS,14,3,,,,,,
50629,5603722521454,1208.0,Mimosa,"Iogurte magro liquido de morango e framboesa, 8 x 151ml",,2.99,2.48,1208,L,€/L,,,https://driveimg1.intermarche.com/pt/Content/images/boitmal/produit/zoom/AB607BD866F448FA21D3247580B1F4C6.jpg,,2025-11-26T23:59:59Z,PROSPECTUS,14,3,,,,,,
5093,5601050033755,620.0,Danone,"Iogurte activia líquido 0% morango/kiwi, embalagem de 4 x 155 g",,1.99,3.21,0,kg,€/Kg,,,https://driveimg1.intermarche.com/pt/Content/images/boitmal/produit/zoom/29B41AE598716D0550D815AA0FE86025.jpg,,2025-11-26T23:59:59Z,PROSPECTUS,14,3,,,,,,
5095,5601050026405,300.0,Danone,"Queijinho dadoninho petitdino de morango, embalagem de 6 x 50g",,1.99,6.63,0,kg,€/Kg,,,https://driveimg1.intermarche.com/pt/Content/images/boitmal/produit/zoom/285FD05A8135D405134AF6FB325A781F.jpg,,2025-11-26T23:59:59Z,PROSPECTUS,14,3,,,,,,
51113,8720181262784,500.0,Cif,"Limpa casa banho spray higiene c/ lixívia, 500 ml",,1.99,3.98,500,L,€/L,,,https://driveimg1.intermarche.com/pt/Content/images/boitmal/produit/zoom/8CA4C0BAC8A169ADEC56BAD426803345.jpg,,2025-11-26T23:59:59Z,PROSPECTUS,14,3,,,,,,
51181,5601217137265,720.0,Quanto,"Perfumador de roupa azul, 36 doses",,3.99,5.54,720,L,€/L,,,https://driveimg1.intermarche.com/pt/Content/images/boitmal/produit/zoom/95E6BEEA038341803BF5F634198E2DF8.jpg,,2025-11-26T23:59:59Z,PROSPECTUS,14,3,,,,,,
51387,8410104913779,224.0,Air Wick,"Ambientador recarga active fresh lavanda e lírio, 224 ml",,5.99,26.74,224,L,€/L,,,https://driveimg1.intermarche.com/pt/Content/images/boitmal/produit/zoom/76765BD2400C8838C8377F3EC0871886.jpg,,2025-11-26T23:59:59Z,PROSPECTUS,14,3,,,,,,
5158,5601109211127,750.0,Porca de Murça,Vinho tinto douro,Garrafa de 750 ml,4.99,6.65,750,L,€/L,,,https://driveimg1.intermarche.com/pt/Content/images/boitmal/produit/zoom/587F8C4D255FC74322AC5F8AED00CD39.jpg,,2025-11-26T23:59:59Z,PROSPECTUS,14,3,,,,,,
52565,5604260328376,1000.0,Porsi Vivabem,Bebida de Arroz e Coco 0% Açúcares Adicionados 1l,,1.59,1.59,1000,L,€/L,,,https://driveimg1.intermarche.com/pt/Content/images/boitmal/produit/zoom/9A9F1F77ACED7CF28DCDA8EAC08A4425.jpg,,2025-11-26T23:59:59Z,PROSPECTUS,14,3,,,,,,
52593,8720181385049,,Skip,Detergente Máquina Roupa Líquido Sensitive,100 Doses,14.99,14.99,0,,€/Unidade,,,https://driveimg1.intermarche.com/pt/Content/images/boitmal/produit/zoom/AFC8244D618B3035788FED7EABC12BA4.jpg,,2025-11-26T23:59:59Z,PROSPECTUS,14,3,,,,,,
52787,5900020044129,80.0,Nestlé,"Barras de Trigo, Aveia e Quinoa de Mel Fibra sem Açúcar, emb. 80 gr (4 un)",,1.79,22.38,0,kg,€/Kg,,,https://driveimg1.intermarche.com/pt/Content/images/boitmal/produit/zoom/187D25227C186EA7E6F2778C2AF07CC6.jpg,,2025-11-26T23:59:59Z,PROSPECTUS,14,3,,,,,,
52788,5900020043832,80.0,Nestlé,"Barras Proteicas Cacau sem Açúcar,emb. 80 gr (4 un)",,1.79,22.38,0,kg,€/Kg,,,https://driveimg1.intermarche.com/pt/Content/images/boitmal/produit/zoom/7E4A3C5552FC27CE6A83D366162140DD.jpg,,2025-11-26T23:59:59Z,PROSPECTUS,14,3,,,,,,
52818,7622210740427,225.0,Belvita,"Bolachas Breakfast Chocolate com Pepitas, 225g",,1.84,8.18,0,kg,€/Kg,,,https://driveimg1.intermarche.com/pt/Content/images/boitmal/produit/zoom/06D19F448E2CDC3FE6342322C92EFDE7.jpg,,2025-11-26T23:59:59Z,PROSPECTUS,14,3,,,,,,
52880,8719200267794,450.0,Becel,"Creme vegetal de barrar com sabor a manteiga, 450g",,3.56,7.91,0,kg,€/Kg,,,https://driveimg1.intermarche.com/pt/Content/images/boitmal/produit/zoom/E2EFE8BE5E96AF9FCA9D840059BF696C.jpg,https://driveimg1.intermarche.com/pt/Content/images/boitmal/produit/zoom/287D301C66C180312FAA8A3BAE7EA710.jpg,2025-11-26T23:59:59Z,PROSPECTUS,14,3,https://driveimg1.intermarche.com/pt/Content/images/boitmal/produit/zoom/287D301C66C180312FAA8A3BAE7EA710.jpg,https://driveimg1.intermarche.com/pt/Content/images/boitmal/produit/zoom/287D301C66C180312FAA8A3BAE7EA710.jpg,,,,
52895,8720181380648,,Skip,"Detergente Cápsulas Máquina de Roupa Active Clean, 32 doses",,8.99,8.99,32,,€/Unidade,,,https://driveimg1.intermarche.com/pt/Content/images/boitmal/produit/zoom/FCDED2EC28760482A86038FF21792268.jpg,https://driveimg1.intermarche.com/pt/Content/images/boitmal/produit/zoom/AFDAFD11D9A3E06FF9612A9C5A925C33.jpg,2025-11-26T23:59:59Z,PROSPECTUS,14,3,https://driveimg1.intermarche.com/pt/Content/images/boitmal/produit/zoom/AFDAFD11D9A3E06FF9612A9C5A925C33.jpg,,,,,
53053,5900852054891,100.0,Blédina,"Saqueta fruta patrulha pata marshall maçã, banana e morango, 100g",,0.88,8.8,0,kg,€/Kg,,,https://driveimg1.intermarche.com/pt/Content/images/boitmal/produit/zoom/597A894860CCF2C8B403C6B64D413DDF.jpg,,2025-11-26T23:59:59Z,PROSPECTUS,14,4,,,,,,
53064,8410500028992,300.0,Yopro,"Iogurte liquido mirtilo, 300g",,1.99,6.63,0,kg,€/Kg,,,https://driveimg1.intermarche.com/pt/Content/images/boitmal/produit/zoom/4051A0EB42E15F1AFA85DF67821E374B.jpg,https://driveimg1.intermarche.com/pt/Content/images/boitmal/produit/zoom/22B4F7E885B55F9E6D23FA8D95967ED7.jpg,2025-11-26T23:59:59Z,PROSPECTUS,14,4,https://driveimg1.intermarche.com/pt/Content/images/boitmal/produit/zoom/22B4F7E885B55F9E6D23FA8D95967ED7.jpg,,,,,
5317,5601195403154,1980.0,Pedras Salgadas,"Água com gás levíssima, pack 6 x 0.33 l",,2.89,1.46,1980,L,€/L,,,https://driveimg1.intermarche.com/pt/Content/images/boitmal/produit/zoom/2CD314520EFE7E7AFE1DD0F29339058E.jpg,,2025-11-26T23:59:59Z,PROSPECTUS,14,4,,,,,,
53194,8445290067890,800.0,Purina One,"Ração para Gato Pele e Pêlo, 800g",,5.59,6.99,0,kg,€/Kg,,,https://driveimg1.intermarche.com/pt/Content/images/boitmal/produit/zoom/4E4960ABB7C902819653D58752E4A631.jpg,https://driveimg1.intermarche.com/pt/Content/images/boitmal/produit/zoom/F57E7F5688102CC99095B3E6A5083F56.jpg,2025-11-26T23:59:59Z,PROSPECTUS,14,4,https://driveimg1.intermarche.com/pt/Content/images/boitmal/produit/zoom/F57E7F5688102CC99095B3E6A5083F56.jpg,,,,,
53244,8410376061697,154.0,Gullon,"Bolacha recheada dibus magic, 154g",,0.89,5.78,0,kg,€/Kg,,,https://driveimg1.intermarche.com/pt/Content/images/boitmal/produit/zoom/76D9F3F383B9ED57C836EBC1317B7C98.jpg,,2025-11-26T23:59:59Z,PROSPECTUS,14,4,,,,,,
53672,5054563155535,75.0,Parodontax,"Pasta de Dentes Gengivas, Sensibilidade, Hálito e Branqueadora",Embalagem de 75ml,5.19,69.2,75,L,€/L,,,https://driveimg1.intermarche.com/pt/Content/images/boitmal/produit/zoom/87A987E57450CCF1EBBCAD737517FAB5.jpg,https://driveimg1.intermarche.com/pt/Content/images/boitmal/produit/zoom/45919E21211034CFC9DCF75D551CD73E.jpg,2025-11-26T23:59:59Z,PROSPECTUS,14,4,https://driveimg1.intermarche.com/pt/Content/images/boitmal/produit/zoom/45919E21211034CFC9DCF75D551CD73E.jpg,https://driveimg1.intermarche.com/pt/Content/images/boitmal/produit/zoom/45919E21211034CFC9DCF75D551CD73E.jpg,https://driveimg1.intermarche.com/pt/Content/images/boitmal/produit/zoom/45919E21211034CFC9DCF75D551CD73E.jpg,https://driveimg1.intermarche.com/pt/Content/images/boitmal/produit/zoom/45919E21211034CFC9DCF75D551CD73E.jpg,,
53895,5604260330362,74.0,PorSi,Sopa de Rabo de Boi 74g,,0.89,12.03,0,kg,€/Kg,,,https://driveimg1.intermarche.com/pt/Content/images/boitmal/produit/zoom/22D8A596D11D261D98E1F0533CB9CED5.jpg,,2025-11-26T23:59:59Z,PROSPECTUS,14,4,,,,,,
5404,5601286228789,500.0,Milaneza,"Massa, conchas tricolores, embalagem de 500g",,1.26,2.52,0,kg,€/Kg,,,https://driveimg1.intermarche.com/pt/Content/images/boitmal/produit/zoom/1DFAB5015D870D57166906785EB9875C.jpg,,2025-11-26T23:59:59Z,PROSPECTUS,14,4,,,,,,
5409,5601286260086,500.0,Milaneza,"Massa margaridas com vegetais, embalagem de 500g",,1.26,2.52,0,kg,€/Kg,,,https://driveimg1.intermarche.com/pt/Content/images/boitmal/produit/zoom/585A4E54587A0A1ADF9FAC41341EB86D.jpg,,2025-11-26T23:59:59Z,PROSPECTUS,14,4,,,,,,
54230,8005125677832,,Clementoni,Microscópio Pro,,32.99,32.99,0,,€/Unidade,,,https://driveimg1.intermarche.com/pt/Content/images/boitmal/produit/zoom/4D89C1CDB877ECE2A95541FC91202956.jpg,,2025-12-24T23:59:59Z,PROSPECTUS,14,4,,,,,,
54450,8720181449185,400.0,Tresemmé,"Condicionador rich moisture, 400ml",,3.79,9.48,400,L,€/L,,,https://driveimg1.intermarche.com/pt/Content/images/boitmal/produit/zoom/FEF0C5A9329BAAA82759E31E8542AFE0.jpg,,2025-11-26T23:59:59Z,PROSPECTUS,14,4,,,,,,
54537,8700216323154,,Fairy,"Detergente Máquina Loiça Pastilhas Original Tudo em 1 Limão, 41D",,9.99,9.99,0,,€/Unidade,,,https://driveimg1.intermarche.com/pt/Content/images/boitmal/produit/zoom/2B102A42507542D79E488629773354F9.jpg,,2025-11-26T23:59:59Z,PROSPECTUS,14,4,,,,,,
54538,8006540763582,,Fairy,"Detergente Máquina Loiça Pastilhas Original Tudo em 1 Limão, 71D",,12.99,12.99,0,,€/Unidade,,,https://driveimg1.intermarche.com/pt/Content/images/boitmal/produit/zoom/937EB01E1BF93392425BD6CC2ABF2650.jpg,,2025-11-26T23:59:59Z,PROSPECTUS,14,4,,,,,,
54597,5054563215376,75.0,Aquafresh,"Pasta de Dentes Proteção Completa Hálito Fresco, 75ml",,1.99,26.53,75,L,€/L,,,https://driveimg1.intermarche.com/pt/Content/images/boitmal/produit/zoom/C9370A36FD071B95F13B8F57A35419DF.jpg,,2025-11-26T23:59:59Z,PROSPECTUS,14,4,,,,,,
54602,5601217138958,500.0,Cillitbang,"Limpa Vidros Spray, 500ml",,2.49,4.98,500,L,€/L,,,https://driveimg1.intermarche.com/pt/Content/images/boitmal/produit/zoom/6B80E9BDF10FB9A2AEFA0D6A49C9C8B5.jpg,,2025-11-26T23:59:59Z,PROSPECTUS,14,4,,,,,,
54637,8720181446788,400.0,Tresemmé,"Champô Hidratação Intensa, 400ml",,3.79,9.48,400,L,€/L,,,https://driveimg1.intermarche.com/pt/Content/images/boitmal/produit/zoom/50B0E163180E054A1DF343BAF6C655A3.jpg,,2025-11-26T23:59:59Z,PROSPECTUS,14,4,,,,,,
54645,8720181542145,3420.0,Skip,"Detergente Máquina Roupa Líquido Active Clean, 76 doses",,11.99,3.51,3420,L,€/L,,,https://driveimg1.intermarche.com/pt/Content/images/boitmal/produit/zoom/43A82193D56B432D20E553CF5D0873D5.jpg,,2025-11-26T23:59:59Z,PROSPECTUS,14,4,,,,,,
54646,8720181542121,,Skip,"Detergente Máquina Roupa Líquido Active Clean, 100D",,14.99,14.99,0,,€/Unidade,,,https://driveimg1.intermarche.com/pt/Content/images/boitmal/produit/zoom/D3E9B1DE5F09D8B3FD221502F3C133F1.jpg,,2025-11-26T23:59:59Z,PROSPECTUS,14,4,,,,,,
54751,5601146030477,1000.0,Bandida,"Sidra de macã, 1l",,2.49,2.49,1000,L,€/L,,,https://driveimg1.intermarche.com/pt/Content/images/boitmal/produit/zoom/C3ED01E9D239AF9D81ACF3E9F61F1E62.jpg,,2025-11-26T23:59:59Z,PROSPECTUS,14,4,,,,,,
54798,5603722521560,604.0,Mimosa,"Iogurte liquido frutos tropicais, 4 x 151 ml",,1.39,2.3,604,L,€/L,,,https://driveimg1.intermarche.com/pt/Content/images/boitmal/produit/zoom/49B490BBEC557A29CF9B663AE694D2B4.jpg,,2025-11-26T23:59:59Z,PROSPECTUS,14,4,,,,,,
54868,0000059095361,50.0,Dove,"Classic Roll-On, 50ml",,2.69,53.8,50,L,€/L,,,https://driveimg1.intermarche.com/pt/Content/images/boitmal/produit/zoom/BB544ECD42EEC5F63807FB999F0D4E6D.jpg,,2025-11-26T23:59:59Z,PROSPECTUS,14,4,,,,,,
55008,8720181551543,3780.0,Surf,"Detergente Máquina Roupa Líquido Tropical, 84D",,9.99,2.64,3780,L,€/L,,,https://driveimg1.intermarche.com/pt/Content/images/boitmal/produit/zoom/DA99FFFC09A202B52859A5F525D7890B.jpg,,2025-11-26T23:59:59Z,PROSPECTUS,14,4,,,,,,
55099,5000116127351,600.0,Iglo,"Crocante de Frango Cordon Bleu, 600g",,9.99,16.65,0,kg,€/Kg,,Tipo de stockagem,https://driveimg1.intermarche.com/pt/Content/images/boitmal/produit/zoom/1257F760893EF5376CD3646B7D226BD2.jpg,,2025-11-26T23:59:59Z,PROSPECTUS,14,4,,,,,,
55118,8410500030858,480.0,Yopro,"Iogurte Proteína Baunilha, 4 x 120g",,2.99,6.23,0,kg,€/Kg,,,https://driveimg1.intermarche.com/pt/Content/images/boitmal/produit/zoom/8E05ABC644C4680D0D0C872C1FFD6945.jpg,,2025-11-26T23:59:59Z,PROSPECTUS,14,4,,,,,,
55246,8410063095219,1000.0,Pescanova,"Filetes de Pescada Panados sem Glúten, emb. 1 kg (12 un)",,7.89,7.89,0,kg,€/Kg,,Tipo de stockagem,https://driveimg1.intermarche.com/pt/Content/images/boitmal/produit/zoom/A5655C95B01DFE4827D4B19FBAEEAA93.jpg,,2025-11-26T23:59:59Z,PROSPECTUS,14,4,,,,,,
55354,8410063095202,1200.0,Pescanova,"Barrinhas de Pescada sem Glúten, emb. 1,2 kg (36 a 40 un)",,7.89,6.58,0,kg,€/Kg,,Tipo de stockagem,https://driveimg1.intermarche.com/pt/Content/images/boitmal/produit/zoom/D2F57A76EACAFAE8D2E905FFD81B787B.jpg,,2025-11-26T23:59:59Z,PROSPECTUS,14,4,,,,,,
55518,8720181623936,,Surf,"Detergente Máquina Roupa Cápsulas Tropical, 52 doses",,9.99,9.99,52,,€/Unidade,,,https://driveimg1.intermarche.com/pt/Content/images/boitmal/produit/zoom/7FDC88704AAA25A401EF9DC8FDD13E4D.jpg,,2025-11-26T23:59:59Z,PROSPECTUS,14,4,,,,,,
56389,5604260336432,200.0,PorSi,Peito Peru Fatiado 200g,,2.29,11.45,0,kg,€/Kg,,,https://driveimg1.intermarche.com/pt/Content/images/boitmal/produit/zoom/6BCF748A310349772B1D8A2B94DD82B0.jpg,,2025-11-26T23:59:59Z,PROSPECTUS,14,4,,,,,,
6087,5998749110720,440.0,Pedigree,"Snack dentastix small , embalagem de 440 g",,6.59,14.98,0,kg,€/Kg,,,https://driveimg1.intermarche.com/pt/Content/images/boitmal/produit/zoom/EE3A549C98B3FA2B7F0C4779A9DF0866.jpg,,2025-11-26T23:59:59Z,PROSPECTUS,14,4,,,,,,
6119,7613032826789,340.0,Purina Gourmet,"Comida húmida para gato receitas do chef frango, embalagem de 340g",,2.59,7.62,0,kg,€/Kg,,,https://driveimg1.intermarche.com/pt/Content/images/boitmal/produit/zoom/0E05011F2F183B1EEF36549679F170E8.jpg,,2025-11-26T23:59:59Z,PROSPECTUS,14,4,,,,,,
6129,7613033736926,60.0,Felix,"Snack para gato original, 60g",,1.49,24.83,0,kg,€/Kg,,,https://driveimg1.intermarche.com/pt/Content/images/boitmal/produit/zoom/5A7E09EBCAB8492E04ABC15F8922349C.jpg,,2025-11-26T23:59:59Z,PROSPECTUS,14,4,,,,,,
6130,7613033738432,60.0,Felix,"Snack para gato seaside, embalagem de 60g",,1.49,24.83,0,kg,€/Kg,,,https://driveimg1.intermarche.com/pt/Content/images/boitmal/produit/zoom/BE04B3DB89382FB746A82610D0431CB3.jpg,,2025-11-26T23:59:59Z,PROSPECTUS,14,4,,,,,,
6408,8410376033267,410.0,Gullón,"Digestive aveia diet natural, embalagem de 410g",,2.89,7.05,0,kg,€/Kg,,,https://driveimg1.intermarche.com/pt/Content/images/boitmal/produit/zoom/D18958A844A120D74B9092BA39F02D7E.jpg,,2025-11-26T23:59:59Z,PROSPECTUS,14,4,,,,,,
6806,8712561425858,540.0,Omo,"Detergente manual de roupa, embalagem de 540g",,2.49,4.61,0,kg,€/Kg,,,https://driveimg1.intermarche.com/pt/Content/images/boitmal/produit/zoom/6FACCF52AA957507D9B64D3327947646.jpg,,2025-11-26T23:59:59Z,PROSPECTUS,14,4,,,,,,
7166,2895224000000,250.0,São Jorge,Queijo da Ilha DOP Cura 4 Meses,Vendido ao peso a partir de 250 gr,3.75,14.99,0,,€/Kg,,,https://driveimg1.intermarche.com/pt/Content/images/boitmal/produit/zoom/702004FBEA1D5588A2791A027C546286.jpg,,2025-11-26T23:59:59Z,PROSPECTUS,14,4,,,,,,
8323,5601030007028,80.0,Eru,Queijo fundido surpresa,Embalagem de 80 g,1.85,23.13,0,kg,€/Kg,,,https://driveimg1.intermarche.com/pt/Content/images/boitmal/produit/zoom/EBFBF83EE1F7EF39581C507C08B59104.jpg,,2025-11-26T23:59:59Z,PROSPECTUS,14,4,,,,,,
8399,5601050033809,620.0,Danone,"Iogurte activia líquido morango, embalagem de 4 x 155 g",,1.99,3.21,0,kg,€/Kg,,,https://driveimg1.intermarche.com/pt/Content/images/boitmal/produit/zoom/D308B1FB4C89B3E5388CD017CB0E1529.jpg,,2025-11-26T23:59:59Z,PROSPECTUS,14,4,,,,,,
8416,5601050029345,1200.0,Danone,"Iogurte actimel, morango, embalagem de 12 x 100g",,4.99,4.16,0,kg,€/Kg,,,https://driveimg1.intermarche.com/pt/Content/images/boitmal/produit/zoom/745F8F4185D59AC1CCF745B58159ECA9.jpg,,2025-11-26T23:59:59Z,PROSPECTUS,14,4,,,,,,
8520,5601119956490,120.0,Nobre,"Fiambre perna extra finissimos fatiado, embalagem de 120g",,1.99,16.58,0,kg,€/Kg,,,https://driveimg1.intermarche.com/pt/Content/images/boitmal/produit/zoom/15C8ADF2CEDA2C19A63D893348F1D7F5.jpg,,2025-11-26T23:59:59Z,PROSPECTUS,14,4,,,,,,
8667,5601164404205,1980.0,Super Bock,"Cerveja com Álcool Stout, emb. 6 x 33 cl",,4.49,2.27,1980,L,€/L,,,https://driveimg1.intermarche.com/pt/Content/images/boitmal/produit/zoom/5AA703BF10C514051C9B09C0A9581272.jpg,,2025-11-26T23:59:59Z,PROSPECTUS,14,4,,,,,,
8946,5601385503336,50.0,Aquafresh,Dentifríco Júnior,Embalagem de 50 ml,2.24,44.8,50,L,€/L,,,https://driveimg1.intermarche.com/pt/Content/images/boitmal/produit/zoom/D41C8C0DFB64F70B6A37CFA22926C2FA.jpg,,2025-11-26T23:59:59Z,PROSPECTUS,14,4,,,,,,
8983,5601489129241,100.0,Du Bois de la Roche,"Bolachas palmi kids, embalagem de 100g",,0.95,9.5,0,kg,€/Kg,,,https://driveimg1.intermarche.com/pt/Content/images/boitmal/produit/zoom/F990D9E68F9003DEB6872D54D6682787.jpg,,2025-11-26T23:59:59Z,PROSPECTUS,14,4,,,,,,
9884,7613031584765,340.0,Purina Gourmet,"Comida Húmida Para Gato Finos Pedaços Com Legumes, emb. 4 x 85 gr",,2.59,7.62,0,kg,€/Kg,,,https://driveimg1.intermarche.com/pt/Content/images/boitmal/produit/zoom/C0CDF4838FFE7D06F232C7798568AA0E.jpg,,2025-11-26T23:59:59Z,PROSPECTUS,14,4,,,,,,
11466,5601018004605,200.0,Gresso,Nata uht para bater 200 ml,,0.83,4.15,200,L,€/L,,,https://driveimg1.intermarche.com/pt/Content/images/boitmal/produit/zoom/6D55411BE639B830632A68D20D002036.jpg,,2025-11-26T23:59:59Z,PROSPECTUS,14,4,,,,,,
8994,5601511000012,200.0,Limiano,"Queijo flamengo, fatias, embalagem de 200g",,2.29,11.45,0,kg,€/Kg,,,https://driveimg1.intermarche.com/pt/Content/images/boitmal/produit/zoom/07BB1CEE38CC53EE2C814734D4592DE0.jpg,,2025-11-26T23:59:59Z,PROSPECTUS,14,4,,,,,,
18842,5601070000508,500.0,Cristal,"Vinagre de Vinho Branco, emb. 500 ml",,1.09,2.18,500,L,€/L,,,https://driveimg1.intermarche.com/pt/Content/images/boitmal/produit/zoom/BF40408BEDD92487320D96D1D241D8F5.jpg,,2025-11-26T23:59:59Z,PROSPECTUS,14,4,,,,,,
24415,8410436299961,1300.0,Sonasol,"Lava tudo lavanda, 1,3l",,2.24,1.72,1300,L,€/L,,,https://driveimg1.intermarche.com/pt/Content/images/boitmal/produit/zoom/7357FEB6EC6D53B795AF0EA5889F5ADF.jpg,,2025-11-26T23:59:59Z,PROSPECTUS,14,4,,,,,,
4987,5601012115505,750.0,Planalto,"Vinho doc douro branco, garrafa de 0.75 l",,3.99,5.32,750,L,€/L,,,https://driveimg1.intermarche.com/pt/Content/images/boitmal/produit/zoom/D4AD0E54C5A44C41C52E5EE1F77D08EB.jpg,,2025-11-26T23:59:59Z,PROSPECTUS,14,4,,,,,,
8413,8410500008932,600.0,Danone,"Actimel iogurte líquido de morango, de 6 x 100g",,2.99,4.98,0,kg,€/Kg,,,https://driveimg1.intermarche.com/pt/Content/images/boitmal/produit/zoom/F5F985DE2C1FEBCCE4ED6002098F416C.jpg,,2025-11-26T23:59:59Z,PROSPECTUS,14,4,,,,,,
1269,5601151021750,845.0,Compal,"Feijão preto, lata de 850g",,1.74,2.06,845,L,€/L,,,https://driveimg1.intermarche.com/pt/Content/images/boitmal/produit/zoom/9B352604A3E93D2F850CFCA0A305498A.jpg,,2025-11-26T23:59:59Z,PROSPECTUS,14,4,,,,,,
49221,5604260322602,90.0,PorSi,Puré de Fruta Maçã Banana Laranja 90g,,0.64,7.11,0,kg,€/Kg,,,https://driveimg1.intermarche.com/pt/Content/images/boitmal/produit/zoom/3EA2B765FDE0704D86E3A5E9BB105514.jpg,,2025-11-26T23:59:59Z,PROSPECTUS,14,4,,,,,,
8521,5601119956810,120.0,Nobre,"Fiambre perna extra fatiado, embalagem de 120g",,1.99,16.58,0,kg,€/Kg,,,https://driveimg1.intermarche.com/pt/Content/images/boitmal/produit/zoom/B962872D940BF7EEEBDD095332A56017.jpg,,2025-11-26T23:59:59Z,PROSPECTUS,14,4,,,,,,
11471,5601029004076,120.0,Bom Petisco,Atum posta ao natural,Embalagem de 120 g,1.29,10.75,0,kg,€/Kg,,,https://driveimg1.intermarche.com/pt/Content/images/boitmal/produit/zoom/D148E1488041C84EB0524ADACAE78B3A.jpg,,2025-11-26T23:59:59Z,PROSPECTUS,14,4,,,,,,
8996,5601511000357,200.0,Limiano,"Queijo em fatias -50% gordura, 200g",,2.39,11.95,0,kg,€/Kg,,,https://driveimg1.intermarche.com/pt/Content/images/boitmal/produit/zoom/5203F2A7A115B3ECA4D9EF7A3500C13D.jpg,,2025-11-26T23:59:59Z,PROSPECTUS,14,4,,,,,,
38934,5601164863217,500.0,Somersby,"Sidra com Álcool Maçã, emb. 50 cl",,1.29,2.58,500,L,€/L,,,https://driveimg1.intermarche.com/pt/Content/images/boitmal/produit/zoom/A3D6F4DDF9AFF4F9F8F47269DBD60191.jpg,,2025-11-26T23:59:59Z,PROSPECTUS,14,4,,,,,,
8400,5601050033779,620.0,Danone,"Iogurte Líquido Bifidus Cereais Integrais, emb. 620 gr (4 x 155 gr)",,1.99,3.21,0,kg,€/Kg,,,https://driveimg1.intermarche.com/pt/Content/images/boitmal/produit/zoom/3AC3707CF655B8CC61D2C80E4828D7C8.jpg,,2025-11-26T23:59:59Z,PROSPECTUS,14,4,,,,,,
14137,5604260302758,250.0,PorSi,Ervilhas Cozidas 425g,,0.79,3.16,0,kg,€/Kg,,,https://driveimg1.intermarche.com/pt/Content/images/boitmal/produit/zoom/8E94F2AAC733EB5D413933DD676C8E09.jpg,,2025-11-26T23:59:59Z,PROSPECTUS,14,4,,,,,,
33532,8410375110228,150.0,Bonduelle,"Milho doce, 150 g",,1.09,7.27,0,kg,€/Kg,,,https://driveimg1.intermarche.com/pt/Content/images/boitmal/produit/zoom/D0EEA0C89CFBBF992B36A2468831EAC1.jpg,,2025-11-26T23:59:59Z,PROSPECTUS,14,4,,,,,,
47773,5604260318360,800.0,PorSi,Bolacha Torrada 800g,,1.69,2.11,0,kg,€/Kg,,,https://driveimg1.intermarche.com/pt/Content/images/boitmal/produit/zoom/B34D381660B66C825FC1B2C81D0CB4B6.jpg,https://driveimg1.intermarche.com/pt/Content/images/boitmal/produit/zoom/E12EC16C30B06A41C2C59A8BB1CB306A.jpg,2025-11-26T23:59:59Z,PROSPECTUS,14,4,https://driveimg1.intermarche.com/pt/Content/images/boitmal/produit/zoom/E12EC16C30B06A41C2C59A8BB1CB306A.jpg,,,,,
1426,5601255312112,1000.0,Caçarola,"Arroz Carolino, emb. 1 kg",,1.19,1.19,0,kg,€/Kg,,,https://driveimg1.intermarche.com/pt/Content/images/boitmal/produit/zoom/947C9C91099FF9E267C19F6B97A6C031.jpg,,2025-11-26T23:59:59Z,PROSPECTUS,14,4,,,,,,
49225,5604260322657,90.0,PorSi,Puré de Fruta Maçã Cenoura e Manga 90g,,0.64,7.11,0,kg,€/Kg,,,https://driveimg1.intermarche.com/pt/Content/images/boitmal/produit/zoom/F2927F311C77003403604CF61E0E5035.jpg,,2025-11-26T23:59:59Z,PROSPECTUS,14,4,,,,,,
37443,7613037040869,250.0,Nestum,"Nestum Espelta e Aveia Zero +3A, emb. 250 gr",,2.24,8.96,0,kg,€/Kg,,,https://driveimg1.intermarche.com/pt/Content/images/boitmal/produit/zoom/BF80E2BF1A95765256612BEC5A65D8DD.jpg,,2025-11-26T23:59:59Z,PROSPECTUS,14,4,,,,,,
50630,5603722521461,1208.0,Mimosa,"Iogurte magro liquido de ananas e manga, 8x151ml",,2.99,2.48,1208,L,€/L,,,https://driveimg1.intermarche.com/pt/Content/images/boitmal/produit/zoom/391469C60827762112BDD90CD5A7ACC1.jpg,,2025-11-26T23:59:59Z,PROSPECTUS,14,4,,,,,,
5247,5601151720752,845.0,Compal,"Feijão frade, lata de 850g",,1.74,2.06,0,kg,€/Kg,,,https://driveimg1.intermarche.com/pt/Content/images/boitmal/produit/zoom/748A199E3B15682C5E3E960F2EBA8A1A.jpg,,2025-11-26T23:59:59Z,PROSPECTUS,14,4,,,,,,
41821,5604260286614,233.0,PorSi,Bolachas Shortcake 223g,,1.37,5.88,0,kg,€/Kg,,,https://driveimg1.intermarche.com/pt/Content/images/boitmal/produit/zoom/0B5ABF5EA46DA53FA8046210DB7DDFDD.jpg,,2025-11-26T23:59:59Z,PROSPECTUS,14,4,,,,,,
49222,5604260322619,90.0,PorSi,Puré de Fruta Pêssego Maçã Banana 90g,,0.64,7.11,0,kg,€/Kg,,,https://driveimg1.intermarche.com/pt/Content/images/boitmal/produit/zoom/78C05D62DAF9544E31797E05A695FD1B.jpg,,2025-11-26T23:59:59Z,PROSPECTUS,14,4,,,,,,
54722,5603722522338,960.0,Mimosa,"Iogurte sem lactose multisabores, 8x120g",,2.99,3.11,0,kg,€/Kg,,,https://driveimg1.intermarche.com/pt/Content/images/boitmal/produit/zoom/7D18C03CBFD8BA36E9674714236CF359.jpg,,2025-11-26T23:59:59Z,PROSPECTUS,14,4,,,,,,
