identifier,produitEan13,capacite,marque,libelle,conditionnement,prix,unitPrice,volume,typeProduit_uniteByCode,unit_value,pictogrammes_libelleCategorie,avantages_dateFin,avantages_categorie,images_0,images_1,images_2,images_3,nro_paginas,page
1011,5601043111019,1000.0,Branca de neve,Farinha para bolos fina,Embalagem de 1 kg,1.49,1.49,0,kg,€/Kg,,2024-07-10T23:59:59.999999999+01:00,PROSPECTUS,https://driveimg1.intermarche.com/pt/Content/images/boitmal/produit/zoom/1DCCFF4DF3445A90940BB809AEC25931.jpg,,,,10,1
8383,5601049132995,1000.0,Mimosa,Leite uht meio gordo,Embalagem de 1 litro,0.89,0.89,1000,L,€/L,,2024-07-10T23:59:59.999999999+01:00,PROSPECTUS,https://driveimg1.intermarche.com/pt/Content/images/boitmal/produit/zoom/30AE72C16512D7F6E9C8B5E7CBD4B0A2.jpg,https://driveimg1.intermarche.com/pt/Content/images/boitmal/produit/zoom/AE810093A08CEBD60415DCC626CF5804.jpg,https://driveimg1.intermarche.com/pt/Content/images/boitmal/produit/zoom/A0562293538F541B1B99592AA046327B.jpg,,10,1
24838,5601164903722,7500.0,Super Bock,Cerveja Mini,Pack 30 X 0.25 L,13.85,1.85,7500,L,€/L,,2024-07-10T23:59:59.999999999+01:00,PROSPECTUS,https://driveimg1.intermarche.com/pt/Content/images/boitmal/produit/zoom/21F823289804B326F67E5D90563F901B.jpg,,,,10,1
13947,2891125000000,150.0,Peru,Espetadas de Peru,1 un = 150 gr (aprox.),0.97,6.49,0,,€/Kg,,2024-07-10T23:59:59.999999999+01:00,PROSPECTUS,https://driveimg1.intermarche.com/pt/Content/images/boitmal/produit/zoom/F64981E370592175339C16298CEA7C3B.jpg,,,,10,1
29899,2696008000000,,Padaria,Bola Rústica,85 g,0.2,0.2,0,,€/Unidade,,2024-07-10T23:59:59.999999999+01:00,PROSPECTUS,https://driveimg1.intermarche.com/pt/Content/images/boitmal/produit/zoom/DCA7C0FA6B23BAB7806B1D133929F516.jpg,,,,10,1
12972,2892040000000,1000.0,Fruta,Banana,1 un = 200 gr (aprox.),1.09,1.09,0,,€/Kg,,2024-07-10T23:59:59.999999999+01:00,PROSPECTUS,https://driveimg1.intermarche.com/pt/Content/images/boitmal/produit/zoom/C368220872795E9863F1F37C2230CCEA.jpg,,,,10,1
20221,8410500020071,480.0,Danone,"Iogurte activia aveia nozes,  4 x 120 g",,2.39,4.98,0,kg,€/Kg,,2024-07-10T23:59:59.999999999+01:00,PROSPECTUS,https://driveimg1.intermarche.com/pt/Content/images/boitmal/produit/zoom/E3646F8812C5353023D3951FE268028D.jpg,,,,10,1
11961,5603722505607,1000.0,Mimosa,Leite s/ lactose meio gordo,Garrafa de 1 l,1.14,1.14,1000,L,€/L,,2024-07-10T23:59:59.999999999+01:00,PROSPECTUS,https://driveimg1.intermarche.com/pt/Content/images/boitmal/produit/zoom/B50AD06E1D69691E134268704FD849E5.jpg,https://driveimg1.intermarche.com/pt/Content/images/boitmal/produit/zoom/4E57BFE09E8D859BDBE1705476BB9F1B.jpg,https://driveimg1.intermarche.com/pt/Content/images/boitmal/produit/zoom/E1F70144AAFCC0EAEBFF05614177D009.jpg,,10,1
48162,5604260314867,500.0,Labell,Sabonete líquido aloé vera,Embalagem de 500 ml,1.19,2.38,500,L,€/L,,2024-07-10T23:59:59.999999999+01:00,PROSPECTUS,https://driveimg1.intermarche.com/pt/Content/images/boitmal/produit/zoom/4F6AE71204E5A7BF8DD8B302810538A8.jpg,,,,10,1
17873,8718951037885,500.0,Ajax,Limpa vidros recarga tripla ação,Embalagem de 500 ml,1.79,3.58,500,L,€/L,,2024-07-10T23:59:59.999999999+01:00,PROSPECTUS,https://driveimg1.intermarche.com/pt/Content/images/boitmal/produit/zoom/42625D659AA36AA56C9B694404679879.jpg,,,,10,1
44684,8002230000302,700.0,Aperol,"Aperol, garrafa de 700 ml",,15.49,22.13,700,L,€/L,,2024-07-10T23:59:59.999999999+01:00,PROSPECTUS,https://driveimg1.intermarche.com/pt/Content/images/boitmal/produit/zoom/15FD0B1F6435638ED67E41E843B15949.jpg,,,,10,1
2445,5998749109113,270.0,Pedigree,Snack dentastix grande,Embalagem de 270 g,3.45,12.78,0,kg,€/Kg,,2024-07-10T23:59:59.999999999+01:00,PROSPECTUS,https://driveimg1.intermarche.com/pt/Content/images/boitmal/produit/zoom/35241472DE7F17B0C520CB43E029E0A7.jpg,,,,10,1
13048,2893561000000,250.0,Marisco,Ameijoa Branca Vietnamita Congelada,Vendido a partir de 250 gr  (aprox.),0.5,1.99,0,,€/Kg,Avantages !,2024-07-10T23:59:59.999999999+01:00,PROSPECTUS,https://driveimg1.intermarche.com/pt/Content/images/boitmal/produit/zoom/87AAE93BFC6F911123DE0600840801E2.jpg,,,,10,1
12230,7613034192264,250.0,Cerelac,Papa infantil para preparar com leite +6 meses,Embalagem de 250g,1.84,7.36,0,kg,€/Kg,,2024-07-10T23:59:59.999999999+01:00,PROSPECTUS,https://driveimg1.intermarche.com/pt/Content/images/boitmal/produit/zoom/9FAA017CC3BC08A98F0EF54D61B67C5D.jpg,,,,10,1
13950,2891145000000,100.0,Porco,Salsicha Fresca,1 un = 100 gr (aprox.),0.5,4.99,0,,€/Kg,,2024-07-10T23:59:59.999999999+01:00,PROSPECTUS,https://driveimg1.intermarche.com/pt/Content/images/boitmal/produit/zoom/2E1CED7EDF010F56C2BF0E6CDF74D52B.jpg,,,,10,1
17402,8412600027233,700.0,Bimbo,Pão forma familiar normal,embalagem de 700 g,1.99,2.84,0,kg,€/Kg,,2024-07-10T23:59:59.999999999+01:00,PROSPECTUS,https://driveimg1.intermarche.com/pt/Content/images/boitmal/produit/zoom/DE8CCFFBC376CC9F4596A72F8ABC4CE5.jpg,,,,10,1
12994,2892524000000,100.0,Legumes,Cenoura Granel,1 un = 100 gr (aprox.),0.09,0.89,0,,€/Kg,,2024-07-10T23:59:59.999999999+01:00,PROSPECTUS,https://driveimg1.intermarche.com/pt/Content/images/boitmal/produit/zoom/6427FE21A79FA79A1E8CC03E5F3B3703.jpg,,,,10,1
46216,5603722519925,480.0,Mimosa,"Iogurte batido magro com mirtilos sem lactose, 4 x 120 g",,1.99,4.15,0,kg,€/Kg,,2024-07-10T23:59:59.999999999+01:00,PROSPECTUS,https://driveimg1.intermarche.com/pt/Content/images/boitmal/produit/zoom/BB82BE081E1283797B43170E5EC56176.jpg,,,,10,1
2518,7613033814693,400.0,Nestlé,Fruta para bebé 7 frutos +6 meses,Embalagem de 4 x 100 g,2.44,6.1,0,kg,€/Kg,,2024-07-10T23:59:59.999999999+01:00,PROSPECTUS,https://driveimg1.intermarche.com/pt/Content/images/boitmal/produit/zoom/5C71B6B9B51E8496D30C8FC7F83397E6.jpg,,,,10,1
43520,8411300478116,400.0,Elvive,Champô argila cabelos normais,Embalagem com 400ml,3.99,9.98,400,L,€/L,,2024-07-10T23:59:59.999999999+01:00,PROSPECTUS,https://driveimg1.intermarche.com/pt/Content/images/boitmal/produit/zoom/4FA9549FFEB000EE016E8AB88BD8B66F.jpg,,,,10,1
23524,5000204922851,750.0,WC Pato,"Líquido sanitário extra power, marinho, 750 ml",,1.69,2.25,750,L,€/L,,2024-07-10T23:59:59.999999999+01:00,PROSPECTUS,https://driveimg1.intermarche.com/pt/Content/images/boitmal/produit/zoom/FF6B5BA6C8EB35DB501C05C209AD45D0.jpg,,,,10,1
6301,8410024700015,700.0,Malibu,Rhum com coco,Garrafa de 700 ml,13.29,18.99,700,L,€/L,,2024-07-10T23:59:59.999999999+01:00,PROSPECTUS,https://driveimg1.intermarche.com/pt/Content/images/boitmal/produit/zoom/679306170757FBDDED74E4D7EF4E60D9.jpg,,,,10,1
15922,2892269000000,150.0,Fruta,Nectarina,1 un = 150 gr (aprox.),0.3,1.99,0,,€/Kg,,2024-07-10T23:59:59.999999999+01:00,PROSPECTUS,https://driveimg1.intermarche.com/pt/Content/images/boitmal/produit/zoom/3A8538F6AC415625F5A1969A6F07D441.jpg,,,,10,1
12978,2892462000000,400.0,Legumes,Alface Frisada,1 un= 400 g (aprox.),0.48,1.19,0,,€/Kg,,2024-07-10T23:59:59.999999999+01:00,PROSPECTUS,https://driveimg1.intermarche.com/pt/Content/images/boitmal/produit/zoom/14C8DBD7827DB992F77D5C5056950123.jpg,,,,10,1
12928,2892050000000,2000.0,Fruta,Abacaxi,1 un = 2kg ( aprox.),2.18,1.09,0,,€/Kg,,2024-07-10T23:59:59.999999999+01:00,PROSPECTUS,https://driveimg1.intermarche.com/pt/Content/images/boitmal/produit/zoom/993B44B8E23C8F727CA72FBC30DDEA70.jpg,,,,10,1
40514,5604260302321,2000.0,PorSi,Ice tea de pêssego,Garrafa de 2 l,1.15,0.58,2000,L,€/L,,2024-07-10T23:59:59.999999999+01:00,PROSPECTUS,https://driveimg1.intermarche.com/pt/Content/images/boitmal/produit/zoom/E5DA89712F5F3C16614DBB8402F10B1A.jpg,,,,10,1
13897,2891053000000,1000.0,Porco,Lombo sem Osso,Vendido ao peso a partir de 1 kg,5.28,5.28,0,,€/Kg,,2024-07-10T23:59:59.999999999+01:00,PROSPECTUS,https://driveimg1.intermarche.com/pt/Content/images/boitmal/produit/zoom/415564DA70574ED3C1D7475F1F28BDB6.jpg,,,,10,1
12884,2892009000000,200.0,Fruta,Limão,1 un = 200 gr (aprox.),0.2,0.99,0,,€/Kg,,2024-07-10T23:59:59.999999999+01:00,PROSPECTUS,https://driveimg1.intermarche.com/pt/Content/images/boitmal/produit/zoom/2F7773525E5DEBAE013C06CBE4768FAC.jpg,,,,10,1
13865,2891042000000,1000.0,Porco,Costeletas do Cachaço,Vendido ao peso a partir de 1 kg,4.98,4.98,0,,€/Kg,,2024-07-10T23:59:59.999999999+01:00,PROSPECTUS,https://driveimg1.intermarche.com/pt/Content/images/boitmal/produit/zoom/9CC30521C194F3CF0E71F32C6E004880.jpg,,,,10,1
13881,2891051000000,500.0,Porco,Lombinhos,1 un=500 gr aprox.,3.49,6.98,0,,€/Kg,,2024-07-10T23:59:59.999999999+01:00,PROSPECTUS,https://driveimg1.intermarche.com/pt/Content/images/boitmal/produit/zoom/72A8F969F14B8E66787332FACB9A8F30.jpg,,,,10,1
13893,2891043000000,1000.0,Porco,Entrecosto,Vendido ao peso a partir de 1 kg,5.98,5.98,0,,€/Kg,,2024-07-10T23:59:59.999999999+01:00,PROSPECTUS,https://driveimg1.intermarche.com/pt/Content/images/boitmal/produit/zoom/AA05EE99D302D59771FCC108473E0700.jpg,,,,10,1
15432,2892261000000,1000.0,Fruta,Meloa Gália,1 un = 1 kg (aprox.),1.79,1.79,0,,€/Kg,,2024-07-10T23:59:59.999999999+01:00,PROSPECTUS,https://driveimg1.intermarche.com/pt/Content/images/boitmal/produit/zoom/57DEE2C457893F0BD3086DA63F043153.jpg,https://driveimg1.intermarche.com/pt/Content/images/boitmal/produit/zoom/1BEFE2C9741C070DC8FB94F036E807A8.jpg,,,10,1
1327,5601164115606,1000.0,Super Bock,Cerveja com álcool,Garrafa de 1 l,1.69,1.69,1000,L,€/L,,2024-07-10T23:59:59.999999999+01:00,PROSPECTUS,https://driveimg1.intermarche.com/pt/Content/images/boitmal/produit/zoom/FC11CF1C46007F0CF2F97506679F884C.jpg,,,,10,1
14897,2892245000000,4000.0,Fruta,Melancia Riscada,Vendido ao peso | 1 un = 4kg (aprox.),3.56,0.89,0,,€/Kg,,2024-07-10T23:59:59.999999999+01:00,PROSPECTUS,https://driveimg1.intermarche.com/pt/Content/images/boitmal/produit/zoom/AA3D63A30F9BA2DBBD75810E5FD774FC.jpg,,,,10,1
16105,5601146703463,7500.0,Sagres,Cerveja Mini,pack 30 x 0.25 L,13.85,1.85,7500,L,€/L,,2024-07-10T23:59:59.999999999+01:00,PROSPECTUS,https://driveimg1.intermarche.com/pt/Content/images/boitmal/produit/zoom/6A268F7D3CFF6A55F6AD0FB91F4E6512.jpg,,,,10,1
40604,5604260302314,2000.0,PorSi,Ice tea de manga,Embalagem de 2 l,1.15,0.58,2000,L,€/L,,2024-07-10T23:59:59.999999999+01:00,PROSPECTUS,https://driveimg1.intermarche.com/pt/Content/images/boitmal/produit/zoom/FC5C14EBAD7F164332C97C731B56FC26.jpg,,,,10,1
12940,2892083000000,200.0,Fruta,Lima,1 un = 200 gr (aprox.),0.7,3.49,0,,€/Kg,,2024-07-10T23:59:59.999999999+01:00,PROSPECTUS,https://driveimg1.intermarche.com/pt/Content/images/boitmal/produit/zoom/20A6BBEF6B12F4FB4181A414DFA3AAB3.jpg,,,,10,1
13866,2891048000000,1000.0,Porco,Bifanas,Vendido ao peso a partir de 1 kg,3.99,3.99,0,,€/Kg,,2024-07-10T23:59:59.999999999+01:00,PROSPECTUS,https://driveimg1.intermarche.com/pt/Content/images/boitmal/produit/zoom/C9E276B082B119EFEDC2A2B0E1BC737E.jpg,,,,10,1
13892,2891041000000,1000.0,Porco,Costeletas do Lombo,Vendido ao peso a partir de 1 kg,3.89,3.89,0,,€/Kg,,2024-07-10T23:59:59.999999999+01:00,PROSPECTUS,https://driveimg1.intermarche.com/pt/Content/images/boitmal/produit/zoom/0CEDBCB04142A68CDED3690FB39820D0.jpg,,,,10,1
13915,2891249000000,2000.0,Peru,Perna com Osso,Vendido ao peso,6.58,3.29,0,,€/Kg,,2024-07-10T23:59:59.999999999+01:00,PROSPECTUS,https://driveimg1.intermarche.com/pt/Content/images/boitmal/produit/zoom/1D88BA2E1544364C5EB66CF19AD6E70E.jpg,,,,10,1
26047,8412600070994,650.0,Bimbo,Pão de forma s/ côdea,Embalagem de 650 g,2.09,3.22,0,kg,€/Kg,,2024-07-10T23:59:59.999999999+01:00,PROSPECTUS,https://driveimg1.intermarche.com/pt/Content/images/boitmal/produit/zoom/998967574B383CCF8D49F03316F06108.jpg,,,,10,1
5273,5601164902343,7920.0,Super Bock,Cerveja c/ álcool,pack 24 x 0.33 l,16.99,2.15,7920,L,€/L,,2024-07-10T23:59:59.999999999+01:00,PROSPECTUS,https://driveimg1.intermarche.com/pt/Content/images/boitmal/produit/zoom/9036A4A1A895E7D1EC16B298057D65EB.jpg,,,,10,1
11613,5601164864467,1320.0,Somersby,Sidra maçã,pack 4 x 0.33 l,3.95,2.99,1320,L,€/L,,2024-07-10T23:59:59.999999999+01:00,PROSPECTUS,https://driveimg1.intermarche.com/pt/Content/images/boitmal/produit/zoom/6483890D0FF6343894A37D6DC6393C66.jpg,,,,10,1
12718,5604260297023,230.0,PorSi,Massa Folhada Margarina,Embalagem de 230 g,0.89,3.87,0,kg,€/Kg,,2024-07-10T23:59:59.999999999+01:00,PROSPECTUS,https://driveimg1.intermarche.com/pt/Content/images/boitmal/produit/zoom/6C1FA409E5C8134DE9FAB02BCA4DC1FA.jpg,,,,10,1
13242,2893227000000,200.0,Peixaria,Robalo de Viveiro,de 200 a 600 g (aprox.),1.16,5.79,0,,€/Kg,,2024-07-10T23:59:59.999999999+01:00,PROSPECTUS,https://driveimg1.intermarche.com/pt/Content/images/boitmal/produit/zoom/48561D1FC8B0542874DDBC21F2E9ADCA.jpg,,,,10,1
17189,5603344531107,110.0,General,"Atum em posta, em azeite",Embalagem de 110g,1.49,13.55,0,kg,€/Kg,,2024-07-10T23:59:59.999999999+01:00,PROSPECTUS,https://driveimg1.intermarche.com/pt/Content/images/boitmal/produit/zoom/23F9119BF17F96B8DBD56B1983340EF6.jpg,,,,10,1
7244,3073781050196,140.0,A Vaca Que Ri,Queijo em palitos,Embalagem de 140g,1.99,14.21,0,kg,€/Kg,,2024-07-10T23:59:59.999999999+01:00,PROSPECTUS,https://driveimg1.intermarche.com/pt/Content/images/boitmal/produit/zoom/D85AB49CD10B93D1670A1C9148A74D22.jpg,,,,10,1
8384,5601049133992,1000.0,Mimosa,Leite uht magro,Embalagem de 1 litro,0.89,0.89,1000,L,€/L,,2024-07-10T23:59:59.999999999+01:00,PROSPECTUS,https://driveimg1.intermarche.com/pt/Content/images/boitmal/produit/zoom/F5320FAD88ED459A5E33FEB47EAEF410.jpg,https://driveimg1.intermarche.com/pt/Content/images/boitmal/produit/zoom/8C350978140C257D0AAD7365CD133F0C.jpg,https://driveimg1.intermarche.com/pt/Content/images/boitmal/produit/zoom/B9BED9F397071733FB4D36CBE39ECDBA.jpg,,10,1
958,5601019012401,500.0,Guloso,Polpa de Tomate,Embalagem de 500g,1.09,2.18,0,kg,€/Kg,,2024-07-10T23:59:59.999999999+01:00,PROSPECTUS,https://driveimg1.intermarche.com/pt/Content/images/boitmal/produit/zoom/20EBC153FCFDA3F6B93B2650D6C60B2B.jpg,,,,10,1
12325,8410000827446,440.0,Oreo,Bolachas oreo,Embalagem de 440g,2.99,6.8,0,kg,€/Kg,,2024-07-10T23:59:59.999999999+01:00,PROSPECTUS,https://driveimg1.intermarche.com/pt/Content/images/boitmal/produit/zoom/7FB878BD0E0E056A811C587B8C6317B3.jpg,,,,10,1
13894,2891044000000,1000.0,Porco,Entremeada sem Entrecosto,Vendido ao peso a partir de 1 kg,4.88,4.88,0,,€/Kg,,2024-07-10T23:59:59.999999999+01:00,PROSPECTUS,https://driveimg1.intermarche.com/pt/Content/images/boitmal/produit/zoom/C03EF63C56AFB4E4EA78E134436BF30C.jpg,,,,10,1
13895,2891047000000,150.0,Porco,Espetadas,1 un = 150 gr (aprox.),0.97,6.49,0,,€/Kg,,2024-07-10T23:59:59.999999999+01:00,PROSPECTUS,https://driveimg1.intermarche.com/pt/Content/images/boitmal/produit/zoom/401EE6D6FA8B752FC8E1714FD69830E3.jpg,,,,10,1
13956,2891205000000,50.0,Porco,Salsicha Brasileira,1 un = 50 gr (aprox.),0.25,4.99,0,,€/Kg,,2024-07-10T23:59:59.999999999+01:00,PROSPECTUS,https://driveimg1.intermarche.com/pt/Content/images/boitmal/produit/zoom/14EAE52DCA3FF1BF75259E62B26E7BDF.jpg,,,,10,1
14510,5411188116592,1000.0,Alpro,Bebida Vegetal Coco,Embalagem de 1L,1.99,1.99,1000,L,€/L,,2024-07-10T23:59:59.999999999+01:00,PROSPECTUS,https://driveimg1.intermarche.com/pt/Content/images/boitmal/produit/zoom/1987CA16F4DDFE322033D82C2A376E65.jpg,,,,10,1
1465,5601286234773,250.0,Milaneza,Massa de letras,Embalagem de 250g,0.59,2.36,0,kg,€/Kg,,2024-07-10T23:59:59.999999999+01:00,PROSPECTUS,https://driveimg1.intermarche.com/pt/Content/images/boitmal/produit/zoom/B041072B3650057DB6CDC9523E22E29B.jpg,,,,10,1
17523,2891246000000,1000.0,Porco,Pá York c/ Osso c/ Couro,Vendido ao peso a partir de 1 kg,3.98,3.98,0,,€/Kg,,2024-07-10T23:59:59.999999999+01:00,PROSPECTUS,https://driveimg1.intermarche.com/pt/Content/images/boitmal/produit/zoom/B1774B7150E1E65399A00A5F3DC93922.jpg,,,,10,1
19022,5603722509742,800.0,Agros,Leite com Chocolate,Embalagem de 4 x 200 ml,1.48,1.85,800,L,€/L,,2024-07-10T23:59:59.999999999+01:00,PROSPECTUS,https://driveimg1.intermarche.com/pt/Content/images/boitmal/produit/zoom/5E96016EA2C29977083D2986B4126E1A.jpg,,,,10,1
25883,5449000008763,1500.0,Fanta,Refrigerante c/ gás laranja,"Garrafa de 1,5 l",0.99,0.66,1500,L,€/L,,2024-07-10T23:59:59.999999999+01:00,PROSPECTUS,https://driveimg1.intermarche.com/pt/Content/images/boitmal/produit/zoom/F70B8C52CBA65C8253CA124EC0111F2A.jpg,,,,10,1
38148,5603722519123,1000.0,Milhafre,Leite de Pastagem Biológico Meio Gordo,1 litro,1.17,1.17,1000,L,€/L,Produtos Bio,2024-07-10T23:59:59.999999999+01:00,PROSPECTUS,https://driveimg1.intermarche.com/pt/Content/images/boitmal/produit/zoom/2257B1DDB3999CD244A662F9C30070FE.jpg,,,,10,1
40764,2702160000000,500.0,PorSi,Bife da perna de peru Programa Origens,Vendido ao peso,3.19,6.38,0,,€/Kg,,2024-07-10T23:59:59.999999999+01:00,PROSPECTUS,https://driveimg1.intermarche.com/pt/Content/images/boitmal/produit/zoom/63F23D09B7BF2629EA121A51AF281B40.jpg,,,,10,1
52880,8719200267794,450.0,Becel,"Creme Vegetal de Barrar com Sabor a Manteiga, 450g",,2.99,6.64,0,kg,€/Kg,,2024-07-10T23:59:59.999999999+01:00,PROSPECTUS,https://driveimg1.intermarche.com/pt/Content/images/boitmal/produit/zoom/287D301C66C180312FAA8A3BAE7EA710.jpg,,,,10,1
6267,8016825926687,75.0,Aquafresh,Pasta dentífrica menta fresca,Embalagem de 75 ml,1.85,24.67,75,L,€/L,,2024-07-10T23:59:59.999999999+01:00,PROSPECTUS,https://driveimg1.intermarche.com/pt/Content/images/boitmal/produit/zoom/B3DC987DC2831B4B3E07291CAE434D07.jpg,,,,10,1
8577,5601146000425,1980.0,Sagres,"Cerveja com álcool, tara perdida",pack 6 x 0.33 l,4.85,2.45,1980,L,€/L,,2024-07-10T23:59:59.999999999+01:00,PROSPECTUS,https://driveimg1.intermarche.com/pt/Content/images/boitmal/produit/zoom/2EB7704DBA490BA8B3C0147A31E27A52.jpg,,,,10,1
11503,5601050019100,600.0,Danone,"Danacol frutos exóticos,  6 x 100 g",,2.99,4.98,0,kg,€/Kg,,2024-07-10T23:59:59.999999999+01:00,PROSPECTUS,https://driveimg1.intermarche.com/pt/Content/images/boitmal/produit/zoom/17F7F3CE5BC5B190BC85D20A58C39B60.jpg,,,,10,1
1188,5601119007970,200.0,Nobre,Salsichas de porco,Lata de 200g,1.49,7.45,0,kg,€/Kg,,2024-07-10T23:59:59.999999999+01:00,PROSPECTUS,https://driveimg1.intermarche.com/pt/Content/images/boitmal/produit/zoom/01CF2549C0E08C23060DD310D0C9B5DD.jpg,,,,10,1
12348,8435257040745,640.0,Nestlé,"Iogurte líquido yoggi frutos tropicais,  4 x 160 g",,1.99,3.11,0,kg,€/Kg,,2024-07-10T23:59:59.999999999+01:00,PROSPECTUS,https://driveimg1.intermarche.com/pt/Content/images/boitmal/produit/zoom/F06F94EC2019E76EF04B92D91F880D65.jpg,,,,10,1
12471,8435257040868,640.0,Nestlé,"Iogurte líquido yoggi morango/banana,  4 x 160 g",,1.99,3.11,0,kg,€/Kg,,2024-07-10T23:59:59.999999999+01:00,PROSPECTUS,https://driveimg1.intermarche.com/pt/Content/images/boitmal/produit/zoom/93A52C02113750956F92B7DD59810765.jpg,,,,10,1
12723,5604260297030,230.0,PorSi,Massa Quebrada Margarina,Embalagem de 230 g,0.89,3.87,0,kg,€/Kg,,2024-07-10T23:59:59.999999999+01:00,PROSPECTUS,https://driveimg1.intermarche.com/pt/Content/images/boitmal/produit/zoom/59441B0A1A3AA87C68C2FF2729BD7609.jpg,,,,10,1
12945,2892154000000,250.0,Fruta,Ameixa Amarela,1 un = 250 gr  (aprox.),0.62,2.49,0,,€/Kg,,2024-07-10T23:59:59.999999999+01:00,PROSPECTUS,https://driveimg1.intermarche.com/pt/Content/images/boitmal/produit/zoom/2090DD1A82171FDD907927AD0AF26B38.jpg,,,,10,1
12946,2892155000000,250.0,Fruta,Ameixa Vermelha,1 un = 250 gr  (aprox.),0.55,2.19,0,,€/Kg,,2024-07-10T23:59:59.999999999+01:00,PROSPECTUS,https://driveimg1.intermarche.com/pt/Content/images/boitmal/produit/zoom/1F3553DA3EF8F6B165B1563A2EC408C3.jpg,,,,10,1
13000,2892533000000,1000.0,Legumes,Couve branca,1 un= 1 kg aprox,0.99,0.99,0,,€/Kg,,2024-07-10T23:59:59.999999999+01:00,PROSPECTUS,https://driveimg1.intermarche.com/pt/Content/images/boitmal/produit/zoom/4A118CCD7A01ABE88026942CC385EB6B.jpg,,,,10,1
1302,5601151700754,850.0,Compal,Grão de bico,Lata de 850g,1.74,2.05,0,kg,€/Kg,,2024-07-10T23:59:59.999999999+01:00,PROSPECTUS,https://driveimg1.intermarche.com/pt/Content/images/boitmal/produit/zoom/7BEB4F1F2A34C3C3B01503DD510ABAFA.jpg,,,,10,1
1331,5601165006255,260.0,Calvé,Molho de alho,Embalagem de 260g,1.94,7.46,0,kg,€/Kg,,2024-07-10T23:59:59.999999999+01:00,PROSPECTUS,https://driveimg1.intermarche.com/pt/Content/images/boitmal/produit/zoom/089B1CAB7287353404366CB7226AD30F.jpg,https://driveimg1.intermarche.com/pt/Content/images/boitmal/produit/zoom/5F13F0DF96776682A865C5AC21E8DB42.jpg,https://driveimg1.intermarche.com/pt/Content/images/boitmal/produit/zoom/5F13F0DF96776682A865C5AC21E8DB42.jpg,https://driveimg1.intermarche.com/pt/Content/images/boitmal/produit/zoom/5F13F0DF96776682A865C5AC21E8DB42.jpg,10,1
13625,2893620000000,300.0,Peixaria,Salmão de viveiro à posta,1 un. = 300 g (aprox.),3.9,12.99,0,,€/Kg,,2024-07-10T23:59:59.999999999+01:00,PROSPECTUS,https://driveimg1.intermarche.com/pt/Content/images/boitmal/produit/zoom/29B9DB2E73FB6AE756265DB326B65712.jpg,,,,10,1
13842,2891009000000,800.0,Novilho,Bife da Vazia,Vendido ao peso a partir de 800 g,10.39,12.99,0,,€/Kg,,2024-07-10T23:59:59.999999999+01:00,PROSPECTUS,https://driveimg1.intermarche.com/pt/Content/images/boitmal/produit/zoom/01A34A12BFFC51D86F44E2793C3596E7.jpg,,,,10,1
1426,5601255312112,1000.0,Caçarola,Arroz carolino,Embalagem de 1kg,1.45,1.45,0,kg,€/Kg,,2024-07-10T23:59:59.999999999+01:00,PROSPECTUS,https://driveimg1.intermarche.com/pt/Content/images/boitmal/produit/zoom/7F690432AAD8958D114DBA6E5A052325.jpg,,,,10,1
1429,5601255323125,1000.0,Caçarola,Arroz estufado,Embalagem de 1 kg,1.25,1.25,0,kg,€/Kg,,2024-07-10T23:59:59.999999999+01:00,PROSPECTUS,https://driveimg1.intermarche.com/pt/Content/images/boitmal/produit/zoom/ED0B6D9BD767D2AF150FD69C63788B2B.jpg,,,,10,1
15431,2892305000000,140.0,Fruta,Pêssego Vermelho,1 un = 140 gr (aprox.),0.22,1.59,0,,€/Kg,,2024-07-10T23:59:59.999999999+01:00,PROSPECTUS,https://driveimg1.intermarche.com/pt/Content/images/boitmal/produit/zoom/4E62BAB8F432DF95BA765EAED8406592.jpg,,,,10,1
15767,2892306000000,150.0,Fruta,Pêssego Vermelho Paraguaio,1 un = 150 gr (aprox.),0.34,2.29,0,,€/Kg,,2024-07-10T23:59:59.999999999+01:00,PROSPECTUS,https://driveimg1.intermarche.com/pt/Content/images/boitmal/produit/zoom/9005EDA76D054A9925A65C66022A136F.jpg,,,,10,1
18770,5449000138026,1500.0,Fanta,Refrigerante c/ gás de laranja zero,"Garrafa de 1,5 l",0.99,0.66,1500,L,€/L,,2024-07-10T23:59:59.999999999+01:00,PROSPECTUS,https://driveimg1.intermarche.com/pt/Content/images/boitmal/produit/zoom/42C12268B3BC23315C825D0012A62086.jpg,,,,10,1
19872,3600541921252,200.0,Ambre Solaire,Protector Solar Clássico FPS 30,Embalagem de 200 ml,9.59,47.95,200,L,€/L,,2024-08-07T23:59:59.999999999+01:00,PROSPECTUS,https://driveimg1.intermarche.com/pt/Content/images/boitmal/produit/zoom/34AF72C47D3763838528A15090C7FD3B.jpg,,,,10,1
2177,5604260263851,1000.0,Kings Bräu,Cerveja com álcool,Garrafa de 1 l,1.15,1.15,1000,L,€/L,,2024-07-10T23:59:59.999999999+01:00,PROSPECTUS,https://driveimg1.intermarche.com/pt/Content/images/boitmal/produit/zoom/13849A0ABE30250310C5EE051C131A8C.jpg,,,,10,1
22307,5601019012647,390.0,Guloso,Tomate em pedaços,Embalagem de 390g,1.45,3.72,0,kg,€/Kg,,2024-07-10T23:59:59.999999999+01:00,PROSPECTUS,https://driveimg1.intermarche.com/pt/Content/images/boitmal/produit/zoom/4A21D86DB7B874B78F3C53E43852C123.jpg,,,,10,1
23605,5601024335182,1000.0,Fula,Óleo especial fritura,Garrafa de 1 l,1.89,1.89,1000,L,€/L,,2024-07-10T23:59:59.999999999+01:00,PROSPECTUS,https://driveimg1.intermarche.com/pt/Content/images/boitmal/produit/zoom/904C48485A06D666EC40853982F33E55.jpg,,,,10,1
23652,8712000900175,6000.0,Heineken,Cerveja Mini,Pack 24 x 0.25 l,14.99,2.5,6000,L,€/L,,2024-07-10T23:59:59.999999999+01:00,PROSPECTUS,https://driveimg1.intermarche.com/pt/Content/images/boitmal/produit/zoom/A0830239E607394E6D6BDF0421171D9F.jpg,,,,10,1
2407,5608543000133,18.0,Tetley,Chá verde,Embalagem de 20g,0.95,52.78,0,kg,€/Kg,,2024-07-10T23:59:59.999999999+01:00,PROSPECTUS,https://driveimg1.intermarche.com/pt/Content/images/boitmal/produit/zoom/8E02DD9BA1324B098CBEC62350029218.jpg,,,,10,1
24821,5604321028757,200.0,Cemporcento,Bolachas marinheiras chia,Embalagem de 200g,2.14,10.7,0,kg,€/Kg,,2024-07-10T23:59:59.999999999+01:00,PROSPECTUS,https://driveimg1.intermarche.com/pt/Content/images/boitmal/produit/zoom/4EB7F6F8385A406EFE84F4A039F54F6F.jpg,,,,10,1
25616,3600541996601,400.0,Ambre Solaire,Leite Sensitive Advanced FPS 50,Embalagem de 400 ml,14.69,36.73,400,L,€/L,,2024-08-07T23:59:59.999999999+01:00,PROSPECTUS,https://driveimg1.intermarche.com/pt/Content/images/boitmal/produit/zoom/4A84DD2D1C700C8FBB4A2F6E295DA36C.jpg,,,,10,1
25808,8426617002510,100.0,Haribo,Gomas ositos de oro,Embalagem de 100g,0.99,9.9,0,kg,€/Kg,,2024-07-10T23:59:59.999999999+01:00,PROSPECTUS,https://driveimg1.intermarche.com/pt/Content/images/boitmal/produit/zoom/D25D6900B46F8C2565F09DD42E0CDF4D.jpg,,,,10,1
26645,8434165483965,570.0,Cuétara,Bolachas tosta rica,Embalagem de 570g,2.99,5.25,0,kg,€/Kg,,2024-07-10T23:59:59.999999999+01:00,PROSPECTUS,https://driveimg1.intermarche.com/pt/Content/images/boitmal/produit/zoom/280E50EBC29DD4AE6A9CCE7FB9666CBB.jpg,,,,10,1
2749,8410063046532,350.0,Pescanova,Miolo de camarão 80/100,Embalagem de 350g,6.99,19.97,0,kg,€/Kg,Tipo de stockagem,2024-07-10T23:59:59.999999999+01:00,PROSPECTUS,https://driveimg1.intermarche.com/pt/Content/images/boitmal/produit/zoom/B1D2AEF816246B4D1E4F3A2363606A04.jpg,,,,10,1
28640,5054563030948,75.0,Aquafresh,Dentífrico Tripla Proteção,Embalagem de 75 ml,1.85,24.67,75,L,€/L,,2024-07-10T23:59:59.999999999+01:00,PROSPECTUS,https://driveimg1.intermarche.com/pt/Content/images/boitmal/produit/zoom/2F0758EC50E92354A2691A9D74801B48.jpg,,,,10,1
32408,5601050034967,600.0,Danone,"Danacol aveia,  6 x 100 g",,2.99,4.98,0,kg,€/Kg,,2024-07-10T23:59:59.999999999+01:00,PROSPECTUS,https://driveimg1.intermarche.com/pt/Content/images/boitmal/produit/zoom/D8B4CB4708653F3D4BB9B148DB6D8336.jpg,,,,10,1
37483,5601146310104,330.0,Sagres,Cerveja 0.0%,Lata 0.33 l,0.74,2.24,330,L,€/L,,2024-07-10T23:59:59.999999999+01:00,PROSPECTUS,https://driveimg1.intermarche.com/pt/Content/images/boitmal/produit/zoom/B4FA0640F7E609BC0B12D6409EC40733.jpg,,,,10,1
38049,8001841361079,340.0,Fairy,Detergente liquido para loiça limão,Embalagem de 340 ml,1.59,4.68,340,L,€/L,,2024-07-10T23:59:59.999999999+01:00,PROSPECTUS,https://driveimg1.intermarche.com/pt/Content/images/boitmal/produit/zoom/BED1AA3039C8B605B08FD8155BD78E2E.jpg,,,,10,1
40592,5603722519420,480.0,Mimosa,"Iogurte fruta batida banana, laranja e bolacha, 480g",,1.69,3.52,0,kg,€/Kg,,2024-07-10T23:59:59.999999999+01:00,PROSPECTUS,https://driveimg1.intermarche.com/pt/Content/images/boitmal/produit/zoom/1D09572C6AE538ADBF2B5D0B579F400D.jpg,,,,10,1
41115,8712000310011,330.0,Heineken,Cerveja Sem Álcool 0.0%,Lata de 0.33 l,0.99,3.0,330,L,€/L,,2024-07-10T23:59:59.999999999+01:00,PROSPECTUS,https://driveimg1.intermarche.com/pt/Content/images/boitmal/produit/zoom/0249A72574522BBF39048E84E1CD01C2.jpg,,,,10,1
43768,7613287121783,187.0,Smarties,"Smarties mini chocolate, 187g",,2.89,15.45,0,kg,€/Kg,,2024-07-10T23:59:59.999999999+01:00,PROSPECTUS,https://driveimg1.intermarche.com/pt/Content/images/boitmal/produit/zoom/7A552A060795A355D30AAAB4BC193B70.jpg,https://driveimg1.intermarche.com/pt/Content/images/boitmal/produit/zoom/E8FEE980732B87942B93ED2D1ABFFA78.jpg,https://driveimg1.intermarche.com/pt/Content/images/boitmal/produit/zoom/E8FEE980732B87942B93ED2D1ABFFA78.jpg,,10,1
44702,5053990155354,175.0,Pringles,Pringles sour cream & onion,Embalagem de 175g,2.39,13.66,0,kg,€/Kg,,2024-07-10T23:59:59.999999999+01:00,PROSPECTUS,https://driveimg1.intermarche.com/pt/Content/images/boitmal/produit/zoom/CAC75B605C8B7B46C574BB916C039D54.jpg,https://driveimg1.intermarche.com/pt/Content/images/boitmal/produit/zoom/3743B152C095FACA5BB155343DC8A7EE.jpg,https://driveimg1.intermarche.com/pt/Content/images/boitmal/produit/zoom/3743B152C095FACA5BB155343DC8A7EE.jpg,https://driveimg1.intermarche.com/pt/Content/images/boitmal/produit/zoom/3743B152C095FACA5BB155343DC8A7EE.jpg,10,1
48164,5604260314881,500.0,Labell,Sabonete líquido maçãs verdes,Embalagem de 500 ml,1.19,2.38,500,L,€/L,,2024-07-10T23:59:59.999999999+01:00,PROSPECTUS,https://driveimg1.intermarche.com/pt/Content/images/boitmal/produit/zoom/22268299F038F5E13F48B4A6167B340D.jpg,,,,10,1
49426,4001724039655,340.0,Dr. Oetker,Pizza marguerita pomodori vegan,Embalagem de 340g,4.39,12.91,0,kg,€/Kg,Tipo de stockagem,2024-07-10T23:59:59.999999999+01:00,PROSPECTUS,https://driveimg1.intermarche.com/pt/Content/images/boitmal/produit/zoom/B9F0A15F27DE01D0C5212ECA229E8606.jpg,,,,10,2
49762,5601050037562,460.0,Danone,"Iogurte com Cereais Activia, 4 x 120g",,2.39,5.2,0,kg,€/Kg,,2024-07-10T23:59:59.999999999+01:00,PROSPECTUS,https://driveimg1.intermarche.com/pt/Content/images/boitmal/produit/zoom/51EAF4A53D8366A31634F35574981BCB.jpg,,,,10,2
51537,8410436441827,,Vernel,Amaciador Concentrado Maldivas,70 doses,3.49,3.49,0,,€/Unidade,,2024-07-10T23:59:59.999999999+01:00,PROSPECTUS,https://driveimg1.intermarche.com/pt/Content/images/boitmal/produit/zoom/1E5954FABCBB04BE4B29CED1B30BFE51.jpg,,,,10,2
5247,5601151720752,850.0,Compal,Feijão frade,Lata de 850g,1.74,2.05,0,kg,€/Kg,,2024-07-10T23:59:59.999999999+01:00,PROSPECTUS,https://driveimg1.intermarche.com/pt/Content/images/boitmal/produit/zoom/9F9B431A96B6B05E71B79E3CE414A982.jpg,,,,10,2
5272,5601164902312,4800.0,Super Bock,Cerveja Mini,pack 24 x 0.20 l ,9.99,2.08,4800,L,€/L,,2024-07-10T23:59:59.999999999+01:00,PROSPECTUS,https://driveimg1.intermarche.com/pt/Content/images/boitmal/produit/zoom/2912E3195E8AA342B174CBFEDFDDDFEF.jpg,https://driveimg1.intermarche.com/pt/Content/images/boitmal/produit/zoom/C2C2858ADC421F33AF17C6115D108100.jpg,,,10,2
52934,5603722522550,600.0,Agros,Bebida Láctea Café,Embalagem de 3 x 200ml,1.99,3.32,600,L,€/L,,2024-07-10T23:59:59.999999999+01:00,PROSPECTUS,https://driveimg1.intermarche.com/pt/Content/images/boitmal/produit/zoom/0FB5A2C12029001B9FDF536CD6412712.jpg,,,,10,2
53038,5601146700141,8750.0,Sagres,"Cerveja Mini, pack 35 x 25cl",,14.99,1.71,8750,L,€/L,,2024-07-10T23:59:59.999999999+01:00,PROSPECTUS,https://driveimg1.intermarche.com/pt/Content/images/boitmal/produit/zoom/9ECA467A226ADBBBD9D1E3294C602ED2.jpg,,,,10,2
6972,4005900827890,50.0,Nivea Men,Desodorizante roll-on magnesium dry,Embalagem de 50 ml,2.99,59.8,50,L,€/L,,2024-07-10T23:59:59.999999999+01:00,PROSPECTUS,https://driveimg1.intermarche.com/pt/Content/images/boitmal/produit/zoom/E584B90A44395E97F1D97529CCC2D822.jpg,,,,10,2
8222,5411188553304,1000.0,Alpro,Bebida Vegetal de Soja com Cálcio,Embalagem de 1 l,1.69,1.69,1000,L,€/L,,2024-07-10T23:59:59.999999999+01:00,PROSPECTUS,https://driveimg1.intermarche.com/pt/Content/images/boitmal/produit/zoom/545BAB00502BFD84583926EFDBFE9F24.jpg,,,,10,2
8752,5601217102065,1000.0,Finish,Sal p/ máquina de lavar loiça,Embalagem de 1 kg,1.89,1.89,0,kg,€/Kg,,2024-07-10T23:59:59.999999999+01:00,PROSPECTUS,https://driveimg1.intermarche.com/pt/Content/images/boitmal/produit/zoom/8EBDC7AE1197593D3539E53F449D6E79.jpg,,,,10,2
8802,5601244202363,400.0,Terra Nostra,Queijo em fatias,Embalagem de 400g,3.99,9.98,0,kg,€/Kg,,2024-07-10T23:59:59.999999999+01:00,PROSPECTUS,https://driveimg1.intermarche.com/pt/Content/images/boitmal/produit/zoom/B65A579FDF6F0A415C810CA406B71B6F.jpg,,,,10,2
9315,5603722509544,1000.0,Mimosa,Leite 0% lactose magro,Garrafa de 1 l,1.14,1.14,1000,L,€/L,,2024-07-10T23:59:59.999999999+01:00,PROSPECTUS,https://driveimg1.intermarche.com/pt/Content/images/boitmal/produit/zoom/F5A14B3D114F4F7D42484C8D1602E358.jpg,https://driveimg1.intermarche.com/pt/Content/images/boitmal/produit/zoom/DC5219EC1E15E09529E323B7D196FADA.jpg,https://driveimg1.intermarche.com/pt/Content/images/boitmal/produit/zoom/DC48BFFA4281D8016E9FB40168ED4485.jpg,,10,2
950,5601008100058,125.0,Vieira de Castro,Bolachas de água e sal,Embalagem de 125 g,0.74,5.92,0,kg,€/Kg,,2024-07-10T23:59:59.999999999+01:00,PROSPECTUS,https://driveimg1.intermarche.com/pt/Content/images/boitmal/produit/zoom/5BC4A3164BD6082587D987B4AF0BA107.jpg,,,,10,2
9762,5604260265862,1980.0,Serra de Fafe,Água mineral sem gás infantil,"Embalagem de 6x0,33 l",1.26,0.64,1980,L,€/L,,2024-07-10T23:59:59.999999999+01:00,PROSPECTUS,https://driveimg1.intermarche.com/pt/Content/images/boitmal/produit/zoom/F08046F8FE4F773B19A242D6F8973B30.jpg,,,,10,2
10639,8712566395514,60.0,Knorr,"Sopa gourmet, cogumelos",Embalagem de 60g,1.99,33.17,0,kg,€/Kg,,2024-07-10T23:59:59.999999999+01:00,PROSPECTUS,https://driveimg1.intermarche.com/pt/Content/images/boitmal/produit/zoom/B0DE93CCE9C882CDFCAF84912313B4E5.jpg,,,,10,2
11446,5600318520020,1500.0,Sandevid,"Bebida açucarada  tinto de verão, limão","Garrafa de 1,5 l",1.79,1.19,1500,L,€/L,,2024-07-10T23:59:59.999999999+01:00,PROSPECTUS,https://driveimg1.intermarche.com/pt/Content/images/boitmal/produit/zoom/A5CB0DF1D89C5A97B4317620E25B71A9.jpg,,,,10,2
11612,5601164824478,1980.0,Super Bock,"Cerveja sem álcool, preta",pack 6 x 0.33 l,4.49,2.27,1980,L,€/L,,2024-07-10T23:59:59.999999999+01:00,PROSPECTUS,https://driveimg1.intermarche.com/pt/Content/images/boitmal/produit/zoom/0CFEF6C5B88735DDFF42E02E1A9B9592.jpg,,,,10,2
11614,5601164874206,1980.0,Super Bock,"Cerveja sem álcool, tara perdida",Pack 6 X 0.33 L,4.49,2.27,1980,L,€/L,,2024-07-10T23:59:59.999999999+01:00,PROSPECTUS,https://driveimg1.intermarche.com/pt/Content/images/boitmal/produit/zoom/82CDFA291D56D541FEE3D9F75B502D50.jpg,,,,10,2
1189,5601119007987,250.0,Nobre,Salsichas de porco,Lata de 250g,1.79,7.16,0,kg,€/Kg,,2024-07-10T23:59:59.999999999+01:00,PROSPECTUS,https://driveimg1.intermarche.com/pt/Content/images/boitmal/produit/zoom/098AB25EB23B66D623E253A97FD15BDF.jpg,,,,10,2
12426,8411134112804,,Control,12 Preservativos Adapta Finíssimo,,6.99,6.99,0,,€/Unidade,,2024-07-10T23:59:59.999999999+01:00,PROSPECTUS,https://driveimg1.intermarche.com/pt/Content/images/boitmal/produit/zoom/B91BAE1077CB2520CD7FFEBB885B9986.jpg,https://driveimg1.intermarche.com/pt/Content/images/boitmal/produit/zoom/0249329A134B1716C9019348A212960F.jpg,,,10,2
12473,8435257040806,640.0,Nestlé,"Iogurte líquido yoggi frutos silvestres,  4 x 160 g",,1.99,3.11,0,kg,€/Kg,,2024-07-10T23:59:59.999999999+01:00,PROSPECTUS,https://driveimg1.intermarche.com/pt/Content/images/boitmal/produit/zoom/F132B5D16757645AB9845EFAD7CA5753.jpg,,,,10,2
12519,8712100417054,416.0,Hellmann's,"Maionese, frasco",Embalagem de 420g,3.09,7.43,0,kg,€/Kg,,2024-07-10T23:59:59.999999999+01:00,PROSPECTUS,https://driveimg1.intermarche.com/pt/Content/images/boitmal/produit/zoom/252D905CA391CC38A3FB504ED230564C.jpg,https://driveimg1.intermarche.com/pt/Content/images/boitmal/produit/zoom/6731B805B2B4B445CCCFD0D614219E37.jpg,https://driveimg1.intermarche.com/pt/Content/images/boitmal/produit/zoom/6731B805B2B4B445CCCFD0D614219E37.jpg,,10,2
1269,5601151021750,850.0,Compal,Feijão preto 4/4,Lata de 850g,1.74,2.05,850,L,€/L,,2024-07-10T23:59:59.999999999+01:00,PROSPECTUS,https://driveimg1.intermarche.com/pt/Content/images/boitmal/produit/zoom/21DABA3EFA33FCE5CAC8AAB060A46375.jpg,,,,10,2
13094,2893070000000,150.0,Peixaria,Carapau Médio Fresco,1 un = 150 gr (aprox.),0.45,2.99,0,,€/Kg,,2024-07-10T23:59:59.999999999+01:00,PROSPECTUS,https://driveimg1.intermarche.com/pt/Content/images/boitmal/produit/zoom/5561FF39144D34B65C5FB553D6B1F100.jpg,,,,10,2
13095,2893071000000,100.0,Peixaria,Carapau Pequeno,1 un = 100 g (aprox.),0.3,2.99,0,,€/Kg,,2024-07-10T23:59:59.999999999+01:00,PROSPECTUS,https://driveimg1.intermarche.com/pt/Content/images/boitmal/produit/zoom/A6FA4A5C89011F3F27A60AD959FD9913.jpg,,,,10,2
13577,2893572000000,200.0,Peixaria,Pota Inteira Congelada,1 un= 200 gr (aprox.),1.18,5.89,0,,€/Kg,Avantages !,2024-07-10T23:59:59.999999999+01:00,PROSPECTUS,https://driveimg1.intermarche.com/pt/Content/images/boitmal/produit/zoom/B2D6321EA80C5271A6C9DE3162C36D95.jpg,,,,10,2
13582,2893577000000,800.0,Peixaria,Solha Congelada (200/400),Pescado no mar,3.99,4.99,0,,€/Kg,Avantages !,2024-07-10T23:59:59.999999999+01:00,PROSPECTUS,https://driveimg1.intermarche.com/pt/Content/images/boitmal/produit/zoom/09CD29C77ECA15BC59D0A288B72C20B4.jpg,,,,10,2
13585,2893580000000,250.0,Marisco,Gambão Congelado 20/30,Vendido a partir de 250 (aprox.),2.2,8.79,0,,€/Kg,Avantages !,2024-07-10T23:59:59.999999999+01:00,PROSPECTUS,https://driveimg1.intermarche.com/pt/Content/images/boitmal/produit/zoom/FBF44724042B73F1218C70BB4977864A.jpg,,,,10,2
13595,2893590000000,300.0,Peixaria,Pescada Pequena da Argentina Congelada,1 un= 1kg (aprox.),1.05,3.49,0,,€/Kg,Avantages !,2024-07-10T23:59:59.999999999+01:00,PROSPECTUS,https://driveimg1.intermarche.com/pt/Content/images/boitmal/produit/zoom/55D0840C54B4509E0B02B8F93D8A0E14.jpg,,,,10,2
13856,2891025000000,1250.0,Bovino,Picanha,1 un = 1.250 kg (aprox.),21.86,17.49,0,,€/Kg,,2024-07-10T23:59:59.999999999+01:00,PROSPECTUS,https://driveimg1.intermarche.com/pt/Content/images/boitmal/produit/zoom/759532435621A3D4B458F022D645930E.jpg,,,,10,2
13884,2891106000000,2000.0,PorSi Select,Frango do Campo Inteiro c/ Miúdos Programa Origens,Vendido ao peso,6.9,3.45,0,,€/Kg,,2024-07-10T23:59:59.999999999+01:00,PROSPECTUS,https://driveimg1.intermarche.com/pt/Content/images/boitmal/produit/zoom/6B6825838652E244237081C091CB1D51.jpg,,,,10,2
14001,2696304000000,,PorSi,Queque,1 unidade = 55 g,0.69,0.69,0,,€/Unidade,,2024-07-10T23:59:59.999999999+01:00,PROSPECTUS,https://driveimg1.intermarche.com/pt/Content/images/boitmal/produit/zoom/B1529CA218E97B9C750DB3A885BCE211.jpg,,,,10,2
1428,5601255322210,1000.0,Caçarola,Arroz basmati,Embalagem de 1 kg,2.49,2.49,0,kg,€/Kg,,2024-07-10T23:59:59.999999999+01:00,PROSPECTUS,https://driveimg1.intermarche.com/pt/Content/images/boitmal/produit/zoom/597DB0594D385F011EF164902A284637.jpg,,,,10,2
14372,8712100599392,550.0,Calvé,Ketchup XXL,Embalagem de 550g,2.99,5.44,0,kg,€/Kg,,2024-07-10T23:59:59.999999999+01:00,PROSPECTUS,https://driveimg1.intermarche.com/pt/Content/images/boitmal/produit/zoom/4544D7A761DF83B5B8BF2C6EF0FF53D9.jpg,https://driveimg1.intermarche.com/pt/Content/images/boitmal/produit/zoom/FE7F103C359D2D1FD7BF3FDC8DD381BA.jpg,https://driveimg1.intermarche.com/pt/Content/images/boitmal/produit/zoom/FE7F103C359D2D1FD7BF3FDC8DD381BA.jpg,,10,2
14437,5411188110835,1000.0,Alpro,Bebida Vegetal Amêndoa,Embalagem de 1 litro,1.99,1.99,1000,L,€/L,,2024-07-10T23:59:59.999999999+01:00,PROSPECTUS,https://driveimg1.intermarche.com/pt/Content/images/boitmal/produit/zoom/6B753F65EC27A078C0F05C1BE13557F2.jpg,,,,10,2
14508,5411188115496,1000.0,Alpro,Bebida de Soja Sem Açúcar,Embalagem de 1L,1.99,1.99,1000,L,€/L,,2024-07-10T23:59:59.999999999+01:00,PROSPECTUS,https://driveimg1.intermarche.com/pt/Content/images/boitmal/produit/zoom/59C7541613D2AEC2ECBE5B108019BE70.jpg,,,,10,2
1463,5601286232779,250.0,Milaneza,Massa pevide,Embalagem de 250g,0.59,2.36,0,kg,€/Kg,,2024-07-10T23:59:59.999999999+01:00,PROSPECTUS,https://driveimg1.intermarche.com/pt/Content/images/boitmal/produit/zoom/EBAFF1FEDF33318543096DA417AD4777.jpg,,,,10,2
15013,2892586000000,1000.0,Programa Origens,Couve Roxa,1 un = 1 kg (aprox.),0.99,0.99,0,,€/Kg,,2024-07-10T23:59:59.999999999+01:00,PROSPECTUS,https://driveimg1.intermarche.com/pt/Content/images/boitmal/produit/zoom/C15FB4AA650D08814701170E90E9EDB6.jpg,,,,10,2
15038,2892255000000,2500.0,Programa Origens,Melão Branco,Vendido ao peso | 1 un = 2.5 kg (aprox.),2.98,1.19,0,,€/Kg,,2024-07-10T23:59:59.999999999+01:00,PROSPECTUS,https://driveimg1.intermarche.com/pt/Content/images/boitmal/produit/zoom/1907C0AEFCB3376B09C7B915B4809CC0.jpg,,,,10,2
15879,5601164902282,3000.0,Super Bock,Cerveja Mini,Pack 15 x 0.20 L,6.99,2.33,3000,L,€/L,,2024-07-10T23:59:59.999999999+01:00,PROSPECTUS,https://driveimg1.intermarche.com/pt/Content/images/boitmal/produit/zoom/B6A4FA8F12716114DD47B614825CAA6B.jpg,,,,10,2
15886,5601027003859,210.0,Manhãzitos,Manhãzitos original,Embalagem 6x2 unidades,2.29,10.9,0,kg,€/Kg,,2024-07-10T23:59:59.999999999+01:00,PROSPECTUS,https://driveimg1.intermarche.com/pt/Content/images/boitmal/produit/zoom/71329DB5D34C05CB20373BAE1032B91A.jpg,,,,10,2
16106,5601164114340,1980.0,Super Bock,Cerveja pack económico,pack 6 x 0.33 l,4.89,2.47,1980,L,€/L,,2024-07-10T23:59:59.999999999+01:00,PROSPECTUS,https://driveimg1.intermarche.com/pt/Content/images/boitmal/produit/zoom/1EE6B83007C6CB47FC423B00D08FF3F5.jpg,,,,10,2
16869,3600541575790,400.0,Ultra Suave,Amaciador Nutritivo com Óleos Maravilhosos,Embalagem de 400 ml,3.79,9.48,400,L,€/L,,2024-07-10T23:59:59.999999999+01:00,PROSPECTUS,https://driveimg1.intermarche.com/pt/Content/images/boitmal/produit/zoom/A1E72E12671EF8522EC8B1125864013C.jpg,,,,10,2
1709,5604055111060,6000.0,Fastio,Água mineral sem gás,Embalagem de 6 lt,1.69,0.28,6000,L,€/L,,2024-07-10T23:59:59.999999999+01:00,PROSPECTUS,https://driveimg1.intermarche.com/pt/Content/images/boitmal/produit/zoom/6DC4524795A66E05CC84F206F41E7F8C.jpg,,,,10,2
18024,2696283000000,250.0,Pastelaria,"Baguete Constance Cereais, 250 g",,0.99,3.96,0,kg,€/Kg,,2024-07-10T23:59:59.999999999+01:00,PROSPECTUS,https://driveimg1.intermarche.com/pt/Content/images/boitmal/produit/zoom/685E2D57DF9ABD650B27DD54077FB84E.jpg,,,,10,2
18161,5601164884465,1320.0,Somersby,Sidra frutos vermelhos,pack 4 x 0.33 l,3.95,2.99,1320,L,€/L,,2024-07-10T23:59:59.999999999+01:00,PROSPECTUS,https://driveimg1.intermarche.com/pt/Content/images/boitmal/produit/zoom/BAB502492C411014B4CF03144D1A8CCB.jpg,,,,10,2
20653,5449000003751,1500.0,Fanta,"Refrigerante com gás de ananás, garrafa de 1,5 l",,0.99,0.66,1500,L,€/L,,2024-07-10T23:59:59.999999999+01:00,PROSPECTUS,https://driveimg1.intermarche.com/pt/Content/images/boitmal/produit/zoom/E02106088F5A281D124D7D74DB00421E.jpg,,,,10,2
20967,5601027002593,175.0,Manhãzitos,5 manhãzitos choco chips,Embalagem de 175 g,2.24,12.8,0,kg,€/Kg,,2024-07-10T23:59:59.999999999+01:00,PROSPECTUS,https://driveimg1.intermarche.com/pt/Content/images/boitmal/produit/zoom/0AAF2F344E6BB2E2CE72DDB89E9BE7D6.jpg,,,,10,2
21310,5601012004786,750.0,Sossego,Vinho regional alentejano tinto,Garrafa de 750 ml,4.09,5.45,750,L,€/L,,2024-07-10T23:59:59.999999999+01:00,PROSPECTUS,https://driveimg1.intermarche.com/pt/Content/images/boitmal/produit/zoom/75DA6126A97C74653CCE2ADA9B75EE2B.jpg,,,,10,2
21312,5601012004762,750.0,Sossego,Vinho regional alentejano rose,Garrafa de 750 ml,4.09,5.45,750,L,€/L,,2024-07-10T23:59:59.999999999+01:00,PROSPECTUS,https://driveimg1.intermarche.com/pt/Content/images/boitmal/produit/zoom/4343EC07E115ECDD674B4FBE7671C63F.jpg,,,,10,2
21753,5601164401204,1200.0,Super Bock,Cerveja Mini Preta Stout,Pack 6 x 200 ml,2.99,2.49,1200,L,€/L,,2024-07-10T23:59:59.999999999+01:00,PROSPECTUS,https://driveimg1.intermarche.com/pt/Content/images/boitmal/produit/zoom/CA90BDDA1D9AAD4040E41EB47FF92229.jpg,,,,10,2
22458,5601255625069,1000.0,Caçarola,Arroz sushi,Embalagem de 1 kg,1.89,1.89,0,kg,€/Kg,,2024-07-10T23:59:59.999999999+01:00,PROSPECTUS,https://driveimg1.intermarche.com/pt/Content/images/boitmal/produit/zoom/20C2F8A109878E3C7A65BBB4426D7436.jpg,,,,10,2
2250,5604260267699,330.0,Kings Bräu,Cerveja com álcool,"Embalagem de 0,33 l",0.38,1.15,330,L,€/L,,2024-07-10T23:59:59.999999999+01:00,PROSPECTUS,https://driveimg1.intermarche.com/pt/Content/images/boitmal/produit/zoom/0D11D47DD8B6C5E815AEE8940B6348BD.jpg,,,,10,2
2406,5608543000102,30.0,Tetley,Chá preto,Embalagem de 30g,1.29,43.0,0,kg,€/Kg,,2024-07-10T23:59:59.999999999+01:00,PROSPECTUS,https://driveimg1.intermarche.com/pt/Content/images/boitmal/produit/zoom/B2CA31FF335EAFD397F63994E5AF9EBC.jpg,,,,10,2
24410,8710908859502,750.0,Cif,Spray power&shine multiusos c/ lixívia,Garrafa de 750 ml,2.69,3.59,750,L,€/L,,2024-07-10T23:59:59.999999999+01:00,PROSPECTUS,https://driveimg1.intermarche.com/pt/Content/images/boitmal/produit/zoom/BC1FC8E39B43E72D32F4657C6D001534.jpg,,,,10,2
24673,5604321002078,400.0,Cemporcento,Flocos de aveia finos integrais,Embalagem de 400g,0.89,2.23,0,kg,€/Kg,,2024-07-10T23:59:59.999999999+01:00,PROSPECTUS,https://driveimg1.intermarche.com/pt/Content/images/boitmal/produit/zoom/C045B2E5F5FFD8B0BC0EFD35DA0F768B.jpg,,,,10,2
25329,3600523493654,400.0,Elvive,Champô Óleo Extraordinário Coco,Embalagem de 400 ml,3.99,9.98,400,L,€/L,,2024-07-10T23:59:59.999999999+01:00,PROSPECTUS,https://driveimg1.intermarche.com/pt/Content/images/boitmal/produit/zoom/86FC06DD0D7EE3332EF69255626438B0.jpg,,,,10,2
2577,7622210252074,190.0,Triunfo,Bolachas de aveia,Embalagem de 190g,1.24,6.53,0,kg,€/Kg,,2024-07-10T23:59:59.999999999+01:00,PROSPECTUS,https://driveimg1.intermarche.com/pt/Content/images/boitmal/produit/zoom/1549878B1887043B8581F850E3C563EA.jpg,,,,10,2
25812,8426617013455,90.0,Haribo,Gomas starmix,Embalagem de 90g,0.99,11.0,0,kg,€/Kg,,2024-07-10T23:59:59.999999999+01:00,PROSPECTUS,https://driveimg1.intermarche.com/pt/Content/images/boitmal/produit/zoom/6069DF2B2FD88763E78D26B941394462.jpg,,,,10,2
2589,7622300281182,150.0,Oreo,"Bolachas, tubo",Embalagem de 150g,1.34,8.93,0,kg,€/Kg,,2024-07-10T23:59:59.999999999+01:00,PROSPECTUS,https://driveimg1.intermarche.com/pt/Content/images/boitmal/produit/zoom/A967EF8D7DC66A4DE384AFCA6E356DB8.jpg,,,,10,2
25920,8888056603961,90.0,Koka,Massa instantânea c/ caril,Embalagem de 90g,0.74,8.22,0,kg,€/Kg,,2024-07-10T23:59:59.999999999+01:00,PROSPECTUS,https://driveimg1.intermarche.com/pt/Content/images/boitmal/produit/zoom/4F2AF04667FB7B68A474E7AF67191FEC.jpg,,,,10,2
26274,5601027002609,175.0,Bollycao,5 manhãzitos,Embalagem com 175 g,2.24,12.8,0,kg,€/Kg,,2024-07-10T23:59:59.999999999+01:00,PROSPECTUS,https://driveimg1.intermarche.com/pt/Content/images/boitmal/produit/zoom/72802AF60F8CD24B8A8E082AF13E9F74.jpg,,,,10,2
26598,8711000357477,52.0,L'or,Café sontuoso intensidade 8,Embalagem de 50g,3.39,65.19,0,kg,€/Kg,,2024-07-10T23:59:59.999999999+01:00,PROSPECTUS,https://driveimg1.intermarche.com/pt/Content/images/boitmal/produit/zoom/EBAAE734A210633F92EE1AC41265DDC7.jpg,,,,10,2
2740,8410063016627,400.0,Pescanova,4 filetes de pescada panados c/ limão,Embalagem de 400g,4.65,11.63,0,kg,€/Kg,Tipo de stockagem,2024-07-10T23:59:59.999999999+01:00,PROSPECTUS,https://driveimg1.intermarche.com/pt/Content/images/boitmal/produit/zoom/3032EB7CA68A0B391F99FAEA119599B8.jpg,,,,10,2
28572,8434165484054,240.0,Cuétara,Tosta rica mini go,Embalagem de 240g,1.99,8.29,0,kg,€/Kg,,2024-07-10T23:59:59.999999999+01:00,PROSPECTUS,https://driveimg1.intermarche.com/pt/Content/images/boitmal/produit/zoom/5A734A2EA3B70D54F3B8AB905B577E94.jpg,,,,10,2
29374,5601146530304,500.0,Bandida do Pomar,Sidra maçã,Lata de 500 ml,1.25,2.5,500,L,€/L,,2024-07-10T23:59:59.999999999+01:00,PROSPECTUS,https://driveimg1.intermarche.com/pt/Content/images/boitmal/produit/zoom/57CDF902BE68D0923B8FF79F40E5361C.jpg,,,,10,2
31141,3073781094930,140.0,A Vaca Que Ri,Queijo fundido vaca que ri palitos light 140g,Embalagem de 140g,1.99,14.21,0,kg,€/Kg,,2024-07-10T23:59:59.999999999+01:00,PROSPECTUS,https://driveimg1.intermarche.com/pt/Content/images/boitmal/produit/zoom/4BFD7554CB8C51365C2135BFB8F8E399.jpg,,,,10,2
31551,8414100333241,250.0,Schweppes,Schweppes tónica zero,Garrafa de 250 ml,0.71,2.84,250,L,€/L,,2024-07-10T23:59:59.999999999+01:00,PROSPECTUS,https://driveimg1.intermarche.com/pt/Content/images/boitmal/produit/zoom/7D3CDC1738B0F685E19A0F0C867F8751.jpg,,,,10,2
32342,5603722517334,200.0,Milhafre,Queijo açoriano fatias de textura cremosa,Embalagem de 200g,2.09,10.45,0,kg,€/Kg,,2024-07-10T23:59:59.999999999+01:00,PROSPECTUS,https://driveimg1.intermarche.com/pt/Content/images/boitmal/produit/zoom/ED1DA3BFDC83B30FF20CB1A8441640A4.jpg,,,,10,2
35749,5603722509667,800.0,Mimosa,Leite Bem Essencial Chocolate,Embalagem de 4 x 200 ml,1.69,2.11,800,L,€/L,,2024-07-10T23:59:59.999999999+01:00,PROSPECTUS,https://driveimg1.intermarche.com/pt/Content/images/boitmal/produit/zoom/7497180C7B501430F6BD78AEC0C140AA.jpg,,,,10,2
36263,5601027973060,480.0,Bimbo,Pão de forma integral,Embalagem de 480 g,1.84,3.83,0,kg,€/Kg,,2024-07-10T23:59:59.999999999+01:00,PROSPECTUS,https://driveimg1.intermarche.com/pt/Content/images/boitmal/produit/zoom/706CDDCF91F9F779ABC5B2D4D8D2F75F.jpg,,,,10,2
36752,3574661487694,,Carefree,Pensos diários maxi,Embalagem com 64 unidades,3.74,3.74,0,,€/Unidade,,2024-07-10T23:59:59.999999999+01:00,PROSPECTUS,https://driveimg1.intermarche.com/pt/Content/images/boitmal/produit/zoom/761AFEC0159C1EB52FB3A5797B87B380.jpg,,,,10,2
372,8711200532391,260.0,Calvé,Molho Big Burguer,Embalagem de 260g,1.94,7.46,0,kg,€/Kg,,2024-07-10T23:59:59.999999999+01:00,PROSPECTUS,https://driveimg1.intermarche.com/pt/Content/images/boitmal/produit/zoom/A750CF91D157F1A24339167BD14309C2.jpg,https://driveimg1.intermarche.com/pt/Content/images/boitmal/produit/zoom/122719564EBC4BB4D52F039A6C0EDAF1.jpg,,,10,2
37989,8410063071206,1000.0,Pescanova,Tiras do mar,Embalagem de 1 kg,7.49,7.49,0,kg,€/Kg,Tipo de stockagem,2024-07-10T23:59:59.999999999+01:00,PROSPECTUS,https://driveimg1.intermarche.com/pt/Content/images/boitmal/produit/zoom/97461D5C2795A31BF48BD88908FC2105.jpg,,,,10,2
391,8712566173648,70.0,Knorr,"Sopa de cozido, 70g",,1.59,22.71,0,kg,€/Kg,,2024-07-10T23:59:59.999999999+01:00,PROSPECTUS,https://driveimg1.intermarche.com/pt/Content/images/boitmal/produit/zoom/C0EE5A12F75937ABFCDAF9A5E610D848.jpg,,,,10,2
40672,5609060095992,100.0,Delta,Café solúvel intenso,Embalagem de 100g,2.99,29.9,0,kg,€/Kg,,2024-07-10T23:59:59.999999999+01:00,PROSPECTUS,https://driveimg1.intermarche.com/pt/Content/images/boitmal/produit/zoom/7A1F952E00FD0E204E53DBCD3FAC4315.jpg,,,,10,2
41616,3600542298247,40.0,Ambre Solaire,Protector Solar de Rosto 50+,Embalagem de 40 ml,10.79,269.75,40,L,€/L,,2024-08-07T23:59:59.999999999+01:00,PROSPECTUS,https://driveimg1.intermarche.com/pt/Content/images/boitmal/produit/zoom/4A967209F0D4850A13D1BBB54731B9E8.jpg,,,,10,2
41624,5604260303595,8000.0,PorSi,Areia para gatos biodegradável vegetal,Embalagem de 8 litros,4.99,0.62,8000,L,€/L,,2024-07-10T23:59:59.999999999+01:00,PROSPECTUS,https://driveimg1.intermarche.com/pt/Content/images/boitmal/produit/zoom/5C267BAAED1DB27D1DF1AB9A6447E4B5.jpg,,,,10,2
4196,3574660464429,,Carefree,"Pensos diários respirare, 76 unidades",Uma embalagem,3.74,3.74,0,,€/Unidade,,2024-07-10T23:59:59.999999999+01:00,PROSPECTUS,https://driveimg1.intermarche.com/pt/Content/images/boitmal/produit/zoom/F1443756E2E93D0DFBDE85A3A5997C3A.jpg,,,,10,2
432,8722700084952,63.0,Knorr,Sopa de legumes,Embalagem de 60g,1.59,25.24,0,kg,€/Kg,,2024-07-10T23:59:59.999999999+01:00,PROSPECTUS,https://driveimg1.intermarche.com/pt/Content/images/boitmal/produit/zoom/CDD0F7AF267061F5F2B16720B17C4635.jpg,,,,10,2
43752,5411188124726,1000.0,Alpro,Bebida Vegetal Aveia-Amêndoa,Embalagem de 1 litro,1.99,1.99,1000,L,€/L,,2024-07-10T23:59:59.999999999+01:00,PROSPECTUS,https://driveimg1.intermarche.com/pt/Content/images/boitmal/produit/zoom/41ED3A9A9EA0C04FB4F3A16FF6575B9C.jpg,,,,10,2
4400,3600541533226,400.0,Ultra Suave,Champô gama maravilhosa,Embalagem de 400 ml,3.79,9.48,400,L,€/L,,2024-07-10T23:59:59.999999999+01:00,PROSPECTUS,https://driveimg1.intermarche.com/pt/Content/images/boitmal/produit/zoom/28CA81276EA21AB8CD8D9A9F969FF989.jpg,,,,10,2
44234,8710522854815,257.0,Calvé,Mostarda,Embalagem de 257g,1.68,6.54,0,kg,€/Kg,,2024-07-10T23:59:59.999999999+01:00,PROSPECTUS,https://driveimg1.intermarche.com/pt/Content/images/boitmal/produit/zoom/7979D994594677C477DA08ADD5A2E9CB.jpg,,,,10,2
44252,5601019012890,210.0,Guloso,Tomate frito,Embalagem de 210g,0.85,4.05,0,kg,€/Kg,,2024-07-10T23:59:59.999999999+01:00,PROSPECTUS,https://driveimg1.intermarche.com/pt/Content/images/boitmal/produit/zoom/E41584C9A847A707E247659FC6AA37C2.jpg,,,,10,2
44682,5601146303007,330.0,Sagres,Cerveja preta 0.0%,Lata de 330 ml,0.74,2.24,330,L,€/L,,2024-07-10T23:59:59.999999999+01:00,PROSPECTUS,https://driveimg1.intermarche.com/pt/Content/images/boitmal/produit/zoom/9401561FF7A5F232A5E06CF9315FF816.jpg,,,,10,2
44704,5053990155941,175.0,Pringles,Pringles hot & spicy,Embalagem de 175g,2.39,13.66,0,kg,€/Kg,,2024-07-10T23:59:59.999999999+01:00,PROSPECTUS,https://driveimg1.intermarche.com/pt/Content/images/boitmal/produit/zoom/4E274A9B899E3F171EF5DBCC6BAFC4CB.jpg,https://driveimg1.intermarche.com/pt/Content/images/boitmal/produit/zoom/6928ADB37A9D879D8A1130CADC9B4CD3.jpg,https://driveimg1.intermarche.com/pt/Content/images/boitmal/produit/zoom/6928ADB37A9D879D8A1130CADC9B4CD3.jpg,,10,2
44761,5601146050505,500.0,Bandida do Pomar,Bandida do pomar frutos vermelhos lata 50cl,Garrafa de 500 ml,1.25,2.5,500,L,€/L,,2024-07-10T23:59:59.999999999+01:00,PROSPECTUS,https://driveimg1.intermarche.com/pt/Content/images/boitmal/produit/zoom/742101EF53028A0048A920A4A9EEC720.jpg,,,,10,2
44763,5449000013231,1500.0,Sprite,"Refrigerante Lima Limão Zero Açúcar, garrafa 1.5 L",,0.99,0.66,1500,L,€/L,,2024-07-10T23:59:59.999999999+01:00,PROSPECTUS,https://driveimg1.intermarche.com/pt/Content/images/boitmal/produit/zoom/17AB303344211787482CED5E74F35A1B.jpg,,,,10,2
44796,5601151989531,1000.0,Pepsi,Refrigerante com gás,Garrafa de 1 l,0.99,0.99,1000,L,€/L,,2024-07-10T23:59:59.999999999+01:00,PROSPECTUS,https://driveimg1.intermarche.com/pt/Content/images/boitmal/produit/zoom/4256D8DEF1202551EDC9626264D69E43.jpg,,,,10,2
44914,5601119345379,160.0,Nobre,Vegalia especialidade vegetariana de soja,Lata com 8 unidades,2.09,13.06,0,kg,€/Kg,,2024-07-10T23:59:59.999999999+01:00,PROSPECTUS,https://driveimg1.intermarche.com/pt/Content/images/boitmal/produit/zoom/54ED9714421A275D2E718198BEFF1393.jpg,,,,10,2
44977,3600523916856,300.0,Elvive,Condicionador total repair,300 ml,3.94,13.13,300,L,€/L,,2024-07-10T23:59:59.999999999+01:00,PROSPECTUS,https://driveimg1.intermarche.com/pt/Content/images/boitmal/produit/zoom/9835CC731AB491F262068F6900858FED.jpg,,,,10,2
457,8888056708604,90.0,Koka,Massa instantânea com sabor a tomat,Embalagem de 90g,0.74,8.22,0,kg,€/Kg,,2024-07-10T23:59:59.999999999+01:00,PROSPECTUS,https://driveimg1.intermarche.com/pt/Content/images/boitmal/produit/zoom/4373842D4547A0691F453E9F59ABDBE7.jpg,,,,10,2
46477,5604260317080,1500.0,PorSi,Sangria tinta,Garrafa de 1.5 litros,1.69,1.13,1500,L,€/L,,2024-07-10T23:59:59.999999999+01:00,PROSPECTUS,https://driveimg1.intermarche.com/pt/Content/images/boitmal/produit/zoom/E66F94AA9CE9F7961A29ECAD0CA5F188.jpg,,,,10,2
46768,5601082046068,55.0,Delta Q,Café Qalidus XXL,Embalagem com 60 cápsulas,19.99,363.45,0,kg,€/Kg,,2024-07-10T23:59:59.999999999+01:00,PROSPECTUS,https://driveimg1.intermarche.com/pt/Content/images/boitmal/produit/zoom/2FDABFD124B07CB91B7546AA7A8E4A79.jpg,,,,10,2
47648,5601119355378,120.0,Nobre,Fiambre Perna Extra Braseado Finissimas,Embalagem de 120g,1.99,16.58,0,kg,€/Kg,,2024-07-10T23:59:59.999999999+01:00,PROSPECTUS,https://driveimg1.intermarche.com/pt/Content/images/boitmal/produit/zoom/45073CAB30F31F6D40B3DBFB7E59A4B9.jpg,,,,10,2
47650,5053990160075,160.0,Pringles,"Pringles flame spicy bbq, 160g",,2.39,14.94,0,kg,€/Kg,,2024-07-10T23:59:59.999999999+01:00,PROSPECTUS,https://driveimg1.intermarche.com/pt/Content/images/boitmal/produit/zoom/C15D700E6615FC0C5E656E08DF86D574.jpg,,,,10,2
47653,8414100306559,330.0,Schweppes,Ginger Ale,lata 33 cl,0.71,2.15,330,L,€/L,,2024-07-10T23:59:59.999999999+01:00,PROSPECTUS,https://driveimg1.intermarche.com/pt/Content/images/boitmal/produit/zoom/7266BD34E9D43F1FF4AC9272334226E1.jpg,,,,10,2
48145,5604260310517,500.0,PorSi,Filete peixe-gato-riscado,Embalagem de 500 g,4.99,9.98,0,kg,€/Kg,,2024-07-10T23:59:59.999999999+01:00,PROSPECTUS,https://driveimg1.intermarche.com/pt/Content/images/boitmal/produit/zoom/F100A73C00CA09CC939478B34A99A4B4.jpg,,,,10,2
48166,5604260314904,500.0,Labell,Sabonete líquido Marselha e Azeitona,Embalagem de 500 ml,1.19,2.38,500,L,€/L,,2024-07-10T23:59:59.999999999+01:00,PROSPECTUS,https://driveimg1.intermarche.com/pt/Content/images/boitmal/produit/zoom/BFB496FF8AB35CD8A786B92F3EDF0423.jpg,,,,10,2
49239,3600542226301,150.0,Ambre Solaire,Spray Bruma Autobronzeadora,Embalagem de 150 ml,8.39,55.93,150,L,€/L,,2024-08-07T23:59:59.999999999+01:00,PROSPECTUS,https://driveimg1.intermarche.com/pt/Content/images/boitmal/produit/zoom/4C276A7D7F474C88880C0A8FD6FEB717.jpg,,,,10,2
49475,5601146570027,3750.0,Sagres,Cerveja Mini,pack 15 x 25 cl,7.49,2.0,3750,L,€/L,,2024-07-10T23:59:59.999999999+01:00,PROSPECTUS,https://driveimg1.intermarche.com/pt/Content/images/boitmal/produit/zoom/2A9CDD69C05CD0571DDBA8FAB1D27E24.jpg,,,,10,3
49618,5601146100903,2500.0,Sagres,Cerveja Mini Preta,pack de 10 x 25 cl,5.59,2.24,2500,L,€/L,,2024-07-10T23:59:59.999999999+01:00,PROSPECTUS,https://driveimg1.intermarche.com/pt/Content/images/boitmal/produit/zoom/CA79925AF52D6A12BEA4BD887BEC3622.jpg,,,,10,3
49621,5604260320578,800.0,PorSi,Creme de Cenoura,800 g,1.99,2.49,0,kg,€/Kg,,2024-07-10T23:59:59.999999999+01:00,PROSPECTUS,https://driveimg1.intermarche.com/pt/Content/images/boitmal/produit/zoom/ABDAB26C6416265892B750AC8D2A3576.jpg,,,,10,3
49713,8720181225208,750.0,Cif,"Spray cozinha, garrafa de 750 ml",,2.69,3.59,750,L,€/L,,2024-07-10T23:59:59.999999999+01:00,PROSPECTUS,https://driveimg1.intermarche.com/pt/Content/images/boitmal/produit/zoom/ED1AC2B418124736F529D1471C8D06F6.jpg,,,,10,3
49763,5601050037579,460.0,Danone,"Iogurte Activia Fibras Aveia & Frutos Secos, 4 x 120g",,2.39,5.2,0,kg,€/Kg,,2024-07-10T23:59:59.999999999+01:00,PROSPECTUS,https://driveimg1.intermarche.com/pt/Content/images/boitmal/produit/zoom/D3105D0A7021B60785802EF13F61AE8F.jpg,,,,10,3
4987,5601012115505,750.0,Planalto,Vinho doc douro branco,Garrafa de 0.75 l,4.99,6.65,750,L,€/L,,2024-07-10T23:59:59.999999999+01:00,PROSPECTUS,https://driveimg1.intermarche.com/pt/Content/images/boitmal/produit/zoom/6C726FDABB211E05C4F7D5DBE4A94D76.jpg,,,,10,3
50027,5775345203373,700.0,Sunquick,Concentrado Laranja e Pêssego,Garrafa de 700 ml,5.19,7.41,700,L,€/L,,2024-07-10T23:59:59.999999999+01:00,PROSPECTUS,https://driveimg1.intermarche.com/pt/Content/images/boitmal/produit/zoom/0C66C20D7FFAE91A6E5B8A890E65B833.jpg,,,,10,3
50393,5411188136613,1000.0,Alpro,Alpro not milk clássica,Garrafa de 1 l,1.99,1.99,1000,L,€/L,,2024-07-10T23:59:59.999999999+01:00,PROSPECTUS,https://driveimg1.intermarche.com/pt/Content/images/boitmal/produit/zoom/7CE5F21FCA8DEED8ABE07C23B2B91786.jpg,,,,10,3
51280,5602348102733,240.0,Izidoro,Salsichas Frankfurt 12 Unidades,Embalagem de 240g,1.45,6.04,0,kg,€/Kg,,2024-07-10T23:59:59.999999999+01:00,PROSPECTUS,https://driveimg1.intermarche.com/pt/Content/images/boitmal/produit/zoom/533F3E58CC0E32367343E6B6E9DDD82D.jpg,,,,10,3
51427,8410436441766,,Vernel,Amaciador Concentrado Lírio Irresistível,70 doses,3.49,3.49,0,,€/Unidade,,2024-07-10T23:59:59.999999999+01:00,PROSPECTUS,https://driveimg1.intermarche.com/pt/Content/images/boitmal/produit/zoom/DE9021DA501490230A96ECEA8DFE738E.jpg,,,,10,3
51429,8410436441582,,Vernel,Amaciador Concentrado Magia De Magnólia,70 doses,3.49,3.49,0,,€/Unidade,,2024-07-10T23:59:59.999999999+01:00,PROSPECTUS,https://driveimg1.intermarche.com/pt/Content/images/boitmal/produit/zoom/62706D733A79A883B313F5BDFF7369D2.jpg,,,,10,3
51883,5600787049046,400.0,Kombucha,"Bebida Probiótica Biológica, garrafa de 400 ml",,1.79,4.48,400,L,€/L,Produtos Bio,2024-07-10T23:59:59.999999999+01:00,PROSPECTUS,https://driveimg1.intermarche.com/pt/Content/images/boitmal/produit/zoom/46DCE6BB7E01C0D8FB3EA6DA3C822896.jpg,,,,10,3
52013,5601146100026,1000.0,Sagres,Cerveja com Álcool preta,Garrafa de 1 l,1.74,1.74,1000,L,€/L,,2024-07-10T23:59:59.999999999+01:00,PROSPECTUS,https://driveimg1.intermarche.com/pt/Content/images/boitmal/produit/zoom/8EDCC3FD0D7835AFB60E55A1E05FEB5F.jpg,,,,10,3
52175,5449000217165,1980.0,Coca-Cola,Coca-cola zero açúcar,6x330ml lata,4.09,2.07,1980,L,€/L,,2024-07-10T23:59:59.999999999+01:00,PROSPECTUS,https://driveimg1.intermarche.com/pt/Content/images/boitmal/produit/zoom/4B6249F0F7100CA2FBC5C6A963F6050E.jpg,,,,10,3
52302,3600542512428,400.0,Garnier,Champô Ultra Suave Carvão,Embalagem de 400ml,3.79,9.48,400,L,€/L,Produtos Bio,2024-07-10T23:59:59.999999999+01:00,PROSPECTUS,https://driveimg1.intermarche.com/pt/Content/images/boitmal/produit/zoom/8126B6DDAA84D0A1234F6E7D42BC7B29.jpg,,,,10,3
52831,5411188139386,750.0,Alpro,"Bebida Soja Alto Teor Proteína, 750 ml",,1.89,2.52,750,L,€/L,,2024-07-10T23:59:59.999999999+01:00,PROSPECTUS,https://driveimg1.intermarche.com/pt/Content/images/boitmal/produit/zoom/A3AC0E87F36C2A77696E57308C8094AC.jpg,,,,10,3
52852,8410500002961,480.0,Danone,"Iogurte Bifidus Activia Natural 0%, 4x120g",,1.99,4.15,0,kg,€/Kg,,2024-07-10T23:59:59.999999999+01:00,PROSPECTUS,https://driveimg1.intermarche.com/pt/Content/images/boitmal/produit/zoom/CD7DFBBF094FC1261DAB3BCE89B92844.jpg,,,,10,3
52938,5601217137746,,Finish,"Detergente Loiça Máquina Power Regular, 60 unidades",,11.98,11.98,60,,€/Unidade,,2024-07-10T23:59:59.999999999+01:00,PROSPECTUS,https://driveimg1.intermarche.com/pt/Content/images/boitmal/produit/zoom/E450243CCF850E82EF5ADC69AB281BA1.jpg,,,,10,3
53246,5601019005984,350.0,Guloso,"Molho Tomate Salsa e Alho, 350g",,3.55,10.14,0,kg,€/Kg,,2024-07-10T23:59:59.999999999+01:00,PROSPECTUS,https://driveimg1.intermarche.com/pt/Content/images/boitmal/produit/zoom/505843663155B42ED722B31E63F42A30.jpg,,,,10,3
53295,8414100301240,1000.0,Schweppes,"Água Tónica Regular Zero, garrafa de 1l",,1.64,1.64,1000,L,€/L,,2024-07-10T23:59:59.999999999+01:00,PROSPECTUS,https://driveimg1.intermarche.com/pt/Content/images/boitmal/produit/zoom/AEC285B8796F6030DCD987BA7BB072F4.jpg,,,,10,3
53727,8006540213872,340.0,Fairy,Detergente Manual Loiça Jasmim Rosa,Embalagem de 340ml,1.59,4.68,340,L,€/L,,2024-07-10T23:59:59.999999999+01:00,PROSPECTUS,https://driveimg1.intermarche.com/pt/Content/images/boitmal/produit/zoom/5CCCE87F658551BD9363E76DA9F89670.jpg,,,,10,3
5584,5602107003127,50.0,SAN ZE,Aperitivos couratos,Embalagem de 50 g,1.0,20.0,0,kg,€/Kg,,2024-07-10T23:59:59.999999999+01:00,PROSPECTUS,https://driveimg1.intermarche.com/pt/Content/images/boitmal/produit/zoom/04AEBBA050EB9CA81396FB9D636BF636.jpg,,,,10,3
6477,8410437531008,750.0,Cif,Desinfetante em gel p/ wc,Garrafa de 750 ml,1.49,1.99,750,L,€/L,,2024-07-10T23:59:59.999999999+01:00,PROSPECTUS,https://driveimg1.intermarche.com/pt/Content/images/boitmal/produit/zoom/F80AEED5DC0E17CB3B3BE1F09E46AB95.jpg,,,,10,3
7665,4005808479672,200.0,Nivea Sun,Loção Hidratante para Depois do Sol,Embalagem de 200 ml,7.19,35.95,200,L,€/L,,2024-08-07T23:59:59.999999999+01:00,PROSPECTUS,https://driveimg1.intermarche.com/pt/Content/images/boitmal/produit/zoom/3BB63D862CF0C67151906C0FDD26EABE.jpg,,,,10,3
8396,5601049614330,250.0,Milhafre,Manteiga com sal,Embalagem de 250g,1.99,7.96,0,kg,€/Kg,,2024-07-10T23:59:59.999999999+01:00,PROSPECTUS,https://driveimg1.intermarche.com/pt/Content/images/boitmal/produit/zoom/8DCB9F2F3B36086D35B7173891ABA268.jpg,,,,10,3
8397,5601050016017,600.0,Danone,"Danacol morango,  6 x 100 g",,2.99,4.98,0,kg,€/Kg,,2024-07-10T23:59:59.999999999+01:00,PROSPECTUS,https://driveimg1.intermarche.com/pt/Content/images/boitmal/produit/zoom/5124A44EE2066C8E1CF52CF325D9AAB2.jpg,,,,10,3
848,5000189974579,200.0,Kit Kat,Chocolate mini,Embalagem de 200g,2.89,14.45,0,kg,€/Kg,,2024-07-10T23:59:59.999999999+01:00,PROSPECTUS,https://driveimg1.intermarche.com/pt/Content/images/boitmal/produit/zoom/33F684DC544CDCED4E93A337A33052D5.jpg,,,,10,3
8520,5601119956490,120.0,Nobre,Fiambre perna extra finissimos fatiado,Embalagem de 120g,1.99,16.58,0,kg,€/Kg,,2024-07-10T23:59:59.999999999+01:00,PROSPECTUS,https://driveimg1.intermarche.com/pt/Content/images/boitmal/produit/zoom/A7AE9A4CE77B2E0C74B78D8E6FD0475C.jpg,,,,10,3
8521,5601119956810,120.0,Nobre,Fiambre perna extra fatiado,Embalagem de 120g,1.99,16.58,0,kg,€/Kg,,2024-07-10T23:59:59.999999999+01:00,PROSPECTUS,https://driveimg1.intermarche.com/pt/Content/images/boitmal/produit/zoom/92F6E974DF0D1BEE6EC9B9E40F884B8B.jpg,,,,10,3
862,5010394997461,70.0,Pedigree,Guloseima para cão rodeo,Embalagem de 70g,1.64,23.43,0,kg,€/Kg,,2024-07-10T23:59:59.999999999+01:00,PROSPECTUS,https://driveimg1.intermarche.com/pt/Content/images/boitmal/produit/zoom/6009D231E426C6E17B47FD860C0D3864.jpg,,,,10,3
9184,5602348062754,70.0,Damatta,Presunto sabor português fatiado,Embalagem de 70 g,2.29,32.71,0,kg,€/Kg,,2024-07-10T23:59:59.999999999+01:00,PROSPECTUS,https://driveimg1.intermarche.com/pt/Content/images/boitmal/produit/zoom/0A14ED361A0023E1AFBFC3FC3C5833B1.jpg,,,,10,3
9255,5603124024140,550.0,Mistolin,Tira gorduras recarga,Garrafa de 550 ml,2.28,4.15,550,L,€/L,,2024-07-10T23:59:59.999999999+01:00,PROSPECTUS,https://driveimg1.intermarche.com/pt/Content/images/boitmal/produit/zoom/31FDA54CC7088DA8DC03FDBEA4FCDE3B.jpg,,,,10,3
959,5601019012418,1000.0,Guloso,Polpa de Tomate,Embalagem de 1 kg,1.79,1.79,0,kg,€/Kg,,2024-07-10T23:59:59.999999999+01:00,PROSPECTUS,https://driveimg1.intermarche.com/pt/Content/images/boitmal/produit/zoom/3B354CF768C18B28FB1B1316955F339F.jpg,,,,10,3
979,5601024134471,750.0,Oliveira da Serra,Azeite Virgem,Embalagem de 750 ml,6.99,9.32,750,L,€/L,,2024-07-10T23:59:59.999999999+01:00,PROSPECTUS,https://driveimg1.intermarche.com/pt/Content/images/boitmal/produit/zoom/32A5EFAE1A78DF80856528FEA48BA60C.jpg,,,,10,3
405,8712566410910,280.0,Calvé,Ketchup,Embalagem de 280g,1.84,6.57,0,kg,€/Kg,,2024-07-10T23:59:59.999999999+01:00,PROSPECTUS,https://driveimg1.intermarche.com/pt/Content/images/boitmal/produit/zoom/D7E099A6ABAECF4C5D06260734A2C975.jpg,https://driveimg1.intermarche.com/pt/Content/images/boitmal/produit/zoom/0D7B165FF00CA45BD8F6AC077E3CA1EC.jpg,https://driveimg1.intermarche.com/pt/Content/images/boitmal/produit/zoom/0D7B165FF00CA45BD8F6AC077E3CA1EC.jpg,,10,3
26639,2696604000000,60.0,Pastelaria,Napolitana de Chocolate,60 g,0.65,10.83,0,kg,€/Kg,,2024-07-10T23:59:59.999999999+01:00,PROSPECTUS,https://driveimg1.intermarche.com/pt/Content/images/boitmal/produit/zoom/E74933C24C59920D728E6B1157C24E50.jpg,,,,10,3
17827,5603344531022,110.0,General,Atum posta em óleo,Embalagem de 110g,1.19,10.82,0,kg,€/Kg,,2024-07-10T23:59:59.999999999+01:00,PROSPECTUS,https://driveimg1.intermarche.com/pt/Content/images/boitmal/produit/zoom/0B70BBA12E696DF4BBA1975714F843B4.jpg,,,,10,3
49359,5601146700066,6000.0,Sagres,Cerveja Mini,pack 24 x 0.25 l,11.49,1.92,6000,L,€/L,,2024-07-10T23:59:59.999999999+01:00,PROSPECTUS,https://driveimg1.intermarche.com/pt/Content/images/boitmal/produit/zoom/6C2425FE0470CC14A198CD6F86FC4300.jpg,https://driveimg1.intermarche.com/pt/Content/images/boitmal/produit/zoom/B2E3D57423A20C8E7B4C1173F1457C2E.jpg,,,10,3
16857,5603344531114,110.0,General,Atum natural,Embalagem de 110g,1.09,9.91,0,kg,€/Kg,,2024-07-10T23:59:59.999999999+01:00,PROSPECTUS,https://driveimg1.intermarche.com/pt/Content/images/boitmal/produit/zoom/134BCB035260DA080E0EB7CE51D7253D.jpg,,,,10,3
11656,5601195510128,1000.0,Pedras Salgadas,Água com gás limão,pack 4 x 0.25 l,2.19,2.19,1000,L,€/L,,2024-07-10T23:59:59.999999999+01:00,PROSPECTUS,https://driveimg1.intermarche.com/pt/Content/images/boitmal/produit/zoom/9870F7D10B9ED7376F5917B0306BAC76.jpg,,,,10,3
4110,3250393073519,2500.0,Kings Bräu,Panaché,"Embalagem de 10x0,25 l",3.19,1.28,2500,L,€/L,,2024-07-10T23:59:59.999999999+01:00,PROSPECTUS,https://driveimg1.intermarche.com/pt/Content/images/boitmal/produit/zoom/3577F9C513F9B4EC2D2C843B989BE43F.jpg,,,,10,3
13175,2893160000000,300.0,Marisco,Mexilhão Médio Fresco,Vendido ao peso,0.69,2.29,0,,€/Kg,,2024-07-10T23:59:59.999999999+01:00,PROSPECTUS,https://driveimg1.intermarche.com/pt/Content/images/boitmal/produit/zoom/1B99F057F8C4C1BA9A19D558FEEB76B4.jpg,,,,10,3
27489,8434165466395,168.0,Cuétara,Bolacha tosta rica choco guay,Embalagem de 170g,1.69,10.06,0,kg,€/Kg,,2024-07-10T23:59:59.999999999+01:00,PROSPECTUS,https://driveimg1.intermarche.com/pt/Content/images/boitmal/produit/zoom/DEDEA09A4AED851A280232AF3C2BFB2A.jpg,,,,10,3
10095,8435257040899,640.0,Nestlé,"Iogurte líquido yoggi morango,  4 x 160 g",,1.99,3.11,0,kg,€/Kg,,2024-07-10T23:59:59.999999999+01:00,PROSPECTUS,https://driveimg1.intermarche.com/pt/Content/images/boitmal/produit/zoom/F1F347BA34EB28F1148C3C442A42CC17.jpg,,,,10,3
14865,2696212000000,,Pastelaria,Folhado Misto 90 g,,0.69,0.69,0,,€/Unidade,,2024-07-10T23:59:59.999999999+01:00,PROSPECTUS,https://driveimg1.intermarche.com/pt/Content/images/boitmal/produit/zoom/9A6753DB758F20AE554301F0A4A50040.jpg,,,,10,3
12943,2892087000000,1500.0,Fruta,Mamão,"1 un = 1,5 kg (aprox.)",5.84,3.89,0,,€/Kg,,2024-07-10T23:59:59.999999999+01:00,PROSPECTUS,https://driveimg1.intermarche.com/pt/Content/images/boitmal/produit/zoom/7BEA239E9FBE1F40B72B7D640F731AC1.jpg,,,,10,3
43882,5604260309344,600.0,PorSi,Batatas Pré-fritas Rosti com Cebola,Embalagem com 600 g,1.79,2.98,0,kg,€/Kg,Tipo de stockagem,2024-07-10T23:59:59.999999999+01:00,PROSPECTUS,https://driveimg1.intermarche.com/pt/Content/images/boitmal/produit/zoom/4214463AAF30BCC412648AFBE141ED64.jpg,,,,10,3
13566,2893560000000,250.0,Congelado de Aquicultura,Camarão Congelado 20/30,1 un = 250 gr  (aprox.),2.25,8.99,0,,€/Kg,Avantages !,2024-07-10T23:59:59.999999999+01:00,PROSPECTUS,https://driveimg1.intermarche.com/pt/Content/images/boitmal/produit/zoom/863DB9F10BE616A55736AB7A17BC6BB5.jpg,,,,10,3
35983,5601027972735,700.0,Bimbo,Pão de forma torradas familiares,Embalagem de 700 g,1.99,2.84,0,kg,€/Kg,,2024-07-10T23:59:59.999999999+01:00,PROSPECTUS,https://driveimg1.intermarche.com/pt/Content/images/boitmal/produit/zoom/235876653DE3C23FDDF51ADFA446C532.jpg,,,,10,3
40593,5603722519406,480.0,Mimosa,"Iogurte fruta batida morango,  480g",,1.69,3.52,0,kg,€/Kg,,2024-07-10T23:59:59.999999999+01:00,PROSPECTUS,https://driveimg1.intermarche.com/pt/Content/images/boitmal/produit/zoom/0A57F6445B7C1C182B7075A26403537D.jpg,,,,10,3
931,5601001228100,300.0,Nestum,Nestum flocos de cereais com mel,Embalagem de 300g,2.24,7.47,0,kg,€/Kg,,2024-07-10T23:59:59.999999999+01:00,PROSPECTUS,https://driveimg1.intermarche.com/pt/Content/images/boitmal/produit/zoom/3533A13BC534891673C8C96375839B78.jpg,,,,10,3
1163,5601089080614,20.0,Boca Doce,Pudim de caramelo,Embalagem de 20g,0.45,22.5,0,kg,€/Kg,,2024-07-10T23:59:59.999999999+01:00,PROSPECTUS,https://driveimg1.intermarche.com/pt/Content/images/boitmal/produit/zoom/FA0AE8DD57417DCB8FC83196C791AFF6.jpg,,,,10,3
25397,8426617014032,90.0,Haribo,Gomas favoritos açúcar,Embalagem de 90g,0.99,11.0,0,kg,€/Kg,,2024-07-10T23:59:59.999999999+01:00,PROSPECTUS,https://driveimg1.intermarche.com/pt/Content/images/boitmal/produit/zoom/CB2D3A429B70394C527322D309B14285.jpg,,,,10,3
17665,8712100745591,753.0,Calvé,Maionese XXL,Embalagem de 753 g,3.69,4.9,0,kg,€/Kg,,2024-07-10T23:59:59.999999999+01:00,PROSPECTUS,https://driveimg1.intermarche.com/pt/Content/images/boitmal/produit/zoom/69DD5C01FA6303DE3BD821864A539AC3.jpg,,,,10,3
31281,5607233508812,750.0,Panrico,Pao branco familiar 750g              *5,Embalagem de 750g,1.99,2.65,0,kg,€/Kg,,2024-07-10T23:59:59.999999999+01:00,PROSPECTUS,https://driveimg1.intermarche.com/pt/Content/images/boitmal/produit/zoom/2A1399B0ABFEC7151DB24ED14750E39A.jpg,,,,10,3
1187,5601119007963,120.0,Nobre,6 Salsichas de porco,Lata de 120g,1.19,9.92,0,kg,€/Kg,,2024-07-10T23:59:59.999999999+01:00,PROSPECTUS,https://driveimg1.intermarche.com/pt/Content/images/boitmal/produit/zoom/120DC1535B1AFA150D13CE3A5CE70137.jpg,,,,10,3
15507,5601050031621,480.0,Danone,"Iogurte activia cremoso coco,  4 x 120 g",,1.99,4.15,0,kg,€/Kg,,2024-07-10T23:59:59.999999999+01:00,PROSPECTUS,https://driveimg1.intermarche.com/pt/Content/images/boitmal/produit/zoom/05783495E4A676779F417115EB52CFE8.jpg,,,,10,3
1711,5604055118410,6000.0,Fastio,Água mineral sem gás,Pack 4 x 1.5 l,2.19,0.37,6000,L,€/L,,2024-07-10T23:59:59.999999999+01:00,PROSPECTUS,https://driveimg1.intermarche.com/pt/Content/images/boitmal/produit/zoom/D752782D333887B2C323D1E3E74AC4E9.jpg,,,,10,3
25811,8426617013400,90.0,Haribo,Gomas favoritos pica,Embalagem de 90g,0.99,11.0,0,kg,€/Kg,,2024-07-10T23:59:59.999999999+01:00,PROSPECTUS,https://driveimg1.intermarche.com/pt/Content/images/boitmal/produit/zoom/F06F3E48CABC66B0D25DCF6D4ADB977F.jpg,,,,10,3
39864,5604321029167,1000.0,Cemporcento,Flocos de aveia finos integrais,Embalagem de 1 kg,1.79,1.79,0,kg,€/Kg,,2024-07-10T23:59:59.999999999+01:00,PROSPECTUS,https://driveimg1.intermarche.com/pt/Content/images/boitmal/produit/zoom/BB4E751A6DCEB5B13C3FF43899FC70EC.jpg,,,,10,3
43756,8410500026363,480.0,Danone,"Iogurte Activia 0% aveia e linhaça,  4 x 120 g",,2.39,4.98,0,kg,€/Kg,,2024-07-10T23:59:59.999999999+01:00,PROSPECTUS,https://driveimg1.intermarche.com/pt/Content/images/boitmal/produit/zoom/E57678E975E0133AA749A66A9BC6FE48.jpg,,,,10,3
46518,5000204208856,750.0,WC Pato,"Líquido sanitário ação total menta, 750 ml",,1.94,2.59,750,L,€/L,,2024-07-10T23:59:59.999999999+01:00,PROSPECTUS,https://driveimg1.intermarche.com/pt/Content/images/boitmal/produit/zoom/0233D129A9EC0388789C44988374A6C5.jpg,,,,10,3
9989,8000430133035,125.0,Galbani,Queijo mozzarella fresca,Embalagem de 125 g,1.59,12.72,0,kg,€/Kg,,2024-07-10T23:59:59.999999999+01:00,PROSPECTUS,https://driveimg1.intermarche.com/pt/Content/images/boitmal/produit/zoom/605C9FB94611B32191667C7EDC36EC8E.jpg,,,,10,3
10091,8410100059839,360.0,Nestlé,"Queijinho petit nesquik,  6 x 60 g",,2.79,7.75,0,kg,€/Kg,,2024-07-10T23:59:59.999999999+01:00,PROSPECTUS,https://driveimg1.intermarche.com/pt/Content/images/boitmal/produit/zoom/DBBACE0B574A9C35FF94ECEF6B014E4C.jpg,,,,10,3
1165,5601089080638,20.0,Boca Doce,Pudim morango,Embalagem de 20g,0.45,22.5,0,kg,€/Kg,,2024-07-10T23:59:59.999999999+01:00,PROSPECTUS,https://driveimg1.intermarche.com/pt/Content/images/boitmal/produit/zoom/288A6DAD6E5E135036AEEDCA36F5A498.jpg,,,,10,3
12237,7613034725936,390.0,Nesquik,Achocolatado em pó extra chocolate,Embalagem de 390g,4.39,11.26,0,kg,€/Kg,,2024-07-10T23:59:59.999999999+01:00,PROSPECTUS,https://driveimg1.intermarche.com/pt/Content/images/boitmal/produit/zoom/BB833C246FA0F7BBDDFD7107AA28A5C9.jpg,,,,10,3
1279,5601151123362,1000.0,Bongo,Néctar de 8 frutos,Garrafa de 1 l,1.19,1.19,1000,L,€/L,,2024-07-10T23:59:59.999999999+01:00,PROSPECTUS,https://driveimg1.intermarche.com/pt/Content/images/boitmal/produit/zoom/A385521CD93D23B64326FFF286275FD6.jpg,,,,10,3
14000,2696303000000,,Pastelaria,Bolo de Arroz 70 g,,0.69,0.69,0,,€/Unidade,,2024-07-10T23:59:59.999999999+01:00,PROSPECTUS,https://driveimg1.intermarche.com/pt/Content/images/boitmal/produit/zoom/1820F6FA8B5208330B464578E6A91559.jpg,,,,10,3
22254,3600542027533,250.0,Ultra Suave,Champô Limão & Argila,Embalagem de 400 ml,3.79,15.16,250,L,€/L,,2024-07-10T23:59:59.999999999+01:00,PROSPECTUS,https://driveimg1.intermarche.com/pt/Content/images/boitmal/produit/zoom/E3CC3793DBEA441FB5E435D1445DE8F2.jpg,,,,10,3
30721,5601883270013,150.0,Nova Açores,Queijo da ilha fatiado,Embalagem de 150g,1.79,11.93,0,kg,€/Kg,,2024-07-10T23:59:59.999999999+01:00,PROSPECTUS,https://driveimg1.intermarche.com/pt/Content/images/boitmal/produit/zoom/10D73E639C6863D311DF928EA5B5A457.jpg,,,,10,3
32560,8006540808610,440.0,Fairy,Detergente Manual Loiça Maxi Poder Limão,440 ml,2.99,6.8,440,L,€/L,,2024-07-10T23:59:59.999999999+01:00,PROSPECTUS,https://driveimg1.intermarche.com/pt/Content/images/boitmal/produit/zoom/76939BBBBC7A9CB088990F95841C1714.jpg,,,,10,3
48941,8720182315366,750.0,Cif,"Spray power&shine casa de banho, garrafa de 750 ml",,2.69,3.59,750,L,€/L,,2024-07-10T23:59:59.999999999+01:00,PROSPECTUS,https://driveimg1.intermarche.com/pt/Content/images/boitmal/produit/zoom/AD5F485ABE320AEE2A1ABC85B3C6A81D.jpg,,,,10,3
1162,5601089080607,20.0,Boca Doce,Pudim baunilha,Embalagem de 20g,0.45,22.5,0,kg,€/Kg,,2024-07-10T23:59:59.999999999+01:00,PROSPECTUS,https://driveimg1.intermarche.com/pt/Content/images/boitmal/produit/zoom/BA3284B2E68350973B8135419AE564DE.jpg,,,,10,3
11687,5601244202158,400.0,Terra Nostra,Queijo fatias -50% gordura,Embalagem de 400g,4.09,10.23,0,kg,€/Kg,,2024-07-10T23:59:59.999999999+01:00,PROSPECTUS,https://driveimg1.intermarche.com/pt/Content/images/boitmal/produit/zoom/CCCF8966A6691863BD8AEE552A96BE72.jpg,,,,10,3
1196,5601119942608,200.0,Nobre,Salsichas de aves,Lata de 200 g,1.49,7.45,0,kg,€/Kg,,2024-07-10T23:59:59.999999999+01:00,PROSPECTUS,https://driveimg1.intermarche.com/pt/Content/images/boitmal/produit/zoom/E7AAE34DF3D6C2B149A624A478B3E3DF.jpg,,,,10,3
12472,8435257040837,640.0,Nestlé,"Iogurte líquido yoggi limonada,  4 x 160 g",,1.99,3.11,0,kg,€/Kg,,2024-07-10T23:59:59.999999999+01:00,PROSPECTUS,https://driveimg1.intermarche.com/pt/Content/images/boitmal/produit/zoom/586B0CAE1B2B9AD94476E81C9AFC81A0.jpg,,,,10,3
15810,3094900059593,75.0,Aquafresh,Pasta Dentífrica Menta Suave,Embalagem de 75 ml,1.85,24.67,75,L,€/L,,2024-07-10T23:59:59.999999999+01:00,PROSPECTUS,https://driveimg1.intermarche.com/pt/Content/images/boitmal/produit/zoom/36417FD84E6918863BC4A9B51808C017.jpg,,,,10,3
25517,5601195610040,1000.0,Pedras Salgadas,Pedras limão,Garrafa de 1 l,1.49,1.49,1000,L,€/L,,2024-07-10T23:59:59.999999999+01:00,PROSPECTUS,https://driveimg1.intermarche.com/pt/Content/images/boitmal/produit/zoom/3E5348645AACE7FB3B22BE4DA60476CE.jpg,,,,10,3
25906,8412600071144,650.0,Bimbo,"Pão de forma especial torradas s/ côdea, 650g",,2.09,3.22,0,kg,€/Kg,,2024-07-10T23:59:59.999999999+01:00,PROSPECTUS,https://driveimg1.intermarche.com/pt/Content/images/boitmal/produit/zoom/FE072CBAE2B254D11818DC4B4A08F173.jpg,,,,10,3
38557,5601027004764,315.0,Manhãzitos,Manhãzitos® planetus 9x2 un.,Embalagem de 315g,2.89,9.17,0,kg,€/Kg,,2024-07-10T23:59:59.999999999+01:00,PROSPECTUS,https://driveimg1.intermarche.com/pt/Content/images/boitmal/produit/zoom/9668562796F86C61BB4FA95BDBF9C111.jpg,,,,10,3
40594,5603722519468,480.0,Mimosa,"Iogurte fruta batida banana e morango, 480g",,1.69,3.52,0,kg,€/Kg,,2024-07-10T23:59:59.999999999+01:00,PROSPECTUS,https://driveimg1.intermarche.com/pt/Content/images/boitmal/produit/zoom/83F30AB91BC8058647F32CB83B2AAD16.jpg,,,,10,3
452,8888056603862,90.0,Koka,Massa instantânea com sabor a galinha,Embalagem de 90g,0.74,8.22,0,kg,€/Kg,,2024-07-10T23:59:59.999999999+01:00,PROSPECTUS,https://driveimg1.intermarche.com/pt/Content/images/boitmal/produit/zoom/1520284749AC802D1FA250F776975AE2.jpg,,,,10,3
45424,5449000205551,1500.0,Sprite,Refrigerante com gás lima limão,Garrafa de 1.5 l,0.99,0.66,1500,L,€/L,,2024-07-10T23:59:59.999999999+01:00,PROSPECTUS,https://driveimg1.intermarche.com/pt/Content/images/boitmal/produit/zoom/435BA3924DACD7858B68099757279D0D.jpg,,,,10,3
51516,5000204242676,750.0,WC Pato,"Líquido Sanitário Biodegradável, 750 ml",,1.69,2.25,750,L,€/L,,2024-07-10T23:59:59.999999999+01:00,PROSPECTUS,https://driveimg1.intermarche.com/pt/Content/images/boitmal/produit/zoom/A52D20BC4663DAC31D8BC9280D80BD62.jpg,,,,10,3
854,5010394133852,500.0,Pedigree,Guloseima para cão biscrok,Embalagem de 500 g,3.49,6.98,0,kg,€/Kg,,2024-07-10T23:59:59.999999999+01:00,PROSPECTUS,https://driveimg1.intermarche.com/pt/Content/images/boitmal/produit/zoom/C3696C3844F67065BEA83C1D5D8C7EB1.jpg,,,,10,3
8672,5601164902589,5000.0,Super Bock,Cerveja Mini,Pack 20 x 25 cl,9.99,2.0,5000,L,€/L,,2024-07-10T23:59:59.999999999+01:00,PROSPECTUS,https://driveimg1.intermarche.com/pt/Content/images/boitmal/produit/zoom/FD142F0CD2C15C33B72ED63E577444D5.jpg,,,,10,3
12825,3600522282006,400.0,Elvive,Champô Arginina,Embalagem de 400 ml,3.99,9.98,400,L,€/L,,2024-07-10T23:59:59.999999999+01:00,PROSPECTUS,https://driveimg1.intermarche.com/pt/Content/images/boitmal/produit/zoom/832D274A47C2AA7B477B5C7301E042D6.jpg,,,,10,3
16493,8718951037939,500.0,Ajax,"Limpa vidros pistola, cristal",Embalagem de 500 ml,1.97,3.94,500,L,€/L,,2024-07-10T23:59:59.999999999+01:00,PROSPECTUS,https://driveimg1.intermarche.com/pt/Content/images/boitmal/produit/zoom/E563EF990460546D67BF949773E0A516.jpg,,,,10,3
25275,5775345121578,700.0,Sunquick,Concentrado de laranja,Garrafa de 700 ml,5.19,7.41,700,L,€/L,,2024-07-10T23:59:59.999999999+01:00,PROSPECTUS,https://driveimg1.intermarche.com/pt/Content/images/boitmal/produit/zoom/8F6159314AFA9ACA4FB2EC88A7BBF04D.jpg,,,,10,3
34268,5601164111349,1200.0,Super Bock,Cerveja Mini,Pack 6 x 200 ml,3.29,2.74,1200,L,€/L,,2024-07-10T23:59:59.999999999+01:00,PROSPECTUS,https://driveimg1.intermarche.com/pt/Content/images/boitmal/produit/zoom/65CC419CB9E3AFC7E36E9924A6D82E01.jpg,,,,10,3
34404,7613034675842,198.0,Lion,Chocolate lion mini,Embalagem de 198 g,2.89,14.6,0,kg,€/Kg,,2024-07-10T23:59:59.999999999+01:00,PROSPECTUS,https://driveimg1.intermarche.com/pt/Content/images/boitmal/produit/zoom/E01713645BBE2905958004B9A9FB13F5.jpg,,,,10,3
36183,5604736300097,100.0,Maria Batata,Batata doce frita,embalagem de 100 g,1.74,17.4,0,kg,€/Kg,,2024-07-10T23:59:59.999999999+01:00,PROSPECTUS,https://driveimg1.intermarche.com/pt/Content/images/boitmal/produit/zoom/71A1C6E59EDA9EE5A4876F3C1F68F50F.jpg,,,,10,3
45773,5054563087829,75.0,Aquafresh,"Pasta dentífrica eucalipto, lima e menta",Embalagem de 75ml,1.85,24.67,75,L,€/L,,2024-07-10T23:59:59.999999999+01:00,PROSPECTUS,https://driveimg1.intermarche.com/pt/Content/images/boitmal/produit/zoom/9BD714E3A534CEE4C22E5ACF847E84CE.jpg,,,,10,3
8068,5011417544679,400.0,Finish,Abrilhantador p/ máquina de lavar loiça,Garrafa de 400 ml,4.99,12.48,400,L,€/L,,2024-07-10T23:59:59.999999999+01:00,PROSPECTUS,https://driveimg1.intermarche.com/pt/Content/images/boitmal/produit/zoom/5D045CC65EE222532216DB5B0BF2A582.jpg,,,,10,3
9078,5601883000351,250.0,Nova Açores,Manteiga com sal,Embalagem de 250g,1.99,7.96,0,kg,€/Kg,,2024-07-10T23:59:59.999999999+01:00,PROSPECTUS,https://driveimg1.intermarche.com/pt/Content/images/boitmal/produit/zoom/B374003B4D850F2B18FB43590E1FCCC4.jpg,,,,10,3
1191,5601119009660,180.0,Nobre,Mini salsichas cocktail,lata de 180g,1.79,9.94,0,kg,€/Kg,,2024-07-10T23:59:59.999999999+01:00,PROSPECTUS,https://driveimg1.intermarche.com/pt/Content/images/boitmal/produit/zoom/823F6F019E644C8CAAB58DB89986EEFD.jpg,,,,10,3
1337,5601165100786,50.0,Calvé,Piri piri,Garrafa de 50 ml,1.68,33.6,50,L,€/L,,2024-07-10T23:59:59.999999999+01:00,PROSPECTUS,https://driveimg1.intermarche.com/pt/Content/images/boitmal/produit/zoom/008C8E9F15AC26570DA04227E6BC4B56.jpg,,,,10,3
18080,5601008100560,168.0,Vieira,Bolachas água e sal doces,Embalagem de 170g,1.99,11.85,0,kg,€/Kg,,2024-07-10T23:59:59.999999999+01:00,PROSPECTUS,https://driveimg1.intermarche.com/pt/Content/images/boitmal/produit/zoom/8B7FFF96649C214D2C1F59409B1A23A6.jpg,,,,10,3
18426,3600541887817,400.0,Ultra Suave,Champô Delicias de Aveia,Embalagem de 400 ml,3.79,9.48,400,L,€/L,,2024-07-10T23:59:59.999999999+01:00,PROSPECTUS,https://driveimg1.intermarche.com/pt/Content/images/boitmal/produit/zoom/6E178A060EBA624F1168DFA6C596E4DF.jpg,,,,10,3
18619,5014328054756,32.0,Tetley,Chá de frutos vermelhos,Embalagem de 30g,1.84,57.5,0,kg,€/Kg,,2024-07-10T23:59:59.999999999+01:00,PROSPECTUS,https://driveimg1.intermarche.com/pt/Content/images/boitmal/produit/zoom/C5BC5DEA999699289F39F909DAD82BA7.jpg,,,,10,3
20263,5000116110889,180.0,Iglo,Crocantes de frango original,Embalagem de 180g,3.74,20.78,0,kg,€/Kg,Tipo de stockagem,2024-07-10T23:59:59.999999999+01:00,PROSPECTUS,https://driveimg1.intermarche.com/pt/Content/images/boitmal/produit/zoom/4233EA8D8C7E2BCB4DD87490668F64B2.jpg,,,,10,4
20264,5000116110872,180.0,Iglo,Crocantes frango parmesão e ervas,Embalagem de 180g,3.74,20.78,0,kg,€/Kg,Tipo de stockagem,2024-07-10T23:59:59.999999999+01:00,PROSPECTUS,https://driveimg1.intermarche.com/pt/Content/images/boitmal/produit/zoom/D8CF2D65B55930225EB9E80FCB37828C.jpg,,,,10,4
2409,5608543000157,10.0,Tetley,Infusão de camomila,Embalagem de 10g,0.89,89.0,0,kg,€/Kg,,2024-07-10T23:59:59.999999999+01:00,PROSPECTUS,https://driveimg1.intermarche.com/pt/Content/images/boitmal/produit/zoom/C995769A7E3ACBF1E8869F2AEDA95DF9.jpg,,,,10,4
35888,5601151973752,3500.0,Sumol,Refrigerante com gás de ananás,2 x 1.75 l,3.58,1.02,3500,L,€/L,,2024-07-10T23:59:59.999999999+01:00,PROSPECTUS,https://driveimg1.intermarche.com/pt/Content/images/boitmal/produit/zoom/68773B223AE7A67890FF88C1F868EAA5.jpg,,,,10,4
39510,5604321029136,400.0,Cemporcento,Flocos de aveia finos integrais bio,Embalagem de 400g,1.09,2.73,0,kg,€/Kg,Produtos Bio,2024-07-10T23:59:59.999999999+01:00,PROSPECTUS,https://driveimg1.intermarche.com/pt/Content/images/boitmal/produit/zoom/63D57F7F7D6A78F2C1CD8709AE15341F.jpg,,,,10,4
419,8718114882536,50.0,Knorr,Sopa de cebola,Embalagem de 50g,1.59,31.8,0,kg,€/Kg,,2024-07-10T23:59:59.999999999+01:00,PROSPECTUS,https://driveimg1.intermarche.com/pt/Content/images/boitmal/produit/zoom/ED2CDBB9018393062912BF3E0AF214D1.jpg,,,,10,4
44789,5603722514791,480.0,Mimosa,"Iogurte sólido sem lactose multifrutos, 4 x 125 g",,0.99,2.06,0,kg,€/Kg,,2024-07-10T23:59:59.999999999+01:00,PROSPECTUS,https://driveimg1.intermarche.com/pt/Content/images/boitmal/produit/zoom/AFD577199B3478174C373E88A7AC02B1.jpg,,,,10,4
45600,4005900648181,750.0,Nivea,Gel de banho creme aloe vera,750 ml,3.99,5.32,750,L,€/L,,2024-07-10T23:59:59.999999999+01:00,PROSPECTUS,https://driveimg1.intermarche.com/pt/Content/images/boitmal/produit/zoom/D8584FF8D0A63931C78ACFD9761F35A2.jpg,,,,10,4
49385,4001724038993,355.0,Dr. Oetker,Pizza Tonno,Embalagem de 355g,3.69,10.39,0,kg,€/Kg,Tipo de stockagem,2024-07-10T23:59:59.999999999+01:00,PROSPECTUS,https://driveimg1.intermarche.com/pt/Content/images/boitmal/produit/zoom/427A3A78BC031DA6006A0A36C1FC899F.jpg,,,,10,4
49761,8410500024574,460.0,Danone,"Iogurte Bifidus Activia Chia Amêndoa 0%, 4 x 120g",,2.39,5.2,0,kg,€/Kg,,2024-07-10T23:59:59.999999999+01:00,PROSPECTUS,https://driveimg1.intermarche.com/pt/Content/images/boitmal/produit/zoom/3C78D604FF38EBC1F8556A8A62CA8C37.jpg,,,,10,4
7965,5000204595369,,Glade,"Recarga ambientador automático, sense & spray, lavanda/jasmim",,3.49,3.49,0,,€/Unidade,,2024-07-10T23:59:59.999999999+01:00,PROSPECTUS,https://driveimg1.intermarche.com/pt/Content/images/boitmal/produit/zoom/79F31608A8C9C832B0C2783B71CE42B1.jpg,,,,10,4
9243,5603016133455,750.0,Adega de Pegões,Vinho tinto península de setúbal,Garrafa de 750 ml,2.19,2.92,750,L,€/L,,2024-07-10T23:59:59.999999999+01:00,PROSPECTUS,https://driveimg1.intermarche.com/pt/Content/images/boitmal/produit/zoom/9765C3E933914B7E947EFD31D4F27304.jpg,,,,10,4
1164,5601089080621,20.0,Boca Doce,Pudim de chocolate,Embalagem de 20g,0.45,22.5,0,kg,€/Kg,,2024-07-10T23:59:59.999999999+01:00,PROSPECTUS,https://driveimg1.intermarche.com/pt/Content/images/boitmal/produit/zoom/B89ECCAB610493D298FF226A04F99E93.jpg,,,,10,4
1224,5601146000104,1000.0,Sagres,Cerveja com álcool,Garrafa de 1 l,1.74,1.74,1000,L,€/L,,2024-07-10T23:59:59.999999999+01:00,PROSPECTUS,https://driveimg1.intermarche.com/pt/Content/images/boitmal/produit/zoom/61199517C4A36CE8AA54F4F59C81BAB3.jpg,,,,10,4
1225,5601146000319,500.0,Sagres,Cerveja com álcool,Lata de 500ml,0.79,1.58,500,L,€/L,,2024-07-10T23:59:59.999999999+01:00,PROSPECTUS,https://driveimg1.intermarche.com/pt/Content/images/boitmal/produit/zoom/5AA9837C7EA7B15D1FA47AC69F3D8222.jpg,,,,10,4
1326,5601164113701,500.0,Super Bock,"Cerveja com álcool, lata",Garrafa de 500 ml,0.79,1.58,500,L,€/L,,2024-07-10T23:59:59.999999999+01:00,PROSPECTUS,https://driveimg1.intermarche.com/pt/Content/images/boitmal/produit/zoom/4C9537639592709924CCB188EC8EC9D7.jpg,,,,10,4
1462,5601286231772,250.0,Milaneza,"Massa, estrelinhas",Embalagem de 250g,0.59,2.36,0,kg,€/Kg,,2024-07-10T23:59:59.999999999+01:00,PROSPECTUS,https://driveimg1.intermarche.com/pt/Content/images/boitmal/produit/zoom/E2F1A211F7D24F0BF020FA7DF88C2F67.jpg,,,,10,4
15561,5601146703418,4950.0,Sagres,Cerveja c/ álcool,pack 15 x 0.33 l,11.95,2.41,4950,L,€/L,,2024-07-10T23:59:59.999999999+01:00,PROSPECTUS,https://driveimg1.intermarche.com/pt/Content/images/boitmal/produit/zoom/20D6EA913780BD86D64E5DE3BCD42749.jpg,,,,10,4
16097,5601029003406,120.0,Tenorio,Atum filete azeite biológico,Embalagem de 120g,2.89,24.08,0,kg,€/Kg,Produtos Bio,2024-07-10T23:59:59.999999999+01:00,PROSPECTUS,https://driveimg1.intermarche.com/pt/Content/images/boitmal/produit/zoom/E8E6CEF089D51BC3A4DBE956FA334C6B.jpg,,,,10,4
16695,7622210480002,154.0,Oreo,Bolacha golden,Embalagem de 154 g,1.34,8.7,0,kg,€/Kg,,2024-07-10T23:59:59.999999999+01:00,PROSPECTUS,https://driveimg1.intermarche.com/pt/Content/images/boitmal/produit/zoom/02C806A23EC6E6DE454722D8F3269953.jpg,,,,10,4
18379,5010677012973,700.0,Bacardi,Rum carta blanca,Garrafa de 700 ml,15.19,21.7,700,L,€/L,,2024-07-10T23:59:59.999999999+01:00,PROSPECTUS,https://driveimg1.intermarche.com/pt/Content/images/boitmal/produit/zoom/FBBDE3F686734499C0D7844899ED1A5C.jpg,,,,10,4
19517,8410436212045,100.0,Sonasol,Bloco Sanitário Sólido Poder Activo Pinho,Embalagem de 2x50 g,2.99,29.9,0,kg,€/Kg,,2024-07-10T23:59:59.999999999+01:00,PROSPECTUS,https://driveimg1.intermarche.com/pt/Content/images/boitmal/produit/zoom/B4916DFCD2D0AA985B144B5382CBE6AB.jpg,,,,10,4
2403,5608543000072,20.0,Tetley,"Chá de mel, limão e ginseng",Embalagem de 20g,0.95,47.5,0,kg,€/Kg,,2024-07-10T23:59:59.999999999+01:00,PROSPECTUS,https://driveimg1.intermarche.com/pt/Content/images/boitmal/produit/zoom/DB68353C4D0E30C880FEA97D075943EF.jpg,,,,10,4
27745,5604260282869,750.0,Selecção de Enófilos,"Vinho Tinto Regional Alentejano, garrafa de 0.75 l",,1.89,2.52,750,L,€/L,,2024-07-10T23:59:59.999999999+01:00,PROSPECTUS,https://driveimg1.intermarche.com/pt/Content/images/boitmal/produit/zoom/1773425341B2F2CB9E760FC97283A7EE.jpg,,,,10,4
33090,5411188112709,1000.0,Alpro,Bebida Vegetal Amêndoa Sem Açúcar,Embalagem de 1 litro,1.99,1.99,1000,L,€/L,,2024-07-10T23:59:59.999999999+01:00,PROSPECTUS,https://driveimg1.intermarche.com/pt/Content/images/boitmal/produit/zoom/B38D6D806CDAB94AD756A0104DD1E4F1.jpg,,,,10,4
35913,5603722498022,800.0,Mimosa,Leite Bem Essencial morango,Embalagem de 4 x 200 ml,1.69,2.11,800,L,€/L,,2024-07-10T23:59:59.999999999+01:00,PROSPECTUS,https://driveimg1.intermarche.com/pt/Content/images/boitmal/produit/zoom/E74AE9F14F8D6C9135CA5E0EFA53A437.jpg,,,,10,4
386,8712100479298,260.0,Calvé,Molho Mad Chips,Embalagem de 260g,1.94,7.46,0,kg,€/Kg,,2024-07-10T23:59:59.999999999+01:00,PROSPECTUS,https://driveimg1.intermarche.com/pt/Content/images/boitmal/produit/zoom/2AC7B1BC6056929199259BC3C52D7157.jpg,https://driveimg1.intermarche.com/pt/Content/images/boitmal/produit/zoom/5EE595CA865FFD7654A8E18623535097.jpg,https://driveimg1.intermarche.com/pt/Content/images/boitmal/produit/zoom/5EE595CA865FFD7654A8E18623535097.jpg,,10,4
40762,2708171000000,500.0,PorSi,Peito peito de peru Programa Origens,Vendido ao peso,4.5,8.99,0,,€/Kg,,2024-07-10T23:59:59.999999999+01:00,PROSPECTUS,https://driveimg1.intermarche.com/pt/Content/images/boitmal/produit/zoom/0A62C4A780EB4CF2F225FCE0EFDC4EA0.jpg,,,,10,4
49392,4001724039204,320.0,Dr. Oetker,Pizza Ristorante Pepperoni-Salame,Embalagem de 320g,3.69,11.53,0,kg,€/Kg,Tipo de stockagem,2024-07-10T23:59:59.999999999+01:00,PROSPECTUS,https://driveimg1.intermarche.com/pt/Content/images/boitmal/produit/zoom/240FD22EE48FDE14390C156585E3DD9F.jpg,,,,10,4
51428,8410436441490,,Vernel,Amaciador Concentrado Fragrância Fascinante,70 doses,3.49,3.49,0,,€/Unidade,,2024-07-10T23:59:59.999999999+01:00,PROSPECTUS,https://driveimg1.intermarche.com/pt/Content/images/boitmal/produit/zoom/1E2A99C4C03491111A29104F2EBEAA9A.jpg,,,,10,4
8457,5601066600118,375.0,Nacional,Cereais Corn Flakes Zero,Embalagem de 375 g,1.94,5.17,0,kg,€/Kg,,2024-07-10T23:59:59.999999999+01:00,PROSPECTUS,https://driveimg1.intermarche.com/pt/Content/images/boitmal/produit/zoom/A7683E8F168E338F28BB577100AEAF53.jpg,,,,10,4
9241,5603016000788,750.0,Adega de Pegões,Vinho branco regional península de setúbal,Garrafa de 750 ml,2.19,2.92,750,L,€/L,,2024-07-10T23:59:59.999999999+01:00,PROSPECTUS,https://driveimg1.intermarche.com/pt/Content/images/boitmal/produit/zoom/9228EB47277BD4705321A002DCD34986.jpg,,,,10,4
10351,8411134103338,,Control,6 Preservativos Adapta Nature,,3.49,3.49,0,,€/Unidade,,2024-07-10T23:59:59.999999999+01:00,PROSPECTUS,https://driveimg1.intermarche.com/pt/Content/images/boitmal/produit/zoom/AA1589B4885D56D6E675A34B47F3AFEE.jpg,https://driveimg1.intermarche.com/pt/Content/images/boitmal/produit/zoom/E904E0E3DEA92FC0A6E00A850118F1A2.jpg,,,10,4
11522,5601050207750,1200.0,Danone,"Iogurte danacol de morango,  12 x 100 g",,5.39,4.49,0,kg,€/Kg,,2024-07-10T23:59:59.999999999+01:00,PROSPECTUS,https://driveimg1.intermarche.com/pt/Content/images/boitmal/produit/zoom/19DF119EEF937F27AD1CAD10B25F439C.jpg,,,,10,4
12819,3600522023883,400.0,Elvive,Champô total repair,Embalagem de 400 ml,3.99,9.98,400,L,€/L,,2024-07-10T23:59:59.999999999+01:00,PROSPECTUS,https://driveimg1.intermarche.com/pt/Content/images/boitmal/produit/zoom/EA7D6E07CD09475944FC0B7344377C93.jpg,,,,10,4
1294,5601151450758,850.0,Compal,Feijão manteiga,Lata de 850g,1.74,2.05,0,kg,€/Kg,,2024-07-10T23:59:59.999999999+01:00,PROSPECTUS,https://driveimg1.intermarche.com/pt/Content/images/boitmal/produit/zoom/6FA62F2ED9DBA77E1AF2A2492B6A9743.jpg,,,,10,4
14165,5099873090473,700.0,Jack Daniel's,Whiskey bourbon,Garrafa de 700 ml,21.99,31.41,700,L,€/L,,2024-07-10T23:59:59.999999999+01:00,PROSPECTUS,https://driveimg1.intermarche.com/pt/Content/images/boitmal/produit/zoom/1C68A9CA0085F370C66B536F41B373C8.jpg,,,,10,4
1466,5601286235770,250.0,Milaneza,Massa cuscus,Embalagem de 250g,0.59,2.36,0,kg,€/Kg,,2024-07-10T23:59:59.999999999+01:00,PROSPECTUS,https://driveimg1.intermarche.com/pt/Content/images/boitmal/produit/zoom/C88D2492C00ABAD0495ACF6CE8960CC4.jpg,,,,10,4
16492,8718951037847,500.0,Ajax,"Limpa vidros pistola, tripla acção",Embalagem de 500 ml,1.97,3.94,500,L,€/L,,2024-07-10T23:59:59.999999999+01:00,PROSPECTUS,https://driveimg1.intermarche.com/pt/Content/images/boitmal/produit/zoom/B2E06550937917C2E4B1E74DDD7CCA54.jpg,,,,10,4
16919,8718951037878,500.0,Ajax,Limpa vidros cristal recarga,Embalagem de 500 ml,1.79,3.58,500,L,€/L,,2024-07-10T23:59:59.999999999+01:00,PROSPECTUS,https://driveimg1.intermarche.com/pt/Content/images/boitmal/produit/zoom/1E01F43019F10371A21CF05D1BC242D7.jpg,,,,10,4
16973,5601027000216,228.0,Bollycao,Bolo recheio chocolate,Embalagem de 4x57g,2.19,9.61,0,kg,€/Kg,,2024-07-10T23:59:59.999999999+01:00,PROSPECTUS,https://driveimg1.intermarche.com/pt/Content/images/boitmal/produit/zoom/CBD021435C1D8BADDEB8ADF59C1A5B12.jpg,,,,10,4
17920,5602417101575,5000.0,Courelas d'Alqueva,Vinho bag-in-box tinto,Garrafa de 5 l,6.49,1.3,5000,L,€/L,,2024-07-10T23:59:59.999999999+01:00,PROSPECTUS,https://driveimg1.intermarche.com/pt/Content/images/boitmal/produit/zoom/3A1B0A00FBDAC36268BCC5ECC3F70018.jpg,,,,10,4
21417,8410136003486,400.0,Pedigree,"Alimento húmido para cão, galinha e cordeiro",Embalagem de 400g,2.45,6.13,0,kg,€/Kg,,2024-07-10T23:59:59.999999999+01:00,PROSPECTUS,https://driveimg1.intermarche.com/pt/Content/images/boitmal/produit/zoom/3591685DF3CE8F70C5DF9853F3C50774.jpg,,,,10,4
21465,5449000085474,1500.0,Fanta,Refrigerante c/ gás de maracujá,"Garrafa de 1,5 l",0.99,0.66,1500,L,€/L,,2024-07-10T23:59:59.999999999+01:00,PROSPECTUS,https://driveimg1.intermarche.com/pt/Content/images/boitmal/produit/zoom/C81E25D918677872BE4E0C409C0ECCC4.jpg,,,,10,4
25276,5775345121585,700.0,Sunquick,Concentrado de frutas tropicais,Garrafa de 700 ml,5.19,7.41,700,L,€/L,,2024-07-10T23:59:59.999999999+01:00,PROSPECTUS,https://driveimg1.intermarche.com/pt/Content/images/boitmal/produit/zoom/4BD6A03207C4644AA25F7ED6571B6B74.jpg,,,,10,4
33536,3600542182485,400.0,Ultra Suave,Champô leite amêndoa,400 ml,3.79,9.48,400,L,€/L,Produtos Bio,2024-07-10T23:59:59.999999999+01:00,PROSPECTUS,https://driveimg1.intermarche.com/pt/Content/images/boitmal/produit/zoom/F3B1CF4AEFF71FB10FB8C2143F7B79A7.jpg,,,,10,4
33659,3600542182492,400.0,Ultra Suave,Condicionador leite amêndoa,Embalagem de 400 ml,3.79,9.48,400,L,€/L,Produtos Bio,2024-07-10T23:59:59.999999999+01:00,PROSPECTUS,https://driveimg1.intermarche.com/pt/Content/images/boitmal/produit/zoom/DEAD82467DDC93B6370C614580E5C99E.jpg,,,,10,4
33884,2893837000000,1500.0,Peixaria,Peixe espada preto inteiro,Vendido ao peso,11.99,7.99,0,,€/Kg,,2024-07-10T23:59:59.999999999+01:00,PROSPECTUS,https://driveimg1.intermarche.com/pt/Content/images/boitmal/produit/zoom/BB671A8B4DE8C7901B64CBAB01F1F6E6.jpg,,,,10,4
44788,5603722514777,480.0,Mimosa,"Iogurte sólido sem lactose morango, 4 x 125 g",,0.99,2.06,0,kg,€/Kg,,2024-07-10T23:59:59.999999999+01:00,PROSPECTUS,https://driveimg1.intermarche.com/pt/Content/images/boitmal/produit/zoom/938890D6C27A260EF0A55564EDA92A84.jpg,,,,10,4
46232,7613287308870,325.0,Nestlé,Clusters cereal,Embalagem de 325g,3.74,11.51,0,kg,€/Kg,,2024-07-10T23:59:59.999999999+01:00,PROSPECTUS,https://driveimg1.intermarche.com/pt/Content/images/boitmal/produit/zoom/89E9EEA31E701BB987614B4A968CF8F5.jpg,,,,10,4
4716,5000204593242,72.0,WC Pato,Discos Sanitários Activos Recarga Lima,Embalagem de 2x36 ml,3.49,48.47,72,L,€/L,,2024-07-10T23:59:59.999999999+01:00,PROSPECTUS,https://driveimg1.intermarche.com/pt/Content/images/boitmal/produit/zoom/63F83864AA3214D8A29D6F7792A8DB6E.jpg,,,,10,4
49387,4001724039235,375.0,Dr. Oetker,Pizza Ristorante Bolognese,Embalagem de 375g,3.69,9.84,0,kg,€/Kg,Tipo de stockagem,2024-07-10T23:59:59.999999999+01:00,PROSPECTUS,https://driveimg1.intermarche.com/pt/Content/images/boitmal/produit/zoom/0120253323D6698CBB66949744DED865.jpg,,,,10,4
5126,5601068014494,750.0,Cif,Desinfetante em gel c/ lixívia,Garrafa de 750 ml,1.49,1.99,750,L,€/L,,2024-07-10T23:59:59.999999999+01:00,PROSPECTUS,https://driveimg1.intermarche.com/pt/Content/images/boitmal/produit/zoom/DD01BA25A9A9F730D8ADD335AE8FD21F.jpg,,,,10,4
10094,8435257040776,640.0,Nestlé,"Iogurte líquido yoggi banana,  4 x 160 g",,1.99,3.11,0,kg,€/Kg,,2024-07-10T23:59:59.999999999+01:00,PROSPECTUS,https://driveimg1.intermarche.com/pt/Content/images/boitmal/produit/zoom/7A1039A34E2D3851553F65DFE7093FB2.jpg,,,,10,4
12253,7622210293602,170.0,Triunfo,Bolachas de manteiga,Embalagem de 170g,1.49,8.76,0,kg,€/Kg,,2024-07-10T23:59:59.999999999+01:00,PROSPECTUS,https://driveimg1.intermarche.com/pt/Content/images/boitmal/produit/zoom/5388E83127296877F23028D98C2523F1.jpg,,,,10,4
1604,5601560111196,350.0,Diatosta,Mini tostas de trigo,Embalagem de 350 g,2.19,6.26,0,kg,€/Kg,,2024-07-10T23:59:59.999999999+01:00,PROSPECTUS,https://driveimg1.intermarche.com/pt/Content/images/boitmal/produit/zoom/E51BEDC3B21AC22814E793489153A886.jpg,,,,10,4
18771,5449000022646,1500.0,Fanta,Refrigerante c/ gás de uva,"Garrafa de 1,5 l",0.99,0.66,1500,L,€/L,,2024-07-10T23:59:59.999999999+01:00,PROSPECTUS,https://driveimg1.intermarche.com/pt/Content/images/boitmal/produit/zoom/426C4CD2BDF4748C7D7AECCA8EEA510D.jpg,,,,10,4
19548,8410436212014,100.0,Sonasol,Bloco Sanitário Sólido Aqua,Embalagem de 2x50 g,2.99,29.9,0,kg,€/Kg,,2024-07-10T23:59:59.999999999+01:00,PROSPECTUS,https://driveimg1.intermarche.com/pt/Content/images/boitmal/produit/zoom/CB19F70ED9F9FC475AA9D82022AA5F37.jpg,,,,10,4
19927,5601883000405,250.0,Nova Açores,Manteiga c/ sal gourmet,Embalagem de 250g,2.19,8.76,0,kg,€/Kg,,2024-07-10T23:59:59.999999999+01:00,PROSPECTUS,https://driveimg1.intermarche.com/pt/Content/images/boitmal/produit/zoom/65056049540390D09FDE870040E3173A.jpg,,,,10,4
25331,3600542075015,400.0,Ultra Suave,Champô Leite de Coco e Macadâmia,Embalagem com 400 ml,3.79,9.48,400,L,€/L,,2024-07-10T23:59:59.999999999+01:00,PROSPECTUS,https://driveimg1.intermarche.com/pt/Content/images/boitmal/produit/zoom/32C336B9D33C06DAFE850C5DF44E7250.jpg,,,,10,4
2734,8410063005683,400.0,Pescanova,Caprichos do mar s/ glúten,Embalagem de 400g,2.49,6.23,0,kg,€/Kg,Tipo de stockagem,2024-07-10T23:59:59.999999999+01:00,PROSPECTUS,https://driveimg1.intermarche.com/pt/Content/images/boitmal/produit/zoom/737C8419743536AEFEAED7A1B1CAD3F9.jpg,,,,10,4
27891,3600523586387,400.0,Elvive,Champô Reconstrutor Dream Long,Embalagem de 400 ml,3.99,9.98,400,L,€/L,,2024-07-10T23:59:59.999999999+01:00,PROSPECTUS,https://driveimg1.intermarche.com/pt/Content/images/boitmal/produit/zoom/84CC356C36067BE7C6654BA5E8036F86.jpg,,,,10,4
29939,4005900488459,50.0,Nivea,Deo Roll On Dry Fresh,50 ml,2.39,47.8,50,L,€/L,,2024-07-10T23:59:59.999999999+01:00,PROSPECTUS,https://driveimg1.intermarche.com/pt/Content/images/boitmal/produit/zoom/A22C4B7FFEFAE6222645D53E97AF92A1.jpg,,,,10,4
31433,5604321027040,200.0,Cemporcento,Bolachas marinheiras naturais,Embalagem de 200g,2.14,10.7,0,kg,€/Kg,,2024-07-10T23:59:59.999999999+01:00,PROSPECTUS,https://driveimg1.intermarche.com/pt/Content/images/boitmal/produit/zoom/0C64FB6F818D4BF04BAF43584E347A27.jpg,,,,10,4
35631,8410436329545,100.0,Sonasol,Bloco sanitário desinfectante duplo floral,Embalagem de 2 x 50 g,2.99,29.9,0,kg,€/Kg,,2024-07-10T23:59:59.999999999+01:00,PROSPECTUS,https://driveimg1.intermarche.com/pt/Content/images/boitmal/produit/zoom/4B512DA095664E6F814B383EE3473F2D.jpg,,,,10,4
