identifier,produitEan13,capacite,marque,libelle,conditionnement,prix,unitPrice,volume,typeProduit_uniteByCode,unit_value,pictogrammes_0,pictogrammes_libelleCategorie,images_0,images_1,images_2,images_3,avantages_dateFin,avantages_categorie,nro_paginas,page
250,2892150000000,300.0,Fruta,Abacate,1 un. = 300 g (aprox.),1.05,3.49,0,,€/Kg,,,https://driveimg1.intermarche.com/pt/Content/images/boitmal/produit/zoom/E9095394002D145B7F2ABE932415A1F1.jpg,,,,2025-02-12T23:59:59.999999999Z,PROSPECTUS,9,1
251,2696001000000,400.0,Padaria,Baguete,400 g,0.79,1.98,0,kg,€/Kg,,,https://driveimg1.intermarche.com/pt/Content/images/boitmal/produit/zoom/42C2E126B9E5B84C243F0668DEC3869F.jpg,,,,2025-02-12T23:59:59.999999999Z,PROSPECTUS,9,1
405,8712566410910,275.0,Calvé,"Ketchup, embalagem de 275g",,1.68,6.11,0,kg,€/Kg,,,https://driveimg1.intermarche.com/pt/Content/images/boitmal/produit/zoom/9E63EED4B27A252289B8979C188F5B40.jpg,https://driveimg1.intermarche.com/pt/Content/images/boitmal/produit/zoom/0D7B165FF00CA45BD8F6AC077E3CA1EC.jpg,https://driveimg1.intermarche.com/pt/Content/images/boitmal/produit/zoom/0D7B165FF00CA45BD8F6AC077E3CA1EC.jpg,https://driveimg1.intermarche.com/pt/Content/images/boitmal/produit/zoom/0D7B165FF00CA45BD8F6AC077E3CA1EC.jpg,2025-02-12T23:59:59.999999999Z,PROSPECTUS,9,1
474,3010470154575,1500.0,Friskies,Ração para cão júnior vitafit com frango e leite,"Embalagem de 1,5 kg",5.24,3.49,0,kg,€/Kg,,,https://driveimg1.intermarche.com/pt/Content/images/boitmal/produit/zoom/1473BCBEFD21B78FA4101968FF135182.jpg,,,,2025-02-12T23:59:59.999999999Z,PROSPECTUS,9,1
540,3222270158428,1500.0,Friskies,Ração para gato adulto de interior,"Embalagem de 1,5 kg",5.84,3.89,0,kg,€/Kg,,,https://driveimg1.intermarche.com/pt/Content/images/boitmal/produit/zoom/CD7C5B2E4322F0515EAC25F0F1ADD782.jpg,,,,2025-02-12T23:59:59.999999999Z,PROSPECTUS,9,1
579,3250390051138,2000.0,Paquito,"Néctar laranja, tetra",Embalagem de 2 l,1.99,1.0,2000,L,€/L,,,https://driveimg1.intermarche.com/pt/Content/images/boitmal/produit/zoom/54AC0D113964ECCAFF954CB6A9106104.jpg,,,,2025-02-12T23:59:59.999999999Z,PROSPECTUS,9,1
650,3250390258957,2000.0,Paquito,Nectar multivitaminas,Embalagem de 2 l,2.15,1.08,2000,L,€/L,,,https://driveimg1.intermarche.com/pt/Content/images/boitmal/produit/zoom/A2228AD58FA57101C5955DF25939C07E.jpg,,,,2025-02-12T23:59:59.999999999Z,PROSPECTUS,9,1
742,8006540348925,250.0,Pantene,Laca Fixação Flexível,Embalagem de 250 ml,3.74,14.96,250,L,€/L,,,https://driveimg1.intermarche.com/pt/Content/images/boitmal/produit/zoom/73B5C91C3C3278D6DBDCC4E421A05C5A.jpg,,,,2025-02-12T23:59:59.999999999Z,PROSPECTUS,9,1
774,4008400102528,160.0,Mon Chéri,Bombons de chocolate,Embalagem de 160g,5.99,37.44,0,kg,€/Kg,,,https://driveimg1.intermarche.com/pt/Content/images/boitmal/produit/zoom/06E35E72C313819BC0684E7A6E3534D5.jpg,,,,2025-02-12T23:59:59.999999999Z,PROSPECTUS,9,1
809,5000116102075,280.0,Capitão Iglo,"Douradinhos de salmão, 10 unidades, embalagem de 280g",,4.99,17.82,0,kg,€/Kg,,Tipo de stockagem,https://driveimg1.intermarche.com/pt/Content/images/boitmal/produit/zoom/BE071417D80D7DAB7D9DBFCF786DD7BE.jpg,,,,2025-02-12T23:59:59.999999999Z,PROSPECTUS,9,1
815,5000116106172,250.0,Capitão Iglo,"Douradinhos de frango, 10 unidades, embalagem de 250g",,3.49,13.96,0,kg,€/Kg,,Tipo de stockagem,https://driveimg1.intermarche.com/pt/Content/images/boitmal/produit/zoom/C5A8F3400BD1CDAA3A658C1B6BE7A4E1.jpg,,,,2025-02-12T23:59:59.999999999Z,PROSPECTUS,9,1
871,5014328080892,30.0,Tetley,Infusão de cidreira,"Embalagem de 20 unidades, 30 g",1.44,48.0,0,kg,€/Kg,,,https://driveimg1.intermarche.com/pt/Content/images/boitmal/produit/zoom/8EE73104AD7D9DDCE5EF5A76B07E89DC.jpg,,,,2025-02-12T23:59:59.999999999Z,PROSPECTUS,9,1
940,5601001322402,20.0,Nescafé,"Café solúvel nescafé, embalagem de 20g",,1.49,74.5,0,kg,€/Kg,,,https://driveimg1.intermarche.com/pt/Content/images/boitmal/produit/zoom/BCEBB6129FC84253AC3E2D01F300F9A9.jpg,,,,2025-02-12T23:59:59.999999999Z,PROSPECTUS,9,1
941,5601001322808,100.0,Nescafé,"Café solúvel, embalagem de 100g",,3.95,39.5,0,kg,€/Kg,,,https://driveimg1.intermarche.com/pt/Content/images/boitmal/produit/zoom/B063757FB22F6A33CD1F9CE6C13974A8.jpg,,,,2025-02-12T23:59:59.999999999Z,PROSPECTUS,9,1
942,5601001324109,100.0,Nescafé,"Café solúvel gold, embalagem de 100g",,5.7,57.0,0,kg,€/Kg,,,https://driveimg1.intermarche.com/pt/Content/images/boitmal/produit/zoom/56AF775E1D437B4623D4E42AE4DAA827.jpg,,,,2025-02-12T23:59:59.999999999Z,PROSPECTUS,9,1
947,5601001355905,200.0,Nestlé,"Mistura solúvel brasa, embalagem de 200g",,2.69,13.45,0,kg,€/Kg,,,https://driveimg1.intermarche.com/pt/Content/images/boitmal/produit/zoom/E7DC37D0206CA279E0EB2E5F3678B88F.jpg,,,,2025-02-12T23:59:59.999999999Z,PROSPECTUS,9,1
988,5601029003000,120.0,Tenorio,Atum Filete em Azeite,Embalagem de 120 g,2.59,21.58,0,kg,€/Kg,,,https://driveimg1.intermarche.com/pt/Content/images/boitmal/produit/zoom/48D594978C230E0BC7076D44C622917A.jpg,,,,2025-02-12T23:59:59.999999999Z,PROSPECTUS,9,1
989,5601029004014,120.0,Bom Petisco,"Atum posta em óleo, embalagem de 120g",,1.18,9.83,0,kg,€/Kg,,,https://driveimg1.intermarche.com/pt/Content/images/boitmal/produit/zoom/0EDE399096BE62933DCF2A734D746C1A.jpg,,,,2025-02-12T23:59:59.999999999Z,PROSPECTUS,9,1
990,5601029004038,385.0,Bom Petisco,"Atum posta em óleo, embalagem de 385g",,3.79,9.84,0,kg,€/Kg,,,https://driveimg1.intermarche.com/pt/Content/images/boitmal/produit/zoom/EAC5CB8F90EBBB65EABF072C2DE4540F.jpg,https://driveimg1.intermarche.com/pt/Content/images/boitmal/produit/zoom/F6B3199A9D749CA8EE4A4423B14856F3.jpg,,,2025-02-12T23:59:59.999999999Z,PROSPECTUS,9,1
1014,5601043111149,1000.0,Espiga,"Farinha sem fermento tipo 65, embalagem de 1 kg",,1.29,1.29,0,kg,€/Kg,,,https://driveimg1.intermarche.com/pt/Content/images/boitmal/produit/zoom/0956112EF7C4C6A7364E7D84CAC59686.jpg,,,,2025-02-12T23:59:59.999999999Z,PROSPECTUS,9,1
1108,5601066300087,500.0,Nacional,"Massa de cotovelinhos, embalagem de 500g",,0.89,1.78,0,kg,€/Kg,,,https://driveimg1.intermarche.com/pt/Content/images/boitmal/produit/zoom/85D4AC87404986F6E33A67AEEDC0D0E8.jpg,,,,2025-02-12T23:59:59.999999999Z,PROSPECTUS,9,1
1114,5601066300780,500.0,Nacional,"Massa de maçarrão riscado, embalagem de 500g",,0.89,1.78,0,kg,€/Kg,,,https://driveimg1.intermarche.com/pt/Content/images/boitmal/produit/zoom/6E823110DFCFAB922E5CE2EEC9376131.jpg,,,,2025-02-12T23:59:59.999999999Z,PROSPECTUS,9,1
1116,5601066301152,500.0,Nacional,"Massa de cotovelos, embalagem de 500g",,0.89,1.78,0,kg,€/Kg,,,https://driveimg1.intermarche.com/pt/Content/images/boitmal/produit/zoom/8DDB0C745E67458BAC26BBF8F8ADAE50.jpg,,,,2025-02-12T23:59:59.999999999Z,PROSPECTUS,9,1
1120,5601066301718,500.0,Nacional,"Massa de espirais, embalagem de 500g",,0.89,1.78,0,kg,€/Kg,,,https://driveimg1.intermarche.com/pt/Content/images/boitmal/produit/zoom/B50E4B0B2C4856A819A2FF672D887104.jpg,,,,2025-02-12T23:59:59.999999999Z,PROSPECTUS,9,1
1131,5601078005024,750.0,Grao Vasco,"Vinho doc dão branco, garrafa de 750 ml",,3.35,4.47,750,L,€/L,,,https://driveimg1.intermarche.com/pt/Content/images/boitmal/produit/zoom/08D876911D136C69F8C23B36643D6D00.jpg,,,,2025-02-12T23:59:59.999999999Z,PROSPECTUS,9,1
1135,5601082022758,250.0,Delta,Café torrado lote chávena máquina,Embalagem de 250g,2.89,11.56,0,kg,€/Kg,,,https://driveimg1.intermarche.com/pt/Content/images/boitmal/produit/zoom/13E9F03FF8FB53EE57516E14277CD628.jpg,,,,2025-02-12T23:59:59.999999999Z,PROSPECTUS,9,1
1136,5601082022765,250.0,Delta,Café torrado lote chávena saco,Embalagem de 250g,2.89,11.56,0,kg,€/Kg,,,https://driveimg1.intermarche.com/pt/Content/images/boitmal/produit/zoom/7F2116263816AF75A6AD47598CE14D0D.jpg,,,,2025-02-12T23:59:59.999999999Z,PROSPECTUS,9,1
1138,5601082022796,250.0,Delta,Café em grão,Embalagem de 250g,2.89,11.56,0,kg,€/Kg,,,https://driveimg1.intermarche.com/pt/Content/images/boitmal/produit/zoom/A8B4C93555D2897E7B184C0C3550DF4C.jpg,,,,2025-02-12T23:59:59.999999999Z,PROSPECTUS,9,1
1195,5601119230224,650.0,Nobre,"Salsichas extra suculentas, frasco de 650 g",,2.09,3.22,0,kg,€/Kg,,,https://driveimg1.intermarche.com/pt/Content/images/boitmal/produit/zoom/F74C2FC7C8B9C0B3ED0E43FFE3B59991.jpg,,,,2025-02-12T23:59:59.999999999Z,PROSPECTUS,9,1
1211,5601119945876,220.0,Nobre,"Salsichas wiennerwurt em frasco, 6 un, embalagem de 250g",,2.39,10.86,0,kg,€/Kg,,,https://driveimg1.intermarche.com/pt/Content/images/boitmal/produit/zoom/672DAEBBB3AEEF12C53028350B3D3ADB.jpg,,,,2025-02-12T23:59:59.999999999Z,PROSPECTUS,9,1
1270,5601151023150,500.0,Compal,"Polpa de tomate com cebola e alho, embalagem de 500g",,1.39,2.78,0,kg,€/Kg,,,https://driveimg1.intermarche.com/pt/Content/images/boitmal/produit/zoom/195ABA90C0C8B2FE1D9EE0202B59D28C.jpg,,,,2025-02-12T23:59:59.999999999Z,PROSPECTUS,9,1
1281,5601151136140,1000.0,Compal,"Nectar vital equilibrio ananásemcoco, embalagem de 1l",,1.26,1.26,1000,L,€/L,,,https://driveimg1.intermarche.com/pt/Content/images/boitmal/produit/zoom/8767C13FE6BC314E1156E753BCDBEE55.jpg,,,,2025-02-12T23:59:59.999999999Z,PROSPECTUS,9,1
1292,5601151354452,1000.0,Compal,"Néctar vital equilibrio manga e laranja, 1 l",,1.26,1.26,1000,L,€/L,,,https://driveimg1.intermarche.com/pt/Content/images/boitmal/produit/zoom/1F825A70CAB773F623AA6F5B800DE1F4.jpg,,,,2025-02-12T23:59:59.999999999Z,PROSPECTUS,9,1
1293,5601151398104,630.0,Compal,"Pack de 3 embalagens de polpa de tomate, embalagem de 630g",,1.49,2.37,0,kg,€/Kg,,,https://driveimg1.intermarche.com/pt/Content/images/boitmal/produit/zoom/BC7D38B0892D2B72B99AEECF05E81523.jpg,,,,2025-02-12T23:59:59.999999999Z,PROSPECTUS,9,1
1300,5601151653456,1000.0,Compal,"Néctar vital equilibrio laranja/maracujá, embalagem de 1l",,1.26,1.26,1000,L,€/L,,,https://driveimg1.intermarche.com/pt/Content/images/boitmal/produit/zoom/66D7AD0BA2BE04FFDAEDA995E24E80A5.jpg,,,,2025-02-12T23:59:59.999999999Z,PROSPECTUS,9,1
1305,5601151862155,500.0,Compal,Polpa de tomate 500g,,1.24,2.48,0,kg,€/Kg,,,https://driveimg1.intermarche.com/pt/Content/images/boitmal/produit/zoom/D9FD9B4F4905971874C5E4127C57C62E.jpg,,,,2025-02-12T23:59:59.999999999Z,PROSPECTUS,9,1
1307,5601151962152,1000.0,Compal,"Polpa de tomate, embalagem de 1 kg",,2.09,2.09,0,kg,€/Kg,,,https://driveimg1.intermarche.com/pt/Content/images/boitmal/produit/zoom/7F25D2B47A4922FBF9D4F475FD193D2F.jpg,,,,2025-02-12T23:59:59.999999999Z,PROSPECTUS,9,1
1310,5601151979969,140.0,Compal,"Compal da horta concentrado tomate, embalagem de 140g",,0.99,7.07,0,kg,€/Kg,,,https://driveimg1.intermarche.com/pt/Content/images/boitmal/produit/zoom/AFB213C2AE47899B42B45E2988A779B7.jpg,,,,2025-02-12T23:59:59.999999999Z,PROSPECTUS,9,1
1326,5601164113701,500.0,Super Bock,"Cerveja com álcool, lata, garrafa de 500 ml",,0.85,1.7,500,L,€/L,,,https://driveimg1.intermarche.com/pt/Content/images/boitmal/produit/zoom/0AB2770B97F8A4B3E443129A7F4E33FA.jpg,,,,2025-02-12T23:59:59.999999999Z,PROSPECTUS,9,1
1429,5601255323125,1000.0,Caçarola,"Arroz estufado, embalagem de 1 kg",,1.35,1.35,0,kg,€/Kg,,,https://driveimg1.intermarche.com/pt/Content/images/boitmal/produit/zoom/A6AA3CBEB37E71FE144BA978FE87BEF6.jpg,,,,2025-02-12T23:59:59.999999999Z,PROSPECTUS,9,1
1462,5601286231772,250.0,Milaneza,"Massa, estrelinhas, embalagem de 250g",,0.62,2.48,0,kg,€/Kg,,,https://driveimg1.intermarche.com/pt/Content/images/boitmal/produit/zoom/3936C365D7B95744ED545201CA491D61.jpg,,,,2025-02-12T23:59:59.999999999Z,PROSPECTUS,9,1
1463,5601286232779,250.0,Milaneza,"Massa pevide, embalagem de 250g",,0.62,2.48,0,kg,€/Kg,,,https://driveimg1.intermarche.com/pt/Content/images/boitmal/produit/zoom/7FABF67C8683DAD5B618F045601E14A4.jpg,,,,2025-02-12T23:59:59.999999999Z,PROSPECTUS,9,1
1464,5601286233776,250.0,Milaneza,"Massa de bagos, embalagem de 250g",,0.62,2.48,0,kg,€/Kg,,,https://driveimg1.intermarche.com/pt/Content/images/boitmal/produit/zoom/539D153DE9C377CF57F947CAA1EB45EB.jpg,,,,2025-02-12T23:59:59.999999999Z,PROSPECTUS,9,1
1465,5601286234773,250.0,Milaneza,"Massa de letras, embalagem de 250g",,0.62,2.48,0,kg,€/Kg,,,https://driveimg1.intermarche.com/pt/Content/images/boitmal/produit/zoom/93F4FB7CE3C81A4CA398AFB1F88C82DD.jpg,,,,2025-02-12T23:59:59.999999999Z,PROSPECTUS,9,1
1466,5601286235770,250.0,Milaneza,"Massa cuscus, embalagem de 250g",,0.62,2.48,0,kg,€/Kg,,,https://driveimg1.intermarche.com/pt/Content/images/boitmal/produit/zoom/606493A56C3149C89E86FD71CB1A6172.jpg,,,,2025-02-12T23:59:59.999999999Z,PROSPECTUS,9,1
1495,5601363100380,300.0,Pála-Pála,"Batata frita caseira rodela, embalagem de 300g",,1.79,5.97,0,kg,€/Kg,,,https://driveimg1.intermarche.com/pt/Content/images/boitmal/produit/zoom/2550CC98E3B2E3C63B7A972B31C2AB65.jpg,,,,2025-02-12T23:59:59.999999999Z,PROSPECTUS,9,1
1611,5601736901293,250.0,Mar Ibérica,Cubos de tamboril,Embalagem de 250 g,3.39,13.56,0,kg,€/Kg,,Tipo de stockagem,https://driveimg1.intermarche.com/pt/Content/images/boitmal/produit/zoom/B7F6A60B0D063C4286B9079B713072D6.jpg,,,,2025-02-12T23:59:59.999999999Z,PROSPECTUS,9,1
1693,5603344681017,40.0,General,Filete de anchovas estendidas,Embalagem de 40g,1.64,41.0,0,kg,€/Kg,,,https://driveimg1.intermarche.com/pt/Content/images/boitmal/produit/zoom/06C9DE88EC4B1F1E75839FBBD4E50942.jpg,,,,2025-02-12T23:59:59.999999999Z,PROSPECTUS,9,1
1709,5604055111060,6000.0,Fastio,"Água mineral sem gás, embalagem de 6 l",,1.49,0.25,6000,L,€/L,,,https://driveimg1.intermarche.com/pt/Content/images/boitmal/produit/zoom/6EFB8FD4D0614752BB5925C1048B82B3.jpg,,,,2025-02-12T23:59:59.999999999Z,PROSPECTUS,9,1
1711,5604055118410,6000.0,Fastio,"Água mineral sem gás, pack 4 x 1.5 l",,2.19,0.37,6000,L,€/L,,,https://driveimg1.intermarche.com/pt/Content/images/boitmal/produit/zoom/ADF5F83607F39D07CF3C9F204186DB24.jpg,,,,2025-02-12T23:59:59.999999999Z,PROSPECTUS,9,1
1847,5604260301683,540.0,PorSi,Feijão branco,Embalagem de 540g,0.85,1.57,0,kg,€/Kg,,,https://driveimg1.intermarche.com/pt/Content/images/boitmal/produit/zoom/65F3549F5DD8B5CB836B8FAB01DCCC43.jpg,,,,2025-02-12T23:59:59.999999999Z,PROSPECTUS,9,1
2157,5604260327119,1500.0,PorSi,Ice tea de limão tetra,"Embalagem de 1,5 l",1.09,0.73,1500,L,€/L,,,https://driveimg1.intermarche.com/pt/Content/images/boitmal/produit/zoom/D2F53574823EB7C50818D696DC82BDDE.jpg,,,,2025-02-12T23:59:59.999999999Z,PROSPECTUS,9,1
2158,5604260327102,1500.0,PorSi,Ice tea pessego,"Embalagem de 1,5 l",1.09,0.73,1500,L,€/L,,,https://driveimg1.intermarche.com/pt/Content/images/boitmal/produit/zoom/7902D3E6072B539F34B796662F48BB69.jpg,,,,2025-02-12T23:59:59.999999999Z,PROSPECTUS,9,1
2406,5608543000102,30.0,Tetley,Chá preto,Embalagem de 30g,1.29,43.0,0,kg,€/Kg,,,https://driveimg1.intermarche.com/pt/Content/images/boitmal/produit/zoom/D3C0F9FE6B1C09C70D614E0CDECAD3A6.jpg,,,,2025-02-12T23:59:59.999999999Z,PROSPECTUS,9,1
2466,7613032142599,500.0,Cerelac,Farinha láctea 12 meses,Embalagem de 500g,3.74,7.48,0,kg,€/Kg,,,https://driveimg1.intermarche.com/pt/Content/images/boitmal/produit/zoom/4E708CAF1A60A052407E76B7A92102F7.jpg,,,,2025-02-12T23:59:59.999999999Z,PROSPECTUS,9,1
2471,7613032393632,800.0,NAN,Leite de transição Optipro 2 +6 meses,Embalagem de 800g,13.99,17.49,0,kg,€/Kg,,,https://driveimg1.intermarche.com/pt/Content/images/boitmal/produit/zoom/28BAF79B239A3D4037884D8C114F6DB3.jpg,,,,2025-02-12T23:59:59.999999999Z,PROSPECTUS,9,1
2473,7613032404154,250.0,Cerelac,"1ª papa láctea multifrutos sem glúten +4 meses, embalagem de 250g",,3.74,14.96,0,kg,€/Kg,,,https://driveimg1.intermarche.com/pt/Content/images/boitmal/produit/zoom/15CA403429D220415417A36F0419C1CA.jpg,,,,2025-02-12T23:59:59.999999999Z,PROSPECTUS,9,1
2480,7613032584436,250.0,Cerelac,"Papa infantil láctea maçã +6 meses, embalagem de 250g",,3.19,12.76,0,kg,€/Kg,,,https://driveimg1.intermarche.com/pt/Content/images/boitmal/produit/zoom/DE2856C1EA531D0617965332F05D89D4.jpg,,,,2025-02-12T23:59:59.999999999Z,PROSPECTUS,9,1
2481,7613032584504,250.0,Cerelac,"Papa infantil láctea banana laranja +6 meses, embalagem de 250g",,3.19,12.76,0,kg,€/Kg,,,https://driveimg1.intermarche.com/pt/Content/images/boitmal/produit/zoom/8CB0086F6379609601EA9215ECF52500.jpg,,,,2025-02-12T23:59:59.999999999Z,PROSPECTUS,9,1
2482,7613032584757,250.0,Cerelac,Papa infantil láctea 5 frutos +6 meses,Embalagem de 250g,3.19,12.76,0,kg,€/Kg,,,https://driveimg1.intermarche.com/pt/Content/images/boitmal/produit/zoom/3BA8FAB1CBB784A1F35D14E45DA423EA.jpg,,,,2025-02-12T23:59:59.999999999Z,PROSPECTUS,9,1
2483,7613032607463,250.0,Cerelac,"Papa infantil não láctea 8 cereais e mel +6 meses, de 250g",,2.39,9.56,0,kg,€/Kg,,,https://driveimg1.intermarche.com/pt/Content/images/boitmal/produit/zoom/D8960B1BDF9EC6F37D85F527DA09587D.jpg,,,,2025-02-12T23:59:59.999999999Z,PROSPECTUS,9,1
2500,7613033129025,250.0,Cerelac,"Papa infantil não láctea bolacha maria +6 meses, de 250g",,2.39,9.56,0,kg,€/Kg,,,https://driveimg1.intermarche.com/pt/Content/images/boitmal/produit/zoom/86F8E21230827C4A87CCDAA9CDA276AE.jpg,,,,2025-02-12T23:59:59.999999999Z,PROSPECTUS,9,1
2517,7613033796357,1500.0,Friskies,Ração para cão mini adulto menu vitafit com vaca,"Embalagem de 1,5 kg",5.24,3.49,0,kg,€/Kg,,,https://driveimg1.intermarche.com/pt/Content/images/boitmal/produit/zoom/D658899067DA9C421D47DDBFB950151E.jpg,,,,2025-02-12T23:59:59.999999999Z,PROSPECTUS,9,1
2524,7613033865435,400.0,Cerelac,Leite e cereais bolacha maria +6 meses,Garrafa de 400 ml,1.93,4.83,400,L,€/L,,,https://driveimg1.intermarche.com/pt/Content/images/boitmal/produit/zoom/174B9CF061F6CE8751E518CE7B06402B.jpg,,,,2025-02-12T23:59:59.999999999Z,PROSPECTUS,9,1
2525,7613033865848,400.0,Cerelac,Leite e cereais 8 cereais e mel +6 meses,Garrafa de 400 ml,1.93,4.83,400,L,€/L,,,https://driveimg1.intermarche.com/pt/Content/images/boitmal/produit/zoom/F3FA0505F84763AD463A118D9C701F18.jpg,,,,2025-02-12T23:59:59.999999999Z,PROSPECTUS,9,1
2577,7622210252074,190.0,Triunfo,"Bolachas de aveia, embalagem de 190g",,1.49,7.84,0,kg,€/Kg,,,https://driveimg1.intermarche.com/pt/Content/images/boitmal/produit/zoom/AE3D9564668042C19B50FE39B27D13F1.jpg,,,,2025-02-12T23:59:59.999999999Z,PROSPECTUS,9,1
2593,7622300366827,171.0,Triunfo,"Bolachas digestivas go maçã, embalagem de 170g",,1.49,8.71,0,kg,€/Kg,,,https://driveimg1.intermarche.com/pt/Content/images/boitmal/produit/zoom/659BBCAC39DF39F8F177E1A9DE86EA26.jpg,,,,2025-02-12T23:59:59.999999999Z,PROSPECTUS,9,1
2630,8000500003787,200.0,Ferrero Rocher,16 bombons,Embalagem de 200g,5.99,29.95,0,kg,€/Kg,,,https://driveimg1.intermarche.com/pt/Content/images/boitmal/produit/zoom/C48862C103510D2C0692C2794FC35562.jpg,,,,2025-02-12T23:59:59.999999999Z,PROSPECTUS,9,1
2656,8002205010060,650.0,Friskies,"Snack para cão biscuit original, de 650 g",,3.66,5.63,0,kg,€/Kg,,,https://driveimg1.intermarche.com/pt/Content/images/boitmal/produit/zoom/894114FFB389A52ED0086C0D2C626189.jpg,,,,2025-02-12T23:59:59.999999999Z,PROSPECTUS,9,1
2749,8410063046532,350.0,Pescanova,"Miolo de camarão 80/100, embalagem de 350g",,6.99,19.97,0,kg,€/Kg,,Tipo de stockagem,https://driveimg1.intermarche.com/pt/Content/images/boitmal/produit/zoom/0EA75135180DC26543A97F342303334A.jpg,,,,2025-02-12T23:59:59.999999999Z,PROSPECTUS,9,1
2775,8410168195562,1500.0,Friskies,Ração para gato júnior com frango,"Embalagem de 1,5 kg",5.84,3.89,0,kg,€/Kg,,,https://driveimg1.intermarche.com/pt/Content/images/boitmal/produit/zoom/8B26E8FECF30B2840793E6B147C2D6D8.jpg,,,,2025-02-12T23:59:59.999999999Z,PROSPECTUS,9,1
2780,8410199002303,96.0,Cheetos,"Aperitivos palitos, embalagem de 100g",,1.49,15.52,0,kg,€/Kg,,,https://driveimg1.intermarche.com/pt/Content/images/boitmal/produit/zoom/35C90C106FCD999188F46A491D275892.jpg,,,,2025-02-12T23:59:59.999999999Z,PROSPECTUS,9,1
2786,8410199150905,100.0,Cheetos,"Aperitivos rolitos, embalagem de 100g",,1.49,14.9,0,kg,€/Kg,,,https://driveimg1.intermarche.com/pt/Content/images/boitmal/produit/zoom/F470A36FD76D61EC69758C933CF291DA.jpg,,,,2025-02-12T23:59:59.999999999Z,PROSPECTUS,9,1
3497,0000084124326,100.0,Pronto,Reparador de móveis escuro,Embalagem de 100 ml,4.09,40.9,100,L,€/L,,,https://driveimg1.intermarche.com/pt/Content/images/boitmal/produit/zoom/D69B33990891106EF66B7556A9C6AABD.jpg,,,,2025-02-12T23:59:59.999999999Z,PROSPECTUS,9,1
3526,2894034000000,150.0,Nobre,Fiambre da Perna Extra,1 un = 150 gr (aprox.),2.25,14.99,0,,€/Kg,,,https://driveimg1.intermarche.com/pt/Content/images/boitmal/produit/zoom/C76D05EF052819EDC79567520AD2D260.jpg,,,,2025-02-12T23:59:59.999999999Z,PROSPECTUS,9,1
4362,3600541221147,200.0,Fructis,Creme tratamento hydra caracóis,Embalagem de 200 ml,3.49,17.45,200,L,€/L,,,https://driveimg1.intermarche.com/pt/Content/images/boitmal/produit/zoom/F41E1F1598E3D0E982BDFB3924B8C2FB.jpg,,,,2025-02-12T23:59:59.999999999Z,PROSPECTUS,9,1
4687,5000116105212,375.0,Iglo,"Ervilhas, embalagem de 375g",,1.89,5.04,0,kg,€/Kg,,Tipo de stockagem,https://driveimg1.intermarche.com/pt/Content/images/boitmal/produit/zoom/6C528FEBBEDC5462386A3AB117EEBFD4.jpg,,,,2025-02-12T23:59:59.999999999Z,PROSPECTUS,9,1
4713,5000204559163,150.0,Glade,"Absorvedores de odores, relax zen",Embalagem de 2x150g,3.29,21.93,150,L,€/L,,,https://driveimg1.intermarche.com/pt/Content/images/boitmal/produit/zoom/16916DD7F5CC08A46A02D04C9338D0A8.jpg,,,,2025-02-12T23:59:59.999999999Z,PROSPECTUS,9,1
4753,5000204731422,269.0,Glade,"Recarga ambientador automático, bali, 269 ml",,3.49,12.97,269,L,€/L,,,https://driveimg1.intermarche.com/pt/Content/images/boitmal/produit/zoom/89EC208577D7022603489D0FEAD7AB89.jpg,,,,2025-02-12T23:59:59.999999999Z,PROSPECTUS,9,1
4756,5000204731866,269.0,Glade,"Recarga ambientador automático, lavanda, 269 ml",,3.49,12.97,269,L,€/L,,,https://driveimg1.intermarche.com/pt/Content/images/boitmal/produit/zoom/6F255C06BE26BDBD3EF56DDC7CB885D5.jpg,,,,2025-02-12T23:59:59.999999999Z,PROSPECTUS,9,1
4866,5410036145227,600.0,Vanish,"Limpa alcatifa mousse activa, 600 ml",,5.19,8.65,600,L,€/L,,,https://driveimg1.intermarche.com/pt/Content/images/boitmal/produit/zoom/6C27E2DD194F3A92D0082DB1D4838686.jpg,,,,2025-02-12T23:59:59.999999999Z,PROSPECTUS,9,1
4930,5410101015011,300.0,Glade,"Ambientador spray, aerosol, lavanda",Embalagem de 300 ml,1.79,5.97,300,L,€/L,,,https://driveimg1.intermarche.com/pt/Content/images/boitmal/produit/zoom/2A6ECB4C1CB2E526389623176AD8AD79.jpg,,,,2025-02-12T23:59:59.999999999Z,PROSPECTUS,9,1
4935,5413149049550,,Swiffer,"Panos agarra pó, 20 recargas, 20 unidades",,3.59,3.59,0,,€/Unidade,,,https://driveimg1.intermarche.com/pt/Content/images/boitmal/produit/zoom/DD0579EB5EB231F4370AB77A31C0B2AF.jpg,,,,2025-02-12T23:59:59.999999999Z,PROSPECTUS,9,1
4971,5601001326103,20.0,Nescafé,"Café solúvel sem cafeína, embalagem de 20g",,1.6,80.0,0,kg,€/Kg,,,https://driveimg1.intermarche.com/pt/Content/images/boitmal/produit/zoom/7C3CF703560FB162B91026CC9561DB3E.jpg,,,,2025-02-12T23:59:59.999999999Z,PROSPECTUS,9,1
4997,5601021007556,250.0,Pronto,"Óleo cedro spray, 250 ml",,3.59,14.36,250,L,€/L,,,https://driveimg1.intermarche.com/pt/Content/images/boitmal/produit/zoom/D8F187866FAB2461BA06AC66DF9E1741.jpg,,,,2025-02-12T23:59:59.999999999Z,PROSPECTUS,9,1
5093,5601050033755,620.0,Danone,"Iogurte activia líquido 0% morango/kiwi, embalagem de 4 x 155 g",,1.99,3.21,0,kg,€/Kg,,,https://driveimg1.intermarche.com/pt/Content/images/boitmal/produit/zoom/29B41AE598716D0550D815AA0FE86025.jpg,,,,2025-02-12T23:59:59.999999999Z,PROSPECTUS,9,1
5137,5601078005017,750.0,Grao Vasco,"Vinho doc dão tinto, garrafa de 750 ml",,3.35,4.47,750,L,€/L,,,https://driveimg1.intermarche.com/pt/Content/images/boitmal/produit/zoom/A49446DA70D634A26DC6B1DBA802B307.jpg,,,,2025-02-12T23:59:59.999999999Z,PROSPECTUS,9,1
5163,5601119225459,110.0,Nobre,"Peito de peru fatias finas, embalagem de 110g",,2.39,21.73,0,kg,€/Kg,,,https://driveimg1.intermarche.com/pt/Content/images/boitmal/produit/zoom/974FB18B55CA4E77D8BC07F3A9C285B6.jpg,,,,2025-02-12T23:59:59.999999999Z,PROSPECTUS,9,1
5273,5601164902343,7920.0,Super Bock,"Cerveja com álcool, pack 24 x 0.33 l",,17.49,2.21,7920,L,€/L,,,https://driveimg1.intermarche.com/pt/Content/images/boitmal/produit/zoom/B20818C9DD1836C39491D27565F038C6.jpg,,,,2025-02-12T23:59:59.999999999Z,PROSPECTUS,9,1
5750,5604055112913,3000.0,Fastio,"Agua sem gás, pack 6 x 0.5 l",,2.34,0.78,3000,L,€/L,,,https://driveimg1.intermarche.com/pt/Content/images/boitmal/produit/zoom/039AD90DC7E6688A38E2BC8BA41A6E1A.jpg,,,,2025-02-12T23:59:59.999999999Z,PROSPECTUS,9,1
5892,5604260227334,750.0,Selecção de Enófilos,Vinho verde rosé,Garrafa de 0.75 l,1.99,2.65,750,L,€/L,,,https://driveimg1.intermarche.com/pt/Content/images/boitmal/produit/zoom/FF3B08058D5C451EA152B635CF98D401.jpg,,,,2025-02-12T23:59:59.999999999Z,PROSPECTUS,9,1
6057,5608527000401,750.0,Dona Ermelinda,"Vinho doc palmela tinto, garrafa de 750 ml",,5.49,7.32,750,L,€/L,,,https://driveimg1.intermarche.com/pt/Content/images/boitmal/produit/zoom/23F1D681CE22046EF6CB9743C3D31221.jpg,,,,2025-02-12T23:59:59.999999999Z,PROSPECTUS,9,1
6129,7613033736926,60.0,Felix,"Snack para gato original, 60g",,1.49,24.83,0,kg,€/Kg,,,https://driveimg1.intermarche.com/pt/Content/images/boitmal/produit/zoom/5A7E09EBCAB8492E04ABC15F8922349C.jpg,,,,2025-02-12T23:59:59.999999999Z,PROSPECTUS,9,1
6130,7613033738432,60.0,Felix,"Snack para gato seaside, embalagem de 60g",,1.49,24.83,0,kg,€/Kg,,,https://driveimg1.intermarche.com/pt/Content/images/boitmal/produit/zoom/BE04B3DB89382FB746A82610D0431CB3.jpg,,,,2025-02-12T23:59:59.999999999Z,PROSPECTUS,9,1
6133,7613033796401,1500.0,Friskies,Ração para cão mini adulto menu vitafit com frango,"Embalagem de 1,5 kg",5.24,3.49,0,kg,€/Kg,,,https://driveimg1.intermarche.com/pt/Content/images/boitmal/produit/zoom/F9D9733A41DC77CBB021DE0309C680AE.jpg,,,,2025-02-12T23:59:59.999999999Z,PROSPECTUS,9,1
6179,8000920200025,650.0,Olá,"Viennetta baunilha, embalagem de 650 ml",,2.59,3.98,650,L,€/L,,Tipo de stockagem,https://driveimg1.intermarche.com/pt/Content/images/boitmal/produit/zoom/788D43470D76B6D6336C9CB6363133EE.jpg,,,,2025-02-12T23:59:59.999999999Z,PROSPECTUS,9,1
6315,8410063055923,800.0,Pescanova,"Camarão moçambique 48/64, embalagem de 800g",,15.99,19.99,0,kg,€/Kg,,Tipo de stockagem,https://driveimg1.intermarche.com/pt/Content/images/boitmal/produit/zoom/85CC3B8F2E9B3BFD78B9D6D509C7D56E.jpg,,,,2025-02-12T23:59:59.999999999Z,PROSPECTUS,9,1
6398,8410372182303,75.0,Colgate,"Dentifríco flúor gel, embalagem de 75 ml",,1.99,26.53,75,L,€/L,,,https://driveimg1.intermarche.com/pt/Content/images/boitmal/produit/zoom/3F011A79E5A34E1D47A1369D50D1C53B.jpg,,,,2025-02-12T23:59:59.999999999Z,PROSPECTUS,9,1
6534,8411134100757,,Control,12 Preservativos Adapta Nature,,6.64,6.64,0,,€/Unidade,,,https://driveimg1.intermarche.com/pt/Content/images/boitmal/produit/zoom/FDF08D82C86793FE90E9995C0ED6E2C0.jpg,https://driveimg1.intermarche.com/pt/Content/images/boitmal/produit/zoom/C568F514DA52A86EAC67EF526EF8F152.jpg,,,2025-02-12T23:59:59.999999999Z,PROSPECTUS,9,1
6535,8411134100764,,Control,6 Preservativos Adapta Senso,,4.29,4.29,0,,€/Unidade,,,https://driveimg1.intermarche.com/pt/Content/images/boitmal/produit/zoom/76848C988C66BE0B0BB15BE058ED05F9.jpg,https://driveimg1.intermarche.com/pt/Content/images/boitmal/produit/zoom/9695A5E49C9F0664ACB2A50376B468E9.jpg,,,2025-02-12T23:59:59.999999999Z,PROSPECTUS,9,1
