identifier,produitEan13,capacite,marque,libelle,conditionnement,prix,unitPrice,volume,typeProduit_uniteByCode,unit_value,pictogrammes_0,pictogrammes_libelleCategorie,images_0,images_1,images_2,images_3,avantages_dateFin,avantages_categorie,nro_paginas,page,images_4,images_5
13914,2891225000000,350.0,Frango,Perna com Costa,1 un. = 300 g (aprox.),0.98,2.79,0,,€/Kg,,,https://driveimg1.intermarche.com/pt/Content/images/boitmal/produit/zoom/D1297D1CD095629263E582A65B4C3857.jpg,,,,2025-12-17T23:59:59Z,PROSPECTUS,14,1,,
49463,8445290250322,600.0,Nestum,Flocos Cereais Mel,Embalagem de 600g,3.79,6.32,0,kg,€/Kg,,,https://driveimg1.intermarche.com/pt/Content/images/boitmal/produit/zoom/4A0A62606AC144021ED115E1FAB3D0CE.jpg,,,,2025-12-17T23:59:59Z,PROSPECTUS,14,1,,
24838,5601164903722,7500.0,Super Bock,"Cerveja com Álcool Mini, emb. 30 x 25 cl",,14.95,1.99,7500,L,€/L,,,https://driveimg1.intermarche.com/pt/Content/images/boitmal/produit/zoom/F70F225DD8BCAD2EFB4E63DAAFD05BBF.jpg,,,,2025-12-17T23:59:59Z,PROSPECTUS,14,1,,
8383,5601049132995,1000.0,Mimosa,"Leite uht meio gordo, embalagem de 1litro",,0.9,0.9,1000,L,€/L,,,https://driveimg1.intermarche.com/pt/Content/images/boitmal/produit/zoom/6FB52C843F677BD37D399D45BB10B38B.jpg,https://driveimg1.intermarche.com/pt/Content/images/boitmal/produit/zoom/AE810093A08CEBD60415DCC626CF5804.jpg,https://driveimg1.intermarche.com/pt/Content/images/boitmal/produit/zoom/A0562293538F541B1B99592AA046327B.jpg,,2025-12-17T23:59:59Z,PROSPECTUS,14,1,,
54321,8718951477957,100.0,Colgate,"Pasta De Dentes Tripla Ação, 100ml",,2.14,21.4,100,L,€/L,,,https://driveimg1.intermarche.com/pt/Content/images/boitmal/produit/zoom/314A8AD6D21192FE5E061EE56C598725.jpg,https://driveimg1.intermarche.com/pt/Content/images/boitmal/produit/zoom/9ADDEB220D16C8DAE54C517CBC09DC55.jpg,https://driveimg1.intermarche.com/pt/Content/images/boitmal/produit/zoom/9ADDEB220D16C8DAE54C517CBC09DC55.jpg,https://driveimg1.intermarche.com/pt/Content/images/boitmal/produit/zoom/9ADDEB220D16C8DAE54C517CBC09DC55.jpg,2025-12-17T23:59:59Z,PROSPECTUS,14,1,,
13048,2893561000000,250.0,Marisco,Ameijoa Branca Vietnamita Congelada,Vendido a partir de 250 gr  (aprox.),0.5,1.99,0,,€/Kg,,Avantages !,https://driveimg1.intermarche.com/pt/Content/images/boitmal/produit/zoom/EB1BC296FF41180E6F3E1626AD4F78AA.jpg,,,,2025-12-17T23:59:59Z,PROSPECTUS,14,1,,
251,2696001000000,400.0,Padaria,Baguete,400 g,0.79,1.98,0,kg,€/Kg,,,https://driveimg1.intermarche.com/pt/Content/images/boitmal/produit/zoom/42C2E126B9E5B84C243F0668DEC3869F.jpg,,,,2025-12-17T23:59:59Z,PROSPECTUS,14,1,,
54538,8006540763582,,Fairy,"Detergente Máquina Loiça Pastilhas Original Tudo em 1 Limão, 71D",,12.99,12.99,0,,€/Unidade,,,https://driveimg1.intermarche.com/pt/Content/images/boitmal/produit/zoom/937EB01E1BF93392425BD6CC2ABF2650.jpg,,,,2025-12-17T23:59:59Z,PROSPECTUS,14,1,,
12906,2892001000000,100.0,Fruta,Clementinas,1 un = 100 gr (aprox.),0.2,1.99,0,,€/Kg,,,https://driveimg1.intermarche.com/pt/Content/images/boitmal/produit/zoom/91DC72E142D597026B000E92136FFB70.jpg,,,,2025-12-17T23:59:59Z,PROSPECTUS,14,1,,
10057,8410036800512,750.0,Freixenet,"Espumante cava meio seco reserva, garrafa de 750 ml",,6.99,9.32,750,L,€/L,,,https://driveimg1.intermarche.com/pt/Content/images/boitmal/produit/zoom/595A72B091587557F63E6DF8F5C0E8F8.jpg,,,,2025-12-24T23:59:59Z,PROSPECTUS,14,1,,
2474,7613032408602,85.0,Purina Gourmet,"Comida húmida para gato vaca e frango, embalagem de 90g",,0.87,10.24,0,kg,€/Kg,,,https://driveimg1.intermarche.com/pt/Content/images/boitmal/produit/zoom/571C1A9D6D5EE4C101463565EC0CDDDE.jpg,,,,2025-12-17T23:59:59Z,PROSPECTUS,14,1,,
27547,7613036101417,240.0,Cerelac,"Papa Infantil Láctea Aveia, Manga e Banana Seleção da Natureza +6M, emb. 240 gr",Embalagem de 240g,2.99,12.46,0,kg,€/Kg,,,https://driveimg1.intermarche.com/pt/Content/images/boitmal/produit/zoom/9A1D77EE17F24474E65CF475B4161F9F.jpg,,,,2025-12-17T23:59:59Z,PROSPECTUS,14,1,,
29738,8410436324533,1300.0,Sonasol,"Lava Tudo Flores Montanha, 1.3 l",,2.24,1.72,1300,L,€/L,,,https://driveimg1.intermarche.com/pt/Content/images/boitmal/produit/zoom/13FBFB2C777E7C44B0340328520A2D41.jpg,,,,2025-12-17T23:59:59Z,PROSPECTUS,14,1,,
1322,5601163011114,5400.0,Luso,"Água sem gás, garrafa de 5,4 l",,1.59,0.29,5400,L,€/L,,,https://driveimg1.intermarche.com/pt/Content/images/boitmal/produit/zoom/AA9320932FF184911C32006B7463EC74.jpg,,,,2025-12-17T23:59:59Z,PROSPECTUS,14,1,,
35138,5603722517655,960.0,Mimosa,"Iogurte sólido aroma morango, ananás e banana, 8 x 120 g",,1.89,1.97,0,kg,€/Kg,,,https://driveimg1.intermarche.com/pt/Content/images/boitmal/produit/zoom/7070B93AC2DB23DCF61734D801E40E6D.jpg,,,,2025-12-17T23:59:59Z,PROSPECTUS,14,1,,
6398,8410372182303,75.0,Colgate,"Dentifríco flúor gel, embalagem de 75 ml",,2.49,33.2,75,L,€/L,,,https://driveimg1.intermarche.com/pt/Content/images/boitmal/produit/zoom/3F011A79E5A34E1D47A1369D50D1C53B.jpg,,,,2025-12-17T23:59:59Z,PROSPECTUS,14,1,,
37799,7613037096828,240.0,Cerelac,"Papa Infantil Láctea Aveia e Centeio Seleção da Natureza +6M, emb. 240 gr",Embalagem de 240 g,2.99,12.46,0,kg,€/Kg,,,https://driveimg1.intermarche.com/pt/Content/images/boitmal/produit/zoom/196E9C25A91135A06C0EF78AB5B82C2A.jpg,,,,2025-12-17T23:59:59Z,PROSPECTUS,14,1,,
10094,8435257040776,640.0,Nestlé,"Iogurte líquido yoggi banana, embalagem de 4 x 160 g",,1.99,3.11,0,kg,€/Kg,,,https://driveimg1.intermarche.com/pt/Content/images/boitmal/produit/zoom/6885FCEF2FEF4752D565E64A3BDEE242.jpg,,,,2025-12-17T23:59:59Z,PROSPECTUS,14,1,,
32076,7613036496353,340.0,Purina One,"Comida Húmida para Gato Adulto Esterilizado Salmão e Peru Saquetas, emb. 4 x 85 gr",,2.59,7.62,0,kg,€/Kg,,,https://driveimg1.intermarche.com/pt/Content/images/boitmal/produit/zoom/3F5C404D1E0ED04E5681C0681EDCBF4A.jpg,,,,2025-12-17T23:59:59Z,PROSPECTUS,14,1,,
29899,2696008000000,,Padaria,Bola Rústica,85 g,0.27,0.27,0,,€/Unidade,,,https://driveimg1.intermarche.com/pt/Content/images/boitmal/produit/zoom/06C705452DA793A390CC49C0690F6BDD.jpg,,,,2025-12-17T23:59:59Z,PROSPECTUS,14,1,,
13821,2892597000000,200.0,Legumes,Tomate Cacho,1 un = 200 gr (aprox.),0.3,1.49,0,,€/Kg,,,https://driveimg1.intermarche.com/pt/Content/images/boitmal/produit/zoom/FD67F77AFAB450B6A4FA38E0279E6686.jpg,,,,2025-12-17T23:59:59Z,PROSPECTUS,14,1,,
52776,5604260331031,750.0,Selecção de Enófilos,"Vinho Tinto DOC Palmela Castelão, 75cl",,3.39,4.52,750,L,€/L,,,https://driveimg1.intermarche.com/pt/Content/images/boitmal/produit/zoom/1D0019BFED13ADC5C42B277D302BDE4E.jpg,,,,2025-12-24T23:59:59Z,PROSPECTUS,14,1,,
13934,2891062000000,250.0,Porco,Rojões,1 un = 250 gr  (aprox.),1.0,3.99,0,,€/Kg,,,https://driveimg1.intermarche.com/pt/Content/images/boitmal/produit/zoom/925F2FDC1F925A7FD71EE6165315B22E.jpg,,,,2025-12-17T23:59:59Z,PROSPECTUS,14,1,,
13897,2891053000000,1000.0,Porco,Lombo sem Osso,Vendido ao peso a partir de 1 kg,4.49,4.49,0,,€/Kg,,,https://driveimg1.intermarche.com/pt/Content/images/boitmal/produit/zoom/415564DA70574ED3C1D7475F1F28BDB6.jpg,,,,2025-12-17T23:59:59Z,PROSPECTUS,14,1,,
46714,5604260318742,,PorSi,Papel Higiénico Branco 3 Folhas 12 Rolos,,3.79,3.79,0,,€/Unidade,,,https://driveimg1.intermarche.com/pt/Content/images/boitmal/produit/zoom/302F6B4FE48393BA7E5D666ED55E249B.jpg,,,,2025-12-17T23:59:59Z,PROSPECTUS,14,1,,
13781,2892323000000,250.0,Fruta,Uva Red Globe,1 un = 250 gr  (aprox.),0.72,2.89,0,,€/Kg,,,https://driveimg1.intermarche.com/pt/Content/images/boitmal/produit/zoom/0CB9D5C0FE47F5D642EA2D42574AAC35.jpg,,,,2025-12-17T23:59:59Z,PROSPECTUS,14,1,,
24921,5604260281855,500.0,PorSi,Massa Espirais Tricolores 500g,,0.79,1.58,0,kg,€/Kg,,,https://driveimg1.intermarche.com/pt/Content/images/boitmal/produit/zoom/5CE58905BD4CA1FD470803CD9B488D04.jpg,,,,2025-12-17T23:59:59Z,PROSPECTUS,14,1,,
17272,2891375000000,800.0,Novilho,Carne p/ Estufar,Vendido ao peso a partir de 800 g,9.43,11.79,0,,€/Kg,,,https://driveimg1.intermarche.com/pt/Content/images/boitmal/produit/zoom/74A9E71258207F3FD300DB35B0F5BB18.jpg,,,,2025-12-17T23:59:59Z,PROSPECTUS,14,1,,
1451,5601286201782,500.0,Milaneza,"Massa esparguete, embalagem de 500g",,0.88,1.76,0,kg,€/Kg,,,https://driveimg1.intermarche.com/pt/Content/images/boitmal/produit/zoom/FF90DF8806B7F52F8AD5ECEED9AAA2FA.jpg,,,,2025-12-17T23:59:59Z,PROSPECTUS,14,1,,
2784,8410199021137,160.0,Ruffles,"Batata frita, embalagem de 160 g",,1.39,8.69,0,kg,€/Kg,,,https://driveimg1.intermarche.com/pt/Content/images/boitmal/produit/zoom/99D56823BC057150117915B487192BF1.jpg,,,,2025-12-17T23:59:59Z,PROSPECTUS,14,1,,
13893,2891043000000,1000.0,Porco,Entrecosto,Vendido ao peso a partir de 1 kg,5.99,5.99,0,,€/Kg,,,https://driveimg1.intermarche.com/pt/Content/images/boitmal/produit/zoom/AA05EE99D302D59771FCC108473E0700.jpg,,,,2025-12-17T23:59:59Z,PROSPECTUS,14,1,,
21291,2891140000000,1000.0,Porco,Cachaço s/ Osso,Vendido ao peso a partir de 1 kg,4.79,4.79,0,,€/Kg,,,https://driveimg1.intermarche.com/pt/Content/images/boitmal/produit/zoom/7E3931887AC2DD400F13FFEDAE44781A.jpg,,,,2025-12-17T23:59:59Z,PROSPECTUS,14,1,,
46715,5604260318759,,PorSi,Papel Higiénico Branco 4 Folhas 12 Rolos,,4.49,4.49,0,,€/Unidade,,,https://driveimg1.intermarche.com/pt/Content/images/boitmal/produit/zoom/71B84E02290AD35D82ACC6CF2D01690A.jpg,,,,2025-12-17T23:59:59Z,PROSPECTUS,14,1,,
5926,5604260256907,2000.0,PorSi,Lava Tudo Perfumado Lavanda,,0.99,0.5,2000,L,€/L,,,https://driveimg1.intermarche.com/pt/Content/images/boitmal/produit/zoom/01DD4B6F1EC514CE87AE4FA32F6F195B.jpg,,,,2025-12-17T23:59:59Z,PROSPECTUS,14,1,,
14198,5604260273683,800.0,PorSi,Bolacha Tostada 800 G,,1.59,1.99,0,kg,€/Kg,,,https://driveimg1.intermarche.com/pt/Content/images/boitmal/produit/zoom/B2D5FAAB4BD35CE24623ED7F165261C0.jpg,,,,2025-12-17T23:59:59Z,PROSPECTUS,14,1,,
18488,5600744051013,220.0,Saborosa,"Bolacha de manteiga belga original, embalagem de 220g",,1.59,7.23,0,kg,€/Kg,,,https://driveimg1.intermarche.com/pt/Content/images/boitmal/produit/zoom/435E3C8EAE2EA4A45A8BB3A81B14CF20.jpg,,,,2025-12-17T23:59:59Z,PROSPECTUS,14,1,,
25882,5449000133328,1000.0,Coca-Cola,"Refrigerante com Gás Cola Zero, emb. 1 lt",Garrafa de 1 l,1.22,1.22,1000,L,€/L,,,https://driveimg1.intermarche.com/pt/Content/images/boitmal/produit/zoom/EB5646C1819F93681606ED25E6CF32EB.jpg,,,,2025-12-17T23:59:59Z,PROSPECTUS,14,1,,
5928,5604260256921,2000.0,PorSi,Lava Tudo Perfumado Montanha,,0.99,0.5,2000,L,€/L,,,https://driveimg1.intermarche.com/pt/Content/images/boitmal/produit/zoom/1025C53588751D93B22FC3DF4D839D3B.jpg,,,,2025-12-17T23:59:59Z,PROSPECTUS,14,1,,
9315,5603722509544,1000.0,Mimosa,"Leite 0% lactose magro, de 1l",,1.29,1.29,1000,L,€/L,,,https://driveimg1.intermarche.com/pt/Content/images/boitmal/produit/zoom/0350D0DE44A653A9AB01722B06443E94.jpg,https://driveimg1.intermarche.com/pt/Content/images/boitmal/produit/zoom/DC5219EC1E15E09529E323B7D196FADA.jpg,https://driveimg1.intermarche.com/pt/Content/images/boitmal/produit/zoom/DC48BFFA4281D8016E9FB40168ED4485.jpg,,2025-12-17T23:59:59Z,PROSPECTUS,14,1,,
11961,5603722505607,1000.0,Mimosa,"Leite sem lactose meio gordo, de 1l",,1.29,1.29,1000,L,€/L,,,https://driveimg1.intermarche.com/pt/Content/images/boitmal/produit/zoom/A98ED8A0E5E675A3AC1A551BCE75B0AB.jpg,https://driveimg1.intermarche.com/pt/Content/images/boitmal/produit/zoom/4E57BFE09E8D859BDBE1705476BB9F1B.jpg,https://driveimg1.intermarche.com/pt/Content/images/boitmal/produit/zoom/E1F70144AAFCC0EAEBFF05614177D009.jpg,,2025-12-17T23:59:59Z,PROSPECTUS,14,1,,
24843,5604655005158,400.0,Peixaria,Paloco desfiado do pacifico,Embalagem de 400 g,2.69,6.73,0,kg,€/Kg,,,https://driveimg1.intermarche.com/pt/Content/images/boitmal/produit/zoom/A6D43F84A49577D695E61B0D7FE082C0.jpg,,,,2025-12-17T23:59:59Z,PROSPECTUS,14,1,,
40739,5604260302666,2000.0,PorSi,Lava Tudo Perfumado Camomila & Flor de Laranjeira,,0.99,0.5,2000,L,€/L,,,https://driveimg1.intermarche.com/pt/Content/images/boitmal/produit/zoom/EC235B47803E16EEB9720D84212A145E.jpg,,,,2025-12-17T23:59:59Z,PROSPECTUS,14,1,,
1426,5601255312112,1000.0,Caçarola,"Arroz Carolino, emb. 1 kg",,1.19,1.19,0,kg,€/Kg,,,https://driveimg1.intermarche.com/pt/Content/images/boitmal/produit/zoom/947C9C91099FF9E267C19F6B97A6C031.jpg,,,,2025-12-17T23:59:59Z,PROSPECTUS,14,1,,
14490,5604260273584,1000.0,PorSi,Corn Flakes 1 kg,,2.99,2.99,0,kg,€/Kg,,,https://driveimg1.intermarche.com/pt/Content/images/boitmal/produit/zoom/3EF873C3D07412E04ADAF72EA17EF40E.jpg,,,,2025-12-17T23:59:59Z,PROSPECTUS,14,1,,
2069,5604260193318,397.0,PorSi,Leite Condensado 397g,,1.45,3.65,0,kg,€/Kg,,,https://driveimg1.intermarche.com/pt/Content/images/boitmal/produit/zoom/41C6FC1DD28B44868F44E62073C3DA31.jpg,,,,2025-12-17T23:59:59Z,PROSPECTUS,14,1,,
27950,5604260281404,450.0,Porsi Programa Origens,Mistura Saborosa 450 G,,1.39,3.09,0,kg,€/Kg,,,https://driveimg1.intermarche.com/pt/Content/images/boitmal/produit/zoom/9FC1BB19FC125562EBD7537C69EF7799.jpg,,,,2025-12-17T23:59:59Z,PROSPECTUS,14,1,,
4947,5449000054227,1000.0,Coca-Cola,"Refrigerante com Gás Cola, emb. 1 lt",,1.35,1.35,1000,L,€/L,,,https://driveimg1.intermarche.com/pt/Content/images/boitmal/produit/zoom/3281D4D34500D6DBD7784B7DAA420E55.jpg,,,,2025-12-17T23:59:59Z,PROSPECTUS,14,1,,
8384,5601049133992,1000.0,Mimosa,"Leite uht magro, embalagem de 1litro",,0.9,0.9,1000,L,€/L,,,https://driveimg1.intermarche.com/pt/Content/images/boitmal/produit/zoom/128AB814EBA9C0783B386EB2E0A38CC9.jpg,https://driveimg1.intermarche.com/pt/Content/images/boitmal/produit/zoom/8C350978140C257D0AAD7365CD133F0C.jpg,https://driveimg1.intermarche.com/pt/Content/images/boitmal/produit/zoom/B9BED9F397071733FB4D36CBE39ECDBA.jpg,,2025-12-17T23:59:59Z,PROSPECTUS,14,1,,
11463,5601018001642,250.0,Gresso,"Manteiga com sal, embalagem de 250g",,2.14,8.56,0,kg,€/Kg,,,https://driveimg1.intermarche.com/pt/Content/images/boitmal/produit/zoom/3A5F1036925C0C6B8D6C067104A96CDE.jpg,https://driveimg1.intermarche.com/pt/Content/images/boitmal/produit/zoom/7AC5179CFF33BEA38B382077FB05A477.jpg,,,2025-12-17T23:59:59Z,PROSPECTUS,14,1,,
11465,5601018003608,1000.0,Matinal,"Leite seleccionado magro, de 1l",,1.0,1.0,1000,L,€/L,,,https://driveimg1.intermarche.com/pt/Content/images/boitmal/produit/zoom/F46A1F399BBA63407EB01F30929F5649.jpg,,,,2025-12-17T23:59:59Z,PROSPECTUS,14,1,,
13892,2891041000000,1000.0,Porco,Costeletas do Lombo,Vendido ao peso a partir de 1 kg,3.99,3.99,0,,€/Kg,,,https://driveimg1.intermarche.com/pt/Content/images/boitmal/produit/zoom/589E4AFE71E19AF7FEB32FB0C0E176FF.jpg,,,,2025-12-17T23:59:59Z,PROSPECTUS,14,1,,
17229,5602125000160,300.0,Legumes,"Cogumelo branco, embalagem de 300g",,1.49,4.97,0,kg,€/Kg,,,https://driveimg1.intermarche.com/pt/Content/images/boitmal/produit/zoom/66BAD1DC458E812967002A5594A14E2C.jpg,,,,2025-12-17T23:59:59Z,PROSPECTUS,14,1,,
2153,5604260258604,1000.0,PorSi,Polvo Limpo 1kg,,9.99,9.99,0,kg,€/Kg,,Tipo de stockagem,https://driveimg1.intermarche.com/pt/Content/images/boitmal/produit/zoom/FAF7A31A8F79D5C2CCCF361A2228856D.jpg,,,,2025-12-17T23:59:59Z,PROSPECTUS,14,1,,
34239,5604260285495,1500.0,PorSi,Pera rocha categoria II Programa Origens,Embalagem de 1.5 kg,2.49,1.66,0,kg,€/Kg,,,https://driveimg1.intermarche.com/pt/Content/images/boitmal/produit/zoom/F6E3096BF97BB2633EACD15A32FEACF7.jpg,https://driveimg1.intermarche.com/pt/Content/images/boitmal/produit/zoom/11ABC193A8AF1413E11E1849F00D2775.jpg,,,2025-12-17T23:59:59Z,PROSPECTUS,14,1,,
34875,5604260285457,1500.0,PorSi,Maçã golden categoria II Programa Origens,Embalagem de 1.5 kg,1.69,1.13,0,kg,€/Kg,,,https://driveimg1.intermarche.com/pt/Content/images/boitmal/produit/zoom/56695A5FACFB945E46B511CB21214202.jpg,,,,2025-12-17T23:59:59Z,PROSPECTUS,14,1,,
36523,5604260295661,2500.0,PorSi,"Batata Pré-frita Palitos 2,5kg","Embalagem de 2,5 kg",4.45,1.78,0,kg,€/Kg,,Tipo de stockagem,https://driveimg1.intermarche.com/pt/Content/images/boitmal/produit/zoom/B8BBD039EFBF08C6ABF444D64CA5907E.jpg,,,,2025-12-17T23:59:59Z,PROSPECTUS,14,1,,
37923,5604260300990,1000.0,Porsi Vivabem,Bebida de Amêndoa 1l,,1.05,1.05,1000,L,€/L,,,https://driveimg1.intermarche.com/pt/Content/images/boitmal/produit/zoom/74B05726BD16B03D5A528D4778757940.jpg,,,,2025-12-17T23:59:59Z,PROSPECTUS,14,1,,
40667,5604260303724,500.0,PorSi,Queijo Vaca Curado Amanteigado Light 500g,,4.99,9.98,0,kg,€/Kg,,,https://driveimg1.intermarche.com/pt/Content/images/boitmal/produit/zoom/A98FAAE3B023E27BEADFFB9F1E5EDBDF.jpg,,,,2025-12-17T23:59:59Z,PROSPECTUS,14,1,,
40742,5604260303137,150.0,PorSi,Pipocas Doces 150g,,0.79,5.27,0,kg,€/Kg,,,https://driveimg1.intermarche.com/pt/Content/images/boitmal/produit/zoom/A7EA4F7B4F03D0F105B029039771CC73.jpg,,,,2025-12-17T23:59:59Z,PROSPECTUS,14,1,,
49887,5604260324248,300.0,PorSi,Lombos de Salmão 300g,,7.15,23.83,0,kg,€/Kg,,Tipo de stockagem,https://driveimg1.intermarche.com/pt/Content/images/boitmal/produit/zoom/480B96CA3CD067C85E56E2FB38670D10.jpg,,,,2025-12-17T23:59:59Z,PROSPECTUS,14,1,,
54807,5603722521249,604.0,Mimosa,"Iogurte magro liquido frutos tropicais, 4 x 151 ml",,1.54,2.55,604,L,€/L,,,https://driveimg1.intermarche.com/pt/Content/images/boitmal/produit/zoom/C77456F505DA2CCD8DCF28975C13CB45.jpg,,,,2025-12-17T23:59:59Z,PROSPECTUS,14,1,,
5788,5604260033447,200.0,PorSi,Chouriço Corrente 200g,,1.35,6.75,0,kg,€/Kg,,,https://driveimg1.intermarche.com/pt/Content/images/boitmal/produit/zoom/92DD7C79E00E3F96B89DDD048D065D1C.jpg,,,,2025-12-17T23:59:59Z,PROSPECTUS,14,1,,
9292,5603722493812,250.0,Matinal,"Manteiga magra, embalagem de 250g",,2.49,9.96,0,kg,€/Kg,,,https://driveimg1.intermarche.com/pt/Content/images/boitmal/produit/zoom/AA91DFCE88DA98DA1BB05E606B3C1FF9.jpg,,,,2025-12-17T23:59:59Z,PROSPECTUS,14,1,,
973,5601024105020,1000.0,Fula,"Óleo Alimentar, emb. 1 lt",Embalagem 1L,1.99,1.99,1000,L,€/L,,,https://driveimg1.intermarche.com/pt/Content/images/boitmal/produit/zoom/322383F88535C8A24498724B92188318.jpg,,,,2025-12-17T23:59:59Z,PROSPECTUS,14,1,,
1010,5601038300091,240.0,Knorr,"Caldo de Galinha Cubos, emb. 240 gr (24 un)",,2.49,10.38,0,kg,€/Kg,,,https://driveimg1.intermarche.com/pt/Content/images/boitmal/produit/zoom/4E25834255892D5C9C1047A286FE9847.jpg,,,,2025-12-17T23:59:59Z,PROSPECTUS,14,1,,
1011,5601043111019,1000.0,Branca de neve,"Farinha de Trigo Fina com Fermento, emb. 1 kg",,1.59,1.59,0,kg,€/Kg,,,https://driveimg1.intermarche.com/pt/Content/images/boitmal/produit/zoom/D6747B38ADBB658B352D698D9667A42C.jpg,,,,2025-12-17T23:59:59Z,PROSPECTUS,14,1,,
1427,5601255322128,1000.0,Caçarola,"Arroz Agulha Extra Longo, emb. 1 kg",,1.35,1.35,0,kg,€/Kg,,,https://driveimg1.intermarche.com/pt/Content/images/boitmal/produit/zoom/890B51848ABBB7681A83F53B93FE7282.jpg,,,,2025-12-17T23:59:59Z,PROSPECTUS,14,1,,
15060,2892453000000,1000.0,Programa Origens,Abóbora Butternut,1 un = 1 kg (aprox.),0.99,0.99,0,,€/Kg,,,https://driveimg1.intermarche.com/pt/Content/images/boitmal/produit/zoom/B52C2C8A1B11C26BA2F358A3355C1A17.jpg,,,,2025-12-17T23:59:59Z,PROSPECTUS,14,1,,
18489,5600744051020,198.0,Saborosa,"Bolacha de manteiga belga com chocolate, embalagem de 200g",,1.64,8.28,0,kg,€/Kg,,,https://driveimg1.intermarche.com/pt/Content/images/boitmal/produit/zoom/96C31A82D017146C1ADBA7AC747D4690.jpg,,,,2025-12-17T23:59:59Z,PROSPECTUS,14,1,,
19170,5604260193301,390.0,PorSi,Leite Condensado Magro 390g,,1.42,3.64,0,kg,€/Kg,,,https://driveimg1.intermarche.com/pt/Content/images/boitmal/produit/zoom/5402E6160092AE04E469A7AB544D6F93.jpg,,,,2025-12-17T23:59:59Z,PROSPECTUS,14,1,,
22167,7613034944849,200.0,After Eight,"Bombons de Chocolate Negro com Menta, emb. 200 gr",Embalagem de 200g,3.49,17.45,0,kg,€/Kg,,,https://driveimg1.intermarche.com/pt/Content/images/boitmal/produit/zoom/245F7F4095BCE74B8441E4600DD3127A.jpg,,,,2025-12-24T23:59:59Z,PROSPECTUS,14,1,,
2749,8410063046532,350.0,Pescanova,"Miolo de Camarão 80/100, emb. 350 gr",,6.99,19.97,0,kg,€/Kg,,Tipo de stockagem,https://driveimg1.intermarche.com/pt/Content/images/boitmal/produit/zoom/0EA75135180DC26543A97F342303334A.jpg,,,,2025-12-17T23:59:59Z,PROSPECTUS,14,1,,
29613,5604260283538,1000.0,Porsi Vivabem,Bebida de Aveia 0% Açúcares Adicionados 1l,,0.99,0.99,1000,L,€/L,,,https://driveimg1.intermarche.com/pt/Content/images/boitmal/produit/zoom/1EE40BC1DA49C5CE3D084214B1D3D3B9.jpg,,,,2025-12-17T23:59:59Z,PROSPECTUS,14,1,,
36272,5604260300723,414.0,PorSi,Maionese Top Down 414g,,1.68,4.06,0,kg,€/Kg,,,https://driveimg1.intermarche.com/pt/Content/images/boitmal/produit/zoom/8FCA627AE2DB4595C7AF33E2C707EA97.jpg,,,,2025-12-17T23:59:59Z,PROSPECTUS,14,1,,
5119,5601066200073,1000.0,Nacional,Farinha p/ bolos extra fina,Embalagem de 1 kg,0.99,0.99,0,kg,€/Kg,,,https://driveimg1.intermarche.com/pt/Content/images/boitmal/produit/zoom/0BC68EEEFB7AD341320FD65451A85D72.jpg,,,,2025-12-17T23:59:59Z,PROSPECTUS,14,1,,
52935,5603722522628,200.0,Matinal,"Manteiga magra sem lactose, 200g",,1.99,9.95,0,kg,€/Kg,,,https://driveimg1.intermarche.com/pt/Content/images/boitmal/produit/zoom/8CBD1054729AF9FC46683642CA3D0920.jpg,https://driveimg1.intermarche.com/pt/Content/images/boitmal/produit/zoom/2A7DC81F20D438007A5500C63648E75B.jpg,https://driveimg1.intermarche.com/pt/Content/images/boitmal/produit/zoom/2A7DC81F20D438007A5500C63648E75B.jpg,,2025-12-17T23:59:59Z,PROSPECTUS,14,1,,
56207,5604260333813,240.0,PorSi,Tomate Pelado Inteiro 390g,,0.69,2.88,0,kg,€/Kg,,,https://driveimg1.intermarche.com/pt/Content/images/boitmal/produit/zoom/0D5902C8348B837FF5999053B8B369AC.jpg,,,,2025-12-17T23:59:59Z,PROSPECTUS,14,1,,
56303,5604260334629,500.0,PorSi,Cereais Petalas de Chocolate 1kg,,3.39,6.78,0,kg,€/Kg,,,https://driveimg1.intermarche.com/pt/Content/images/boitmal/produit/zoom/545F9A77651A95F1ECB495CD2CE684C8.jpg,,,,2025-12-17T23:59:59Z,PROSPECTUS,14,1,,
8312,5604260318728,,PorSi,Rolo de Cozinha Multiusos 2 Folhas 1 Rolo,,3.29,3.29,0,,€/Unidade,,,https://driveimg1.intermarche.com/pt/Content/images/boitmal/produit/zoom/2CC07BB275A924BB79BAF68BD05975F4.jpg,,,,2025-12-17T23:59:59Z,PROSPECTUS,14,1,,
8382,5601049131998,1000.0,Mimosa,"Leite uht gordo, embalagem de 1litro",,1.05,1.05,1000,L,€/L,,,https://driveimg1.intermarche.com/pt/Content/images/boitmal/produit/zoom/5D46937192D7E0425B02DA44F0AF6CA9.jpg,https://driveimg1.intermarche.com/pt/Content/images/boitmal/produit/zoom/85426DF0A207BC5690BA7486D86DBCDC.jpg,https://driveimg1.intermarche.com/pt/Content/images/boitmal/produit/zoom/85C3489AE589A6300942C731BCB55282.jpg,,2025-12-17T23:59:59Z,PROSPECTUS,14,1,,
1188,5601119007970,200.0,Nobre,"Salsichas Frankfurt Originais Lata 8 un, emb. 200 gr",,1.39,6.95,0,kg,€/Kg,,,https://driveimg1.intermarche.com/pt/Content/images/boitmal/produit/zoom/F480FC52D56464F3C1B867155F4A37B9.jpg,,,,2025-12-17T23:59:59Z,PROSPECTUS,14,1,,
11923,5603089001354,200.0,Parmalat,"Natas uht com cogumelos, embalagem de 200 ml",,1.12,5.6,200,L,€/L,,,https://driveimg1.intermarche.com/pt/Content/images/boitmal/produit/zoom/7656C24D7DAFA0C6E3337C6F803E6E46.jpg,,,,2025-12-17T23:59:59Z,PROSPECTUS,14,1,,
11925,5603089002221,200.0,Parmalat,"Nata uht para culinária, embalagem de 200 ml",,0.99,4.95,200,L,€/L,,,https://driveimg1.intermarche.com/pt/Content/images/boitmal/produit/zoom/6D33922CAD380AFD4F287905CBB6BE3F.jpg,,,,2025-12-17T23:59:59Z,PROSPECTUS,14,1,,
13839,2891006000000,800.0,Novilho,Bife da Pá,Vendido ao peso a partir de 800 g,10.23,12.79,0,,€/Kg,,,https://driveimg1.intermarche.com/pt/Content/images/boitmal/produit/zoom/5626B1315F40E59D057B37FBCA18064B.jpg,,,,2025-12-17T23:59:59Z,PROSPECTUS,14,1,,
16105,5601146703463,7500.0,Sagres,"Cerveja com Álcool Mini, emb. 30 x 25 cl",,13.85,1.85,7500,L,€/L,,,https://driveimg1.intermarche.com/pt/Content/images/boitmal/produit/zoom/8AED8878F83EE06034073768C464A0DF.jpg,,,,2025-12-17T23:59:59Z,PROSPECTUS,14,1,,
16112,5604260276615,1500.0,PorSi,"Sumo Laranja 1,5l",,2.49,1.66,1500,L,€/L,,,https://driveimg1.intermarche.com/pt/Content/images/boitmal/produit/zoom/F6FA9C63B0B78A535F9ACA27CDC204B3.jpg,,,,2025-12-17T23:59:59Z,PROSPECTUS,14,1,,
17253,5604260274130,500.0,PorSi,Ananas Rodelas em Sumo 820g,,2.19,4.38,0,kg,€/Kg,,,https://driveimg1.intermarche.com/pt/Content/images/boitmal/produit/zoom/CD04D3091AAEE78C953142599CF1911D.jpg,,,,2025-12-17T23:59:59Z,PROSPECTUS,14,1,,
19022,5603722509742,800.0,Agros,"Leite com chocolate, embalagem de 4 x 200 ml",,1.6,2.0,800,L,€/L,,,https://driveimg1.intermarche.com/pt/Content/images/boitmal/produit/zoom/86A34AF1051A1750347A4FF58912A923.jpg,,,,2025-12-17T23:59:59Z,PROSPECTUS,14,1,,
20939,5602125000344,300.0,Legumes,Cogumelo Portobello Pequeno,embalagem de 300 g,1.49,4.97,0,kg,€/Kg,,,https://driveimg1.intermarche.com/pt/Content/images/boitmal/produit/zoom/498EFA86C0C334205FFF2827730CD254.jpg,,,,2025-12-17T23:59:59Z,PROSPECTUS,14,1,,
26929,8003340073545,200.0,Lindt,"Bombons chocolate leite, embalagem de 200g",,7.99,39.95,0,kg,€/Kg,,,https://driveimg1.intermarche.com/pt/Content/images/boitmal/produit/zoom/2BB27A8A278BFA5D060C9F86A4AE2E74.jpg,,,,2025-12-24T23:59:59Z,PROSPECTUS,14,1,,
28877,5604260276622,1500.0,PorSi,"Sumo Maçã 1,5l",,1.09,0.73,1500,L,€/L,,,https://driveimg1.intermarche.com/pt/Content/images/boitmal/produit/zoom/AB7D3F4136FC93580B83FF3902AE63C1.jpg,,,,2025-12-17T23:59:59Z,PROSPECTUS,14,1,,
30477,3083681070187,225.0,Bonduelle,"Milho Doce sem Glúten, emb. 3 x 75 gr",,1.78,7.91,0,kg,€/Kg,,,https://driveimg1.intermarche.com/pt/Content/images/boitmal/produit/zoom/21305BEE4D64377736F1C50D030AC0E3.jpg,,,,2025-12-17T23:59:59Z,PROSPECTUS,14,1,,
37742,5604260301508,200.0,PorSi,Chocolate Culinário Negro,Embalagem de 200 g,2.39,11.95,0,kg,€/Kg,,,https://driveimg1.intermarche.com/pt/Content/images/boitmal/produit/zoom/82B3CD91EFD22610AB105B2EFE8833B9.jpg,,,,2025-12-17T23:59:59Z,PROSPECTUS,14,1,,
405,8712566410910,275.0,Calvé,"Ketchup Top Down sem Glúten, emb. 275 gr",,1.48,5.38,0,kg,€/Kg,,,https://driveimg1.intermarche.com/pt/Content/images/boitmal/produit/zoom/9E63EED4B27A252289B8979C188F5B40.jpg,https://driveimg1.intermarche.com/pt/Content/images/boitmal/produit/zoom/0D7B165FF00CA45BD8F6AC077E3CA1EC.jpg,https://driveimg1.intermarche.com/pt/Content/images/boitmal/produit/zoom/0D7B165FF00CA45BD8F6AC077E3CA1EC.jpg,https://driveimg1.intermarche.com/pt/Content/images/boitmal/produit/zoom/0D7B165FF00CA45BD8F6AC077E3CA1EC.jpg,2025-12-17T23:59:59Z,PROSPECTUS,14,1,,
41822,7613039868300,270.0,Nestlé,"Cereais Estrelitas Mel, emb. 270 gr",Embalagem de 270 g,1.49,5.52,0,kg,€/Kg,,,https://driveimg1.intermarche.com/pt/Content/images/boitmal/produit/zoom/8ED5B2AE951DD00B9C8D9B0148834738.jpg,,,,2025-12-17T23:59:59Z,PROSPECTUS,14,1,,
43712,5604260288618,300.0,PorSi,Figo Pingo de Mel 300 G,Embalagem de 300 g,1.69,5.63,0,kg,€/Kg,,,https://driveimg1.intermarche.com/pt/Content/images/boitmal/produit/zoom/A9C64AFCF1A2C65E7FC7E84E79270631.jpg,,,,2025-12-17T23:59:59Z,PROSPECTUS,14,1,,
46921,5604260318803,250.0,PorSi Select,Bombons Frutos do Mar,250 g,3.89,15.56,0,kg,€/Kg,,,https://driveimg1.intermarche.com/pt/Content/images/boitmal/produit/zoom/21DE68F559B30F55F4E6AFC7333725FE.jpg,,,,2025-12-24T23:59:59Z,PROSPECTUS,14,1,,
47019,5604260319084,200.0,PorSi Select,Trufas de Cacau,,1.89,9.45,0,kg,€/Kg,,,https://driveimg1.intermarche.com/pt/Content/images/boitmal/produit/zoom/4AA4925FFD5445A654888A10EEB34DFB.jpg,https://driveimg1.intermarche.com/pt/Content/images/boitmal/produit/zoom/02469861308C38D912A61C46B1E065A2.jpg,,,2025-12-24T23:59:59Z,PROSPECTUS,14,1,,
47548,5604260319077,200.0,PorSi Select,Bombons Luxo Belga,Embalagem de 200 g,5.99,29.95,0,kg,€/Kg,,,https://driveimg1.intermarche.com/pt/Content/images/boitmal/produit/zoom/6E454FDCC9771E04A1EC3132E407019F.jpg,,,,2025-12-24T23:59:59Z,PROSPECTUS,14,1,,
47782,5604260319985,1000.0,Porsi Vivabem,Bebida de Avelã 1l,,1.29,1.29,1000,L,€/L,,,https://driveimg1.intermarche.com/pt/Content/images/boitmal/produit/zoom/094EAEBDE5D57C017BB756A541CFD9A9.jpg,,,,2025-12-17T23:59:59Z,PROSPECTUS,14,1,,
47979,5604260312740,468.0,PorSi,Detergente Máquina Loiça Rótulo Ecológico 26pastilhas,26 pastilhas,3.09,6.6,0,kg,€/Kg,,,https://driveimg1.intermarche.com/pt/Content/images/boitmal/produit/zoom/78BEBFE1DB31B8C2D02C89E6CE3251D4.jpg,,,,2025-12-17T23:59:59Z,PROSPECTUS,14,2,,
48085,5604260319145,2000.0,PorSi,Iogurte Cremoso Pedaços Fruta 16x125g,,4.99,2.5,0,kg,€/Kg,,,https://driveimg1.intermarche.com/pt/Content/images/boitmal/produit/zoom/9EB3444AAE60DA230D9A0A81989B0C95.jpg,,,,2025-12-17T23:59:59Z,PROSPECTUS,14,2,,
50386,8445290290014,30.0,Maggi,"Molho suculento frango no forno com alho e cebola em saqueta, 30g",,0.89,29.67,0,kg,€/Kg,,,https://driveimg1.intermarche.com/pt/Content/images/boitmal/produit/zoom/0DEECC66FD9482A59A0436C06913C5D2.jpg,,,,2025-12-17T23:59:59Z,PROSPECTUS,14,2,,
52379,8720181407147,1300.0,Cif,"Lava tudo perfumado limão verde, embalagem de 1,3l",,2.09,1.61,1300,L,€/L,,,https://driveimg1.intermarche.com/pt/Content/images/boitmal/produit/zoom/1EA3C8FB10989E07DC274DC372288083.jpg,https://driveimg1.intermarche.com/pt/Content/images/boitmal/produit/zoom/309C981A45755DD79B0981E67BD7AF66.jpg,,,2025-12-17T23:59:59Z,PROSPECTUS,14,2,,
52565,5604260328376,1000.0,Porsi Vivabem,Bebida de Arroz e Coco 0% Açúcares Adicionados 1l,,1.59,1.59,1000,L,€/L,,,https://driveimg1.intermarche.com/pt/Content/images/boitmal/produit/zoom/9A9F1F77ACED7CF28DCDA8EAC08A4425.jpg,,,,2025-12-17T23:59:59Z,PROSPECTUS,14,2,,
52848,8410063094564,1000.0,Pescanova,"Nuggets de Pescada Panada sem Glúten, emb. 1 kg",,7.49,7.49,0,kg,€/Kg,,Tipo de stockagem,https://driveimg1.intermarche.com/pt/Content/images/boitmal/produit/zoom/5276D77CD9BBF475970EE1C857741542.jpg,https://driveimg1.intermarche.com/pt/Content/images/boitmal/produit/zoom/16DCF1CA65B81C53FF13A02B354ADA88.jpg,https://driveimg1.intermarche.com/pt/Content/images/boitmal/produit/zoom/16DCF1CA65B81C53FF13A02B354ADA88.jpg,https://driveimg1.intermarche.com/pt/Content/images/boitmal/produit/zoom/16DCF1CA65B81C53FF13A02B354ADA88.jpg,2025-12-17T23:59:59Z,PROSPECTUS,14,2,,
54799,5603722521263,604.0,Mimosa,Iogurte magro liquido frutos silvestres 4 x 151 ml,,1.54,2.55,604,L,€/L,,,https://driveimg1.intermarche.com/pt/Content/images/boitmal/produit/zoom/783E43940BBBFF2CB63BFFCCB1232BA5.jpg,,,,2025-12-17T23:59:59Z,PROSPECTUS,14,2,,
10095,8435257040899,640.0,Nestlé,"Iogurte líquido yoggi morango, embalagem de 4 x 160g",,1.99,3.11,0,kg,€/Kg,,,https://driveimg1.intermarche.com/pt/Content/images/boitmal/produit/zoom/BCBB1C4518CDF8045B46EB41CD173E54.jpg,,,,2025-12-17T23:59:59Z,PROSPECTUS,14,2,,
10274,8410436242172,1100.0,Sonasol,"Lava Tudo Brilhante Floral, embalagem 1,1l",,2.99,2.72,1100,L,€/L,,,https://driveimg1.intermarche.com/pt/Content/images/boitmal/produit/zoom/01F5925CB3ADDDABA2B9F66C7D55728C.jpg,,,,2025-12-17T23:59:59Z,PROSPECTUS,14,2,,
1102,5601066200080,1000.0,Nacional,"Farinha rainha com fermento, embalagem de 1000g",,1.15,1.15,0,kg,€/Kg,,,https://driveimg1.intermarche.com/pt/Content/images/boitmal/produit/zoom/1F46A8407AE2757268DF4DF863DF2CF4.jpg,,,,2025-12-17T23:59:59Z,PROSPECTUS,14,2,,
11464,5601018003400,1000.0,Matinal,"Leite seleccionado meio gordo, de 1l",,1.0,1.0,1000,L,€/L,,,https://driveimg1.intermarche.com/pt/Content/images/boitmal/produit/zoom/5F34056BF2D07C9D39E218B31081D1FC.jpg,,,,2025-12-17T23:59:59Z,PROSPECTUS,14,2,,
11613,5601164864467,1320.0,Somersby,"Sidra maçã, pack 4 x 0.33 l",,3.89,2.95,1320,L,€/L,,,https://driveimg1.intermarche.com/pt/Content/images/boitmal/produit/zoom/F0118862B10C3F3FD894ACFE7A34A6C9.jpg,,,,2025-12-17T23:59:59Z,PROSPECTUS,14,2,,
1189,5601119007987,250.0,Nobre,"Salsichas Frankfurt Originais Lata 10 un, emb. 250 gr",,1.67,6.68,0,kg,€/Kg,,,https://driveimg1.intermarche.com/pt/Content/images/boitmal/produit/zoom/0B023C2ECBDBE7AB09A89A8810925D65.jpg,,,,2025-12-17T23:59:59Z,PROSPECTUS,14,2,,
11930,5603089003679,200.0,Parmalat,"Nata uht carbonara, embalagem de 200 ml",,1.12,5.6,200,L,€/L,,,https://driveimg1.intermarche.com/pt/Content/images/boitmal/produit/zoom/1933ECF81D43BC98B904C36872874CA5.jpg,,,,2025-12-17T23:59:59Z,PROSPECTUS,14,2,,
12046,5604260104116,500.0,PorSi,Molho Béchamel 500ml,,1.69,3.38,500,L,€/L,,,https://driveimg1.intermarche.com/pt/Content/images/boitmal/produit/zoom/B291394A8F64F4ED834F032F124A988C.jpg,,,,2025-12-17T23:59:59Z,PROSPECTUS,14,2,,
13095,2893071000000,100.0,Peixaria,Carapau Pequeno,1 un = 100 g (aprox.),0.35,3.49,0,,€/Kg,,,https://driveimg1.intermarche.com/pt/Content/images/boitmal/produit/zoom/07606BE143D22CF4796A63CA9C752E5B.jpg,,,,2025-12-17T23:59:59Z,PROSPECTUS,14,2,,
13566,2893560000000,250.0,Congelado de Aquicultura,Camarão Congelado 20/30,1 un = 250 gr  (aprox.),2.25,8.99,0,,€/Kg,,Avantages !,https://driveimg1.intermarche.com/pt/Content/images/boitmal/produit/zoom/863DB9F10BE616A55736AB7A17BC6BB5.jpg,,,,2025-12-17T23:59:59Z,PROSPECTUS,14,2,,
13884,2891106000000,2000.0,PorSi Select,Frango do Campo Inteiro c/ Miúdos Programa Origens,Vendido ao peso,8.98,4.49,0,,€/Kg,,,https://driveimg1.intermarche.com/pt/Content/images/boitmal/produit/zoom/4004CE88E12A24D0AD85684C27210FBB.jpg,,,,2025-12-17T23:59:59Z,PROSPECTUS,14,2,,
1455,5601286214782,500.0,Milaneza,"Aletria, embalagem de 500g",,1.19,2.38,0,kg,€/Kg,,,https://driveimg1.intermarche.com/pt/Content/images/boitmal/produit/zoom/3204DCCAED8201D4932A04E6BF8BD728.jpg,,,,2025-12-17T23:59:59Z,PROSPECTUS,14,2,,
14854,2891117000000,2350.0,PorSi,Pato inteiro com miúdos,1 un = 2.250 kg (aprox.),9.38,3.99,0,,€/Kg,,,https://driveimg1.intermarche.com/pt/Content/images/boitmal/produit/zoom/E5F2031D60089F4C13D404725928D593.jpg,,,,2025-12-17T23:59:59Z,PROSPECTUS,14,2,,
1491,5601363001168,120.0,Doritos,"Aperitivos tex mex, embalagem de 120g",,1.39,11.58,0,kg,€/Kg,,,https://driveimg1.intermarche.com/pt/Content/images/boitmal/produit/zoom/1053755FDFA8216E31D4BC77D22F56B2.jpg,,,,2025-12-17T23:59:59Z,PROSPECTUS,14,2,,
15074,2893812000000,2500.0,Bacalhau,Bacalhau Graúdo da Noruega,1 un = 2.5 kg (aprox.),39.98,15.99,0,,€/Kg,,,https://driveimg1.intermarche.com/pt/Content/images/boitmal/produit/zoom/5B57E89267AA2374EF4EE7D25F5702E7.jpg,,,,2025-12-17T23:59:59Z,PROSPECTUS,14,2,,
16003,5000116109630,300.0,Capitão Iglo,"12 douradinhos forníssimo, embalagem de 300g",,3.98,13.27,0,kg,€/Kg,,Tipo de stockagem,https://driveimg1.intermarche.com/pt/Content/images/boitmal/produit/zoom/544992A31EAE2C5ED6C344C7B21BC2DA.jpg,,,,2025-12-17T23:59:59Z,PROSPECTUS,14,2,,
16427,5604260277407,2000.0,PorSi,Lixívia Delicada 2l,,1.19,0.6,2000,L,€/L,,,https://driveimg1.intermarche.com/pt/Content/images/boitmal/produit/zoom/04D235A82CA5C93C045F731FF2ACAE42.jpg,,,,2025-12-17T23:59:59Z,PROSPECTUS,14,2,,
16567,5000116110070,750.0,Iglo,"Esparregado de espinafres, embalagem de 750g",,3.49,4.65,0,kg,€/Kg,,Tipo de stockagem,https://driveimg1.intermarche.com/pt/Content/images/boitmal/produit/zoom/F70E4F5A76F097E6E455FB2FF67D9B6F.jpg,,,,2025-12-17T23:59:59Z,PROSPECTUS,14,2,,
17189,5603344531107,110.0,General,"Atum em posta, em azeite, embalagem de 110g",,1.49,13.55,0,kg,€/Kg,,,https://driveimg1.intermarche.com/pt/Content/images/boitmal/produit/zoom/9B578FD57DAE66EA731A200412CF6D79.jpg,,,,2025-12-17T23:59:59Z,PROSPECTUS,14,2,,
17428,5060335632272,500.0,Monster,"Bebida energética zero, garrafa de 500 ml",,1.39,2.78,500,L,€/L,,,https://driveimg1.intermarche.com/pt/Content/images/boitmal/produit/zoom/27CD56EBFA1CEC3B0081B9EB3853C598.jpg,,,,2025-12-17T23:59:59Z,PROSPECTUS,14,2,,
18161,5601164884465,1320.0,Somersby,Sidra frutos vermelhos,pack 4 x 0.33 l,3.89,2.95,1320,L,€/L,,,https://driveimg1.intermarche.com/pt/Content/images/boitmal/produit/zoom/507246A606E1CB1D17B01F2DC7199F50.jpg,,,,2025-12-17T23:59:59Z,PROSPECTUS,14,2,,
22307,5601019012647,390.0,Guloso,"Tomate em pedaços, embalagem de 390g",,1.44,3.69,0,kg,€/Kg,,,https://driveimg1.intermarche.com/pt/Content/images/boitmal/produit/zoom/85FEDF14479D5ED36078754920648A80.jpg,,,,2025-12-17T23:59:59Z,PROSPECTUS,14,2,,
24380,8434165444881,500.0,Cuétara,Choco flakes,Embalagem de 500g,3.34,6.68,0,kg,€/Kg,,,https://driveimg1.intermarche.com/pt/Content/images/boitmal/produit/zoom/B608700F0A2C471F9866509C7ED90B7D.jpg,,,,2025-12-17T23:59:59Z,PROSPECTUS,14,2,,
24414,8410436297691,1300.0,Sonasol,"Lava tudo camomila e flor de laranjeira, 1,3l",,2.24,1.72,1300,L,€/L,,,https://driveimg1.intermarche.com/pt/Content/images/boitmal/produit/zoom/C67C521AD0B096D9F596A17B56363CA4.jpg,,,,2025-12-17T23:59:59Z,PROSPECTUS,14,2,,
25109,5601226041669,1000.0,Ucal,"Leite uht com chocolate, de 1 l",,2.39,2.39,1000,L,€/L,,,https://driveimg1.intermarche.com/pt/Content/images/boitmal/produit/zoom/738D47C205671FC9009C184DEADB5970.jpg,,,,2025-12-17T23:59:59Z,PROSPECTUS,14,2,,
25262,5000116112166,208.0,Capitão Iglo,"10 nuggets de frango, embalagem de 210g",,2.99,14.38,0,kg,€/Kg,,Tipo de stockagem,https://driveimg1.intermarche.com/pt/Content/images/boitmal/produit/zoom/CF1467DF1CD91C352F5C2C303E0557A7.jpg,,,,2025-12-17T23:59:59Z,PROSPECTUS,14,2,,
26091,7613036115575,550.0,Nestlé,Cereais estrelitas,Embalagem de 550g,2.49,4.53,0,kg,€/Kg,,,https://driveimg1.intermarche.com/pt/Content/images/boitmal/produit/zoom/90505B63FB20AF187537F3B46DDB9B86.jpg,,,,2025-12-17T23:59:59Z,PROSPECTUS,14,2,,
28330,5604260281381,850.0,Porsi Programa Origens,Legumes para Creme de Curgete e Brócolo 850 G,,2.19,2.58,0,kg,€/Kg,,,https://driveimg1.intermarche.com/pt/Content/images/boitmal/produit/zoom/EC6056960A8DD43CC7435EC511BD79B9.jpg,,,,2025-12-17T23:59:59Z,PROSPECTUS,14,2,,
29082,5410976140122,250.0,Guylian,"Bombons Frutos do Mar, emb. 250 gr",,8.69,34.76,0,kg,€/Kg,,,https://driveimg1.intermarche.com/pt/Content/images/boitmal/produit/zoom/3C8BEB0B5F241708B6F819F9DEEA51D5.jpg,,,,2025-12-24T23:59:59Z,PROSPECTUS,14,2,,
29356,8718951202856,500.0,Palmolive,"Gel de banho natural leite e mel, 500 ml",,2.69,5.38,500,L,€/L,,,https://driveimg1.intermarche.com/pt/Content/images/boitmal/produit/zoom/6CB5E843C7A08E2ECE1293E08A53478D.jpg,,,,2025-12-17T23:59:59Z,PROSPECTUS,14,2,,
29612,5604260283545,1000.0,Porsi Vivabem,Bebida de Arroz 0% Açúcares Adicionados 1l,,1.19,1.19,1000,L,€/L,,,https://driveimg1.intermarche.com/pt/Content/images/boitmal/produit/zoom/1CC67FBC1159B7AB53C4B66B360A0BCF.jpg,,,,2025-12-17T23:59:59Z,PROSPECTUS,14,2,,
32063,8712423038844,33.0,Knorr,"Strogonoff 1, 2, 3...sabor!, embalagem de 33 g",,1.19,36.06,0,kg,€/Kg,,,https://driveimg1.intermarche.com/pt/Content/images/boitmal/produit/zoom/4A8045759567B372AE215D4B257F03A8.jpg,,,,2025-12-17T23:59:59Z,PROSPECTUS,14,2,,
32408,5601050034967,600.0,Danone,"Danacol aveia, embalagem de 6 x 100g",,2.99,4.98,0,kg,€/Kg,,,https://driveimg1.intermarche.com/pt/Content/images/boitmal/produit/zoom/5CE656F263120C59B9C0953B21D516B7.jpg,,,,2025-12-17T23:59:59Z,PROSPECTUS,14,2,,
35704,3021768203639,360.0,Gogo,"Conjunto de saquetas de fruta maçã e banana, embalagem de 4 x 90g",,2.55,7.08,0,kg,€/Kg,,,https://driveimg1.intermarche.com/pt/Content/images/boitmal/produit/zoom/3B0800B00BAA9EFC0F6FD35BCC52240D.jpg,,,,2025-12-17T23:59:59Z,PROSPECTUS,14,2,,
35874,8434165442870,150.0,Cuétara,"Bolachas waffers com recheio de cacau e avelã, embalagem de 150g",,0.99,6.6,0,kg,€/Kg,,,https://driveimg1.intermarche.com/pt/Content/images/boitmal/produit/zoom/6065CAF7A25398954A4CDCDCD03CF5F4.jpg,,,,2025-12-17T23:59:59Z,PROSPECTUS,14,2,,
35889,5601151974070,1750.0,Seven Up,"Refrigerante de lima limão free, garrafa de 1.75 l",,1.99,1.14,1750,L,€/L,,,https://driveimg1.intermarche.com/pt/Content/images/boitmal/produit/zoom/9A2F3176B60F6901274BE6108F1FBC7A.jpg,,,,2025-12-17T23:59:59Z,PROSPECTUS,14,2,,
36846,5604260286041,250.0,PorSi,Canela Moída Saqueta 250g,,2.69,10.76,0,kg,€/Kg,,,https://driveimg1.intermarche.com/pt/Content/images/boitmal/produit/zoom/48084B0B9099BD6D2D53E7ECAE0F9E14.jpg,,,,2025-12-17T23:59:59Z,PROSPECTUS,14,2,,
37045,5601217132659,500.0,Cillitbang,"Spray bolor e sujidade, garrafa de 500 ml",,2.49,4.98,500,L,€/L,,,https://driveimg1.intermarche.com/pt/Content/images/boitmal/produit/zoom/2A51671BCEA4544BF377B06769DE1169.jpg,,,,2025-12-17T23:59:59Z,PROSPECTUS,14,2,,
37599,5604260296736,200.0,PorSi,Queijo Emmental Ralado 200g,,1.79,8.95,0,kg,€/Kg,,,https://driveimg1.intermarche.com/pt/Content/images/boitmal/produit/zoom/1083A405977EA22F8175F804229B3B36.jpg,,,,2025-12-17T23:59:59Z,PROSPECTUS,14,2,,
386,8712100479298,260.0,Calvé,"Molho Mad Chips Top Down, emb. 260 gr",,1.94,7.46,0,kg,€/Kg,,,https://driveimg1.intermarche.com/pt/Content/images/boitmal/produit/zoom/21B88C464F7BBC164FDD806BA18E0B84.jpg,https://driveimg1.intermarche.com/pt/Content/images/boitmal/produit/zoom/5EE595CA865FFD7654A8E18623535097.jpg,https://driveimg1.intermarche.com/pt/Content/images/boitmal/produit/zoom/5EE595CA865FFD7654A8E18623535097.jpg,,2025-12-17T23:59:59Z,PROSPECTUS,14,2,,
38648,5449000195906,1000.0,Coca-Cola,"Refrigerante com Gás Cola Zero Açúcar Zero Cafeína, garrafa 1 lt",,1.22,1.22,1000,L,€/L,,,https://driveimg1.intermarche.com/pt/Content/images/boitmal/produit/zoom/4A88AB6803A9F950A0FE19DD551ED58E.jpg,,,,2025-12-17T23:59:59Z,PROSPECTUS,14,2,,
40925,8710522652138,240.0,Calvé,"Maionese Top Down, emb. 240 gr",,1.48,6.17,0,kg,€/Kg,,,https://driveimg1.intermarche.com/pt/Content/images/boitmal/produit/zoom/ECF2C8ABFC985CAC5B87AA78A2E96931.jpg,https://driveimg1.intermarche.com/pt/Content/images/boitmal/produit/zoom/8E23B17512BCD2C444A6228885CC4217.jpg,https://driveimg1.intermarche.com/pt/Content/images/boitmal/produit/zoom/8E23B17512BCD2C444A6228885CC4217.jpg,https://driveimg1.intermarche.com/pt/Content/images/boitmal/produit/zoom/8E23B17512BCD2C444A6228885CC4217.jpg,2025-12-17T23:59:59Z,PROSPECTUS,14,2,https://driveimg1.intermarche.com/pt/Content/images/boitmal/produit/zoom/8E23B17512BCD2C444A6228885CC4217.jpg,
41874,8718951313316,75.0,Colgate,"Pasta dentífrica cool mint, 75 ml",,2.29,30.53,75,L,€/L,,,https://driveimg1.intermarche.com/pt/Content/images/boitmal/produit/zoom/2DAA61BE6D06A4399D41EFB19DA0D088.jpg,,,,2025-12-17T23:59:59Z,PROSPECTUS,14,2,,
45086,5201429084014,,Minnie,Mega cozinha,1 conjunto,34.99,34.99,0,,€/Unidade,,,https://driveimg1.intermarche.com/pt/Content/images/boitmal/produit/zoom/E972D625952E13366058DE15BA843480.jpg,,,,2025-12-24T23:59:59Z,PROSPECTUS,14,2,,
45700,5604260314249,680.0,PorSi,Detergente Máquina Loica Td1 Limão 40p,,4.39,6.46,0,kg,€/Kg,,,https://driveimg1.intermarche.com/pt/Content/images/boitmal/produit/zoom/E2AF666FA080D39884D54C761B4D071C.jpg,,,,2025-12-17T23:59:59Z,PROSPECTUS,14,2,,
47017,5604260319299,100.0,PorSi Select,Bombons Praliné Avelã,100 g,1.49,14.9,0,kg,€/Kg,,,https://driveimg1.intermarche.com/pt/Content/images/boitmal/produit/zoom/F0690628AEF3AED39886291AC77F51A9.jpg,,,,2025-12-24T23:59:59Z,PROSPECTUS,14,2,,
47018,5604260319282,100.0,PorSi Select,Bombons Praliné Amêndoa,100 g,1.49,14.9,0,kg,€/Kg,,,https://driveimg1.intermarche.com/pt/Content/images/boitmal/produit/zoom/7A4A516B4BE2E4B681A0E90AE189D0CC.jpg,,,,2025-12-24T23:59:59Z,PROSPECTUS,14,2,,
48920,8006540417119,300.0,Pantene,Máscara Hidratante repara e protege,300 ml,4.89,16.3,300,L,€/L,,,https://driveimg1.intermarche.com/pt/Content/images/boitmal/produit/zoom/95D6A29803B1871F5E587094E1F38E98.jpg,,,,2025-12-17T23:59:59Z,PROSPECTUS,14,2,,
49085,5604260323555,300.0,PorSi,Rissóis de Camarão 300g,,1.25,4.17,0,kg,€/Kg,,Tipo de stockagem,https://driveimg1.intermarche.com/pt/Content/images/boitmal/produit/zoom/61EB4306415FCE700EFC0803FE2462D1.jpg,,,,2025-12-17T23:59:59Z,PROSPECTUS,14,2,,
49475,5601146570027,3750.0,Sagres,"Cerveja com Álcool Mini, emb. 15 x 25 cl",,7.99,2.13,3750,L,€/L,,,https://driveimg1.intermarche.com/pt/Content/images/boitmal/produit/zoom/A715AE59B8D1A6C9C572F97AFE8A2897.jpg,,,,2025-12-17T23:59:59Z,PROSPECTUS,14,2,,
50622,5603722521973,604.0,Mimosa,"Iogurte líquido sem lactose morango mimosa, 4 x 151ml",,1.99,3.29,604,L,€/L,,,https://driveimg1.intermarche.com/pt/Content/images/boitmal/produit/zoom/A7D4EB878CB18DDEBD216847FC0A2EC5.jpg,,,,2025-12-17T23:59:59Z,PROSPECTUS,14,2,,
51329,5600961167498,40.0,Prozis,"Barra Energética Bolacha Crunch Bar, emb. 40 gr",,1.04,26.0,0,kg,€/Kg,,,https://driveimg1.intermarche.com/pt/Content/images/boitmal/produit/zoom/1BDD3D128B617B37D6621264F83F3981.jpg,,,,2025-12-17T23:59:59Z,PROSPECTUS,14,2,,
51369,5000116125791,1400.0,Capitão Iglo,"50 douradinhos de peixe ómega 3 iglo, embalagem de 1.4 kg",,13.99,9.99,0,kg,€/Kg,,Tipo de stockagem,https://driveimg1.intermarche.com/pt/Content/images/boitmal/produit/zoom/6C5BC15FEE115209F2EC3E0B9DBA1CCD.jpg,,,,2025-12-17T23:59:59Z,PROSPECTUS,14,2,,
51538,8006540752333,,Fairy,Detergente Loiça Máquina Platinum Plus Limão,Pack XXL de 48 pastilhas,12.99,12.99,0,,€/Unidade,,,https://driveimg1.intermarche.com/pt/Content/images/boitmal/produit/zoom/8786FC846898F0510EA5C208486C5D8B.jpg,,,,2025-12-17T23:59:59Z,PROSPECTUS,14,2,,
53208,8719200268647,1000.0,Vaqueiro,"Creme vegetal culinária clássico, 1 kg",,2.99,2.99,0,kg,€/Kg,,,https://driveimg1.intermarche.com/pt/Content/images/boitmal/produit/zoom/0735A691FAA77E120C1E24086E19EA16.jpg,https://driveimg1.intermarche.com/pt/Content/images/boitmal/produit/zoom/DD9C237337ADB2608A1427FA94442244.jpg,https://driveimg1.intermarche.com/pt/Content/images/boitmal/produit/zoom/DD9C237337ADB2608A1427FA94442244.jpg,https://driveimg1.intermarche.com/pt/Content/images/boitmal/produit/zoom/DD9C237337ADB2608A1427FA94442244.jpg,2025-12-17T23:59:59Z,PROSPECTUS,14,2,,
53351,5000204307917,250.0,Pronto,"Limpa Móveis Multisuperficies Lima, 250ml",,3.59,14.36,250,L,€/L,,,https://driveimg1.intermarche.com/pt/Content/images/boitmal/produit/zoom/05AFFDB91FC590A4E342F2CA0C0DC618.jpg,https://driveimg1.intermarche.com/pt/Content/images/boitmal/produit/zoom/B06EC350A90207B9F1FEF347380C3207.jpg,https://driveimg1.intermarche.com/pt/Content/images/boitmal/produit/zoom/B06EC350A90207B9F1FEF347380C3207.jpg,https://driveimg1.intermarche.com/pt/Content/images/boitmal/produit/zoom/B06EC350A90207B9F1FEF347380C3207.jpg,2025-12-17T23:59:59Z,PROSPECTUS,14,2,,
53942,5603722523298,1000.0,Matinal,"Bebida de leite sem lactose livre, 1l",,1.25,1.25,1000,L,€/L,,,https://driveimg1.intermarche.com/pt/Content/images/boitmal/produit/zoom/3F3F185EBF624903AC3031EAC11A6631.jpg,,,,2025-12-17T23:59:59Z,PROSPECTUS,14,2,,
54320,8718951559721,100.0,Colgate,"Pasta De Dentes Maximum Caries Protection, 100ml",,2.14,21.4,100,L,€/L,,,https://driveimg1.intermarche.com/pt/Content/images/boitmal/produit/zoom/FB112999317664A7E18AAA81FF2A5D06.jpg,https://driveimg1.intermarche.com/pt/Content/images/boitmal/produit/zoom/3694932EDFE660C6F958943C13CEE297.jpg,https://driveimg1.intermarche.com/pt/Content/images/boitmal/produit/zoom/3694932EDFE660C6F958943C13CEE297.jpg,https://driveimg1.intermarche.com/pt/Content/images/boitmal/produit/zoom/3694932EDFE660C6F958943C13CEE297.jpg,2025-12-17T23:59:59Z,PROSPECTUS,14,2,,
54614,3574660067682,,Carefree,"Pensos Diários Cotton Feel Normal, 44un.",,2.24,2.24,0,,€/Unidade,,,https://driveimg1.intermarche.com/pt/Content/images/boitmal/produit/zoom/AC1072972A49DCA4530E75504469C634.jpg,,,,2025-12-17T23:59:59Z,PROSPECTUS,14,2,,
54671,8711327587199,2000.0,Lipton,"Ice tea limao, 2 l",,2.39,1.2,2000,L,€/L,,,https://driveimg1.intermarche.com/pt/Content/images/boitmal/produit/zoom/50E0AE93B7B2DC79031DA2E6F9D15838.jpg,,,,2025-12-17T23:59:59Z,PROSPECTUS,14,2,,
54684,8711327611924,330.0,Magnum,"6 gelados mini chocolate e amêndoa, 330 ml",,3.99,12.09,330,L,€/L,,Tipo de stockagem,https://driveimg1.intermarche.com/pt/Content/images/boitmal/produit/zoom/779A2D41120BAD2364A0B6F639CCEACA.jpg,,,,2025-12-17T23:59:59Z,PROSPECTUS,14,2,,
54795,5603722521225,604.0,Mimosa,"Iogurte magro liquido morango, 4x151 ml",,1.54,2.55,604,L,€/L,,,https://driveimg1.intermarche.com/pt/Content/images/boitmal/produit/zoom/075603ECF4916B645B9AA45146480552.jpg,,,,2025-12-17T23:59:59Z,PROSPECTUS,14,2,,
54806,5603722521232,604.0,Mimosa,"Iogurte magro liquido ananás, 4x151ml",,1.54,2.55,604,L,€/L,,,https://driveimg1.intermarche.com/pt/Content/images/boitmal/produit/zoom/D981284783DF4A8CA45CC5B90BEC5E71.jpg,,,,2025-12-17T23:59:59Z,PROSPECTUS,14,2,,
54906,8718951607712,75.0,Colgate,"Pasta De Dentes Max White Purple, 75ml",,3.99,53.2,75,L,€/L,,,https://driveimg1.intermarche.com/pt/Content/images/boitmal/produit/zoom/EC36D1D7DF9B5221C495F146CD0745D4.jpg,,,,2025-12-17T23:59:59Z,PROSPECTUS,14,2,,
55047,8445291325036,250.0,Nestum,"Nestum Cereais Proteína, 250g",,1.99,7.96,0,kg,€/Kg,,,https://driveimg1.intermarche.com/pt/Content/images/boitmal/produit/zoom/60118FC3A66CD4FA6B7C87A7FDB061C9.jpg,,,,2025-12-17T23:59:59Z,PROSPECTUS,14,2,,
55538,8711327629028,2000.0,Lipton,"Ice Tea Manga, 2L",,2.39,1.2,2000,L,€/L,,,https://driveimg1.intermarche.com/pt/Content/images/boitmal/produit/zoom/EE658F311958138E137C06A1B588782D.jpg,,,,2025-12-17T23:59:59Z,PROSPECTUS,14,2,,
55909,7622202271571,90.0,Milka,"Tablete de Chocolate de Leite, emb. 90 gr",,1.99,22.11,0,kg,€/Kg,,,https://driveimg1.intermarche.com/pt/Content/images/boitmal/produit/zoom/579072CBD3F0657A7AF1E3584F796358.jpg,,,,2025-12-17T23:59:59Z,PROSPECTUS,14,2,,
6580,8412400193015,1000.0,Mr. Muscle,"Desentupidor Canos Gel, emb. 1 lt",,5.99,5.99,1000,L,€/L,,,https://driveimg1.intermarche.com/pt/Content/images/boitmal/produit/zoom/E4CBB8829ACC4E9939AAEA434FE9EF72.jpg,,,,2025-12-17T23:59:59Z,PROSPECTUS,14,2,,
7763,4014400901191,250.0,Merci,"Bombons de chocolate merci, embalagem de 250g",,6.89,27.56,0,kg,€/Kg,,,https://driveimg1.intermarche.com/pt/Content/images/boitmal/produit/zoom/2900B9B4786268814CDC44DE9670597D.jpg,,,,2025-12-24T23:59:59Z,PROSPECTUS,14,2,,
8396,5601049614330,250.0,Milhafre,"Manteiga com sal, embalagem de 250g",,2.19,8.76,0,kg,€/Kg,,,https://driveimg1.intermarche.com/pt/Content/images/boitmal/produit/zoom/8DCB9F2F3B36086D35B7173891ABA268.jpg,,,,2025-12-17T23:59:59Z,PROSPECTUS,14,2,,
8397,5601050016017,600.0,Danone,"Danacol morango, embalagem de 6 x 100 g",,2.99,4.98,0,kg,€/Kg,,,https://driveimg1.intermarche.com/pt/Content/images/boitmal/produit/zoom/F76543BD64340CC9668C447CAE3F75A1.jpg,,,,2025-12-17T23:59:59Z,PROSPECTUS,14,2,,
848,5000189974579,200.0,Kit Kat,"Snack de Chocolate de Leite Kit Kat Mini, emb. 200,4 gr (12 un)",,3.98,19.9,0,kg,€/Kg,,,https://driveimg1.intermarche.com/pt/Content/images/boitmal/produit/zoom/90873705F18CB17964EF30C7A0BF7D60.jpg,,,,2025-12-17T23:59:59Z,PROSPECTUS,14,2,,
8657,5601163081711,1980.0,Luso,"Água sem Gás Júnior, emb. 6 x 33 cl",,2.43,1.23,1980,L,€/L,,,https://driveimg1.intermarche.com/pt/Content/images/boitmal/produit/zoom/443B50B4BA27541FFD3067F816F7D24A.jpg,,,,2025-12-17T23:59:59Z,PROSPECTUS,14,2,,
8895,5601332000475,750.0,Ramos Pinto,Vinho do porto lágrima tinto,"Garrafa de 0,75L",9.99,13.32,750,L,€/L,,,https://driveimg1.intermarche.com/pt/Content/images/boitmal/produit/zoom/3664D0270048D0C57BE7CE267D1963D2.jpg,,,,2025-12-24T23:59:59Z,PROSPECTUS,14,2,,
9078,5601883000351,250.0,Nova Açores,"Manteiga com sal, embalagem de 250g",,2.26,9.04,0,kg,€/Kg,,,https://driveimg1.intermarche.com/pt/Content/images/boitmal/produit/zoom/E131D1B806869A8D2A8CB27A9731E282.jpg,,,,2025-12-17T23:59:59Z,PROSPECTUS,14,2,,
9111,5601989001412,750.0,Monte Velho,"Vinho regional alentejano tinto, garrafa de 0.75 l",,3.99,5.32,750,L,€/L,,,https://driveimg1.intermarche.com/pt/Content/images/boitmal/produit/zoom/5313E203A06105D1BF7A5AD8308AD864.jpg,,,,2025-12-17T23:59:59Z,PROSPECTUS,14,2,,
958,5601019012401,500.0,Guloso,Polpa de Tomate,Embalagem de 500g,1.19,2.38,0,kg,€/Kg,,,https://driveimg1.intermarche.com/pt/Content/images/boitmal/produit/zoom/91C57E5F8181E3927BBDCAD05F79EE7A.jpg,,,,2025-12-17T23:59:59Z,PROSPECTUS,14,2,,
959,5601019012418,1000.0,Guloso,Polpa de Tomate,Embalagem de 1 kg,1.99,1.99,0,kg,€/Kg,,,https://driveimg1.intermarche.com/pt/Content/images/boitmal/produit/zoom/287E0DC8A48662DD805F77C3CA0D6A49.jpg,,,,2025-12-17T23:59:59Z,PROSPECTUS,14,2,,
988,5601029003000,120.0,Tenorio,Atum Filete em Azeite,Embalagem de 120 g,2.49,20.75,0,kg,€/Kg,,,https://driveimg1.intermarche.com/pt/Content/images/boitmal/produit/zoom/48D594978C230E0BC7076D44C622917A.jpg,,,,2025-12-17T23:59:59Z,PROSPECTUS,14,2,,
996,5601038005064,80.0,Knorr,"Caldo de legumes 8 cubos, embalagem de 80g",,1.69,21.13,0,kg,€/Kg,,,https://driveimg1.intermarche.com/pt/Content/images/boitmal/produit/zoom/6F28E4D3F3D86011504BC554235AD652.jpg,,,,2025-12-17T23:59:59Z,PROSPECTUS,14,2,,
10128,8006540836224,,Dodot,Toalhitas Pure 0% Plástico,Embalagem de 48 unidades,1.74,1.74,0,,€/Unidade,,,https://driveimg1.intermarche.com/pt/Content/images/boitmal/produit/zoom/A6A917F7D6C239B691DF2BB237C59C0C.jpg,,,,2025-12-17T23:59:59Z,PROSPECTUS,14,2,,
10175,8410375110211,300.0,Bonduelle,"Milho Doce sem Glúten, emb. 300 gr",Embalagem de 300 g,1.74,5.8,0,kg,€/Kg,,,https://driveimg1.intermarche.com/pt/Content/images/boitmal/produit/zoom/7DBD23167EE67669947EBE9FBBED55C3.jpg,,,,2025-12-17T23:59:59Z,PROSPECTUS,14,2,,
10280,8410469002781,,Colhogar,"Papel Higiénico Ultra Suave XXL Compacto, emb. 12 rolos = 24 rolos",,5.2,5.2,12,,€/Unidade,,,https://driveimg1.intermarche.com/pt/Content/images/boitmal/produit/zoom/25C6AA40EDFE818F3044E21D30E55D7F.jpg,,,,2025-12-17T23:59:59Z,PROSPECTUS,14,2,,
10702,8714789925349,75.0,Colgate,"Pasta dentífrica máxima proteção, fresca, embalagem de 75 ml",,2.29,30.53,75,L,€/L,,,https://driveimg1.intermarche.com/pt/Content/images/boitmal/produit/zoom/25ADA59A95A3FDAF86D88BFBC2F69BCB.jpg,,,,2025-12-17T23:59:59Z,PROSPECTUS,14,2,,
10883,3147690024804,750.0,Cruz,Porto special reserva," garrafa de 0,75 l",9.99,13.32,750,L,€/L,,,https://driveimg1.intermarche.com/pt/Content/images/boitmal/produit/zoom/01146C49D6D1001F9B0A4FC43CD6365E.jpg,,,,2025-12-24T23:59:59Z,PROSPECTUS,14,2,,
10897,3222270325257,85.0,Purina Gourmet,"Comida húmida para gatinhos mousse com vitela, embalagem de 85g",,0.87,10.24,0,kg,€/Kg,,,https://driveimg1.intermarche.com/pt/Content/images/boitmal/produit/zoom/9F3B44A6D750B4011FA8F3A0B64B7054.jpg,,,,2025-12-17T23:59:59Z,PROSPECTUS,14,2,,
1103,5601066200295,1000.0,Nacional,"Farinha para pão integral, embalagem de 1 kg",,1.09,1.09,0,kg,€/Kg,,,https://driveimg1.intermarche.com/pt/Content/images/boitmal/produit/zoom/DE5DC1EF8F6F891E763443D4600958CC.jpg,,,,2025-12-17T23:59:59Z,PROSPECTUS,14,2,,
1105,5601066200318,1000.0,Nacional,"Farinha de fubá de milho, embalagem de 1 kg",,1.29,1.29,0,kg,€/Kg,,,https://driveimg1.intermarche.com/pt/Content/images/boitmal/produit/zoom/06308C731CC99544125385975ECE8B2E.jpg,,,,2025-12-17T23:59:59Z,PROSPECTUS,14,2,,
11392,5410076960651,75.0,Oral B,Dentífrico Complete Elixir e Branqueador,Embalagem de 75 ml,2.39,31.87,75,L,€/L,,,https://driveimg1.intermarche.com/pt/Content/images/boitmal/produit/zoom/C5C5A58B628F316596E5658453B319FF.jpg,,,,2025-12-17T23:59:59Z,PROSPECTUS,14,2,,
11503,5601050019100,600.0,Danone,"Danacol frutos exóticos, embalagem de 6 x 100 g",,2.99,4.98,0,kg,€/Kg,,,https://driveimg1.intermarche.com/pt/Content/images/boitmal/produit/zoom/2A16EAD58E7A10ECD338C77C33D25273.jpg,,,,2025-12-17T23:59:59Z,PROSPECTUS,14,2,,
11714,5601286402301,120.0,Nacional,"Bolachas mini alfa, embalagem de 120g",,1.04,8.67,0,kg,€/Kg,,,https://driveimg1.intermarche.com/pt/Content/images/boitmal/produit/zoom/CABDFDBC8DAA74CB0278C7B282CBCC9E.jpg,,,,2025-12-17T23:59:59Z,PROSPECTUS,14,2,,
1187,5601119007963,120.0,Nobre,"Salsichas Frankfurt Originais Lata 6 un, emb. 120 gr",,1.04,8.67,0,kg,€/Kg,,,https://driveimg1.intermarche.com/pt/Content/images/boitmal/produit/zoom/024D21F90F760BFDC12CBD7EB02BECC6.jpg,,,,2025-12-17T23:59:59Z,PROSPECTUS,14,2,,
1196,5601119942608,200.0,Nobre,"Salsichas de Aves Lata 8 un, emb. 200 gr",,1.39,6.95,0,kg,€/Kg,,,https://driveimg1.intermarche.com/pt/Content/images/boitmal/produit/zoom/C3D289F4C441D4785985F7C225CA4543.jpg,,,,2025-12-17T23:59:59Z,PROSPECTUS,14,2,,
1212,5601119950481,420.0,Nobre,"Refeição caseira almôndegas, embalagem de 420g",,3.19,7.6,0,kg,€/Kg,,,https://driveimg1.intermarche.com/pt/Content/images/boitmal/produit/zoom/337528A4932DEE68006A1ECADBCE182B.jpg,,,,2025-12-17T23:59:59Z,PROSPECTUS,14,3,,
12213,5608527000593,750.0,Dom Campos,Vinho Tinto Regional Península de Setúbal,Garrafa de 0.75 l,2.99,3.99,750,L,€/L,,,https://driveimg1.intermarche.com/pt/Content/images/boitmal/produit/zoom/F6AD742D6C0AA52D14F3A33DA354DAF8.jpg,,,,2025-12-17T23:59:59Z,PROSPECTUS,14,3,,
12445,8414100302742,1250.0,Sunny Delight,"Refrigerante sem gás califórnia, garrafa de 1,25 l",,1.94,1.55,1250,L,€/L,,,https://driveimg1.intermarche.com/pt/Content/images/boitmal/produit/zoom/1FDEA823C5CE598A466FDAA30CB39372.jpg,,,,2025-12-17T23:59:59Z,PROSPECTUS,14,3,,
12446,8414100302841,1250.0,Sunny Delight,"Refrigerante sem gás morango, 1,25 l",,1.94,1.55,1250,L,€/L,,,https://driveimg1.intermarche.com/pt/Content/images/boitmal/produit/zoom/EE6A7EC8524BD852934F6F53747E4224.jpg,,,,2025-12-17T23:59:59Z,PROSPECTUS,14,3,,
12471,8435257040868,640.0,Nestlé,"Iogurte líquido yoggi morango/banana, embalagem de 4 x 160g",,1.99,3.11,0,kg,€/Kg,,,https://driveimg1.intermarche.com/pt/Content/images/boitmal/produit/zoom/E92C48D7A1A5BA67322D0E6250F5BAFF.jpg,,,,2025-12-17T23:59:59Z,PROSPECTUS,14,3,,
12730,3415581113938,460.0,Häagen-Dazs,"Gelado belgian chocolate, embalagem de 460 ml",,5.79,12.59,460,L,€/L,,Tipo de stockagem,https://driveimg1.intermarche.com/pt/Content/images/boitmal/produit/zoom/CB20015B48979081B87C643EC17BED75.jpg,,,,2025-12-17T23:59:59Z,PROSPECTUS,14,3,,
1296,5601151543306,1000.0,Compal,"Néctar de pêra, embalagem de 1l",,1.26,1.26,1000,L,€/L,,,https://driveimg1.intermarche.com/pt/Content/images/boitmal/produit/zoom/20D6CCFACD44697943FB8CAF67B7E4F5.jpg,,,,2025-12-17T23:59:59Z,PROSPECTUS,14,3,,
1323,5601163020512,9000.0,Luso,"Água sem gás, pack 6 x 1.5 l",,3.59,0.4,9000,L,€/L,,,https://driveimg1.intermarche.com/pt/Content/images/boitmal/produit/zoom/001A786D3A6068914B18C4EF27206C2E.jpg,,,,2025-12-17T23:59:59Z,PROSPECTUS,14,3,,
1327,5601164115606,1000.0,Super Bock,"Cerveja com Álcool, garrafa 1 lt",,1.79,1.79,1000,L,€/L,,,https://driveimg1.intermarche.com/pt/Content/images/boitmal/produit/zoom/73F2D859CCD8D2800F2C691289AD7AE3.jpg,,,,2025-12-17T23:59:59Z,PROSPECTUS,14,3,,
1331,5601165006255,259.0,Calvé,"Molho de alho, embalagem de 260g",,1.94,7.49,0,kg,€/Kg,,,https://driveimg1.intermarche.com/pt/Content/images/boitmal/produit/zoom/250292652676F63A9916D46B501BCEC4.jpg,https://driveimg1.intermarche.com/pt/Content/images/boitmal/produit/zoom/5F13F0DF96776682A865C5AC21E8DB42.jpg,https://driveimg1.intermarche.com/pt/Content/images/boitmal/produit/zoom/5F13F0DF96776682A865C5AC21E8DB42.jpg,https://driveimg1.intermarche.com/pt/Content/images/boitmal/produit/zoom/5F13F0DF96776682A865C5AC21E8DB42.jpg,2025-12-17T23:59:59Z,PROSPECTUS,14,3,https://driveimg1.intermarche.com/pt/Content/images/boitmal/produit/zoom/5F13F0DF96776682A865C5AC21E8DB42.jpg,
1332,5601165006279,258.0,Calvé,Molho de whisky cocktail 250 ml,,1.94,7.52,0,kg,€/Kg,,,https://driveimg1.intermarche.com/pt/Content/images/boitmal/produit/zoom/C7155C8CF8BA05234BDEE31CA7C70EBB.jpg,https://driveimg1.intermarche.com/pt/Content/images/boitmal/produit/zoom/6A3EC69CF4C27CD9078CE26776992F21.jpg,https://driveimg1.intermarche.com/pt/Content/images/boitmal/produit/zoom/6A3EC69CF4C27CD9078CE26776992F21.jpg,https://driveimg1.intermarche.com/pt/Content/images/boitmal/produit/zoom/6A3EC69CF4C27CD9078CE26776992F21.jpg,2025-12-17T23:59:59Z,PROSPECTUS,14,3,,
1337,5601165100786,50.0,Calvé,"Piri piri, 50 ml",,1.78,35.6,50,L,€/L,,,https://driveimg1.intermarche.com/pt/Content/images/boitmal/produit/zoom/4F951154E7DFDEA3712D693426B6D96C.jpg,,,,2025-12-17T23:59:59Z,PROSPECTUS,14,3,,
13529,2893521000000,1000.0,Peixaria,Pescada do Chile Congelada Nº3,1 un= 1 kg (aprox.),9.99,9.99,0,,€/Kg,,Avantages !,https://driveimg1.intermarche.com/pt/Content/images/boitmal/produit/zoom/40D57D35BBDBDF72027C959F41A6E90C.jpg,,,,2025-12-17T23:59:59Z,PROSPECTUS,14,3,,
13599,2893594000000,500.0,Peixaria,Red Fish Grande Congelado,1 un = 500 gr (aprox.),2.5,4.99,0,,€/Kg,,Avantages !,https://driveimg1.intermarche.com/pt/Content/images/boitmal/produit/zoom/A3E98972B338DCF46BAA412A17BB9B0C.jpg,,,,2025-12-17T23:59:59Z,PROSPECTUS,14,3,,
13844,2891011000000,800.0,Novilho,Carne p/ Assar,Vendido ao peso a partir de 800 g,10.23,12.79,0,,€/Kg,,,https://driveimg1.intermarche.com/pt/Content/images/boitmal/produit/zoom/142925C351A68598D5F08763C55C20FE.jpg,,,,2025-12-17T23:59:59Z,PROSPECTUS,14,3,,
1414,5601252106639,750.0,Gallo,"Azeite Virgem Delicado, emb. 75 cl",,5.49,7.32,750,L,€/L,,,https://driveimg1.intermarche.com/pt/Content/images/boitmal/produit/zoom/EA9D73D4CD22667C67FAED0003FD80DC.jpg,,,,2025-12-17T23:59:59Z,PROSPECTUS,14,3,,
1415,5601252106653,750.0,Gallo,"Azeite Virgem Extra Clássico, emb. 75 cl",,6.49,8.65,750,L,€/L,,,https://driveimg1.intermarche.com/pt/Content/images/boitmal/produit/zoom/DC87DA4316A72232830F32E3BEBD6BCD.jpg,,,,2025-12-17T23:59:59Z,PROSPECTUS,14,3,,
1416,5601252106677,750.0,Gallo,"Azeite Virgem Extra Suave, emb. 75 cl",,6.49,8.65,750,L,€/L,,,https://driveimg1.intermarche.com/pt/Content/images/boitmal/produit/zoom/3F82CF1DB5B3AE32B260B436777564A3.jpg,,,,2025-12-17T23:59:59Z,PROSPECTUS,14,3,,
14301,5000116105199,1125.0,Iglo,"Ervilhas, embalagem de 1,125 kg",,4.99,4.44,0,kg,€/Kg,,Tipo de stockagem,https://driveimg1.intermarche.com/pt/Content/images/boitmal/produit/zoom/2A12D381A70EA524D1800DAB02CBAB7B.jpg,,,,2025-12-17T23:59:59Z,PROSPECTUS,14,3,,
14372,8712100599392,550.0,Calvé,"Ketchup Top Down sem Glúten, emb. 550 gr",,2.59,4.71,0,kg,€/Kg,,,https://driveimg1.intermarche.com/pt/Content/images/boitmal/produit/zoom/6D3218F33B22BC3205033BC41E176600.jpg,https://driveimg1.intermarche.com/pt/Content/images/boitmal/produit/zoom/FE7F103C359D2D1FD7BF3FDC8DD381BA.jpg,https://driveimg1.intermarche.com/pt/Content/images/boitmal/produit/zoom/FE7F103C359D2D1FD7BF3FDC8DD381BA.jpg,https://driveimg1.intermarche.com/pt/Content/images/boitmal/produit/zoom/FE7F103C359D2D1FD7BF3FDC8DD381BA.jpg,2025-12-17T23:59:59Z,PROSPECTUS,14,3,,
14573,8414516001031,250.0,Florette,"Salada 4 estações, embalagem de 250 g",,1.09,4.36,0,kg,€/Kg,,,https://driveimg1.intermarche.com/pt/Content/images/boitmal/produit/zoom/544687527BD5EA27DA44855884673ABD.jpg,,,,2025-12-17T23:59:59Z,PROSPECTUS,14,3,,
14574,8414516001017,250.0,Florette,"Salada Iceberg, emb. 250 gr",,1.49,5.96,0,kg,€/Kg,,,https://driveimg1.intermarche.com/pt/Content/images/boitmal/produit/zoom/F2C8422977E4E6EF97009FE9FA8B4067.jpg,,,,2025-12-17T23:59:59Z,PROSPECTUS,14,3,,
14597,5604260272082,250.0,PorSi,Salsichas Bockwurst Frasco 5 Unidades,,2.49,9.96,0,kg,€/Kg,,,https://driveimg1.intermarche.com/pt/Content/images/boitmal/produit/zoom/DF9E54E735DBE129604F2C904B67D784.jpg,,,,2025-12-17T23:59:59Z,PROSPECTUS,14,3,,
14723,8410063045139,800.0,Pescanova,"Camarão vannamei 40/48, embalagem de 800g",,9.39,11.74,0,kg,€/Kg,,Tipo de stockagem,https://driveimg1.intermarche.com/pt/Content/images/boitmal/produit/zoom/CF56AF8546EAE589D7E2D74E545BD302.jpg,,,,2025-12-17T23:59:59Z,PROSPECTUS,14,3,,
15013,2892586000000,1000.0,Programa Origens,Couve Roxa,1 un = 1 kg (aprox.),0.99,0.99,0,,€/Kg,,,https://driveimg1.intermarche.com/pt/Content/images/boitmal/produit/zoom/0752C121E89F4808C55CABA6C3E6EA04.jpg,,,,2025-12-17T23:59:59Z,PROSPECTUS,14,3,,
15566,8410063056180,250.0,Pescanova,"Miolo de Camarão Gigante 15/30 Ultracongelado, emb. 250 gr",,6.99,27.96,0,kg,€/Kg,,Tipo de stockagem,https://driveimg1.intermarche.com/pt/Content/images/boitmal/produit/zoom/BEE1FF3586E000AD085B4D38C7ACD034.jpg,,,,2025-12-17T23:59:59Z,PROSPECTUS,14,3,,
15955,7613032408794,85.0,Purina Gourmet,"Comida húmida para gato peixe do oceano, embalagem de 90g",,0.87,10.24,0,kg,€/Kg,,,https://driveimg1.intermarche.com/pt/Content/images/boitmal/produit/zoom/FEEA8DEA9BB460BB34BF8E0ADF22D62F.jpg,,,,2025-12-17T23:59:59Z,PROSPECTUS,14,3,,
16072,2696083000000,62.0,Panpor,Carcaça de Cereais,,0.29,4.68,0,kg,€/Kg,,,https://driveimg1.intermarche.com/pt/Content/images/boitmal/produit/zoom/64BBBB65E56708FCB9DD0C80C78538ED.jpg,,,,2025-12-17T23:59:59Z,PROSPECTUS,14,3,,
16097,5601029003406,120.0,Tenorio,"Atum filete azeite biológico, embalagem de 120g",,2.79,23.25,0,kg,€/Kg,,,https://driveimg1.intermarche.com/pt/Content/images/boitmal/produit/zoom/7F92ED44DD18157D7E4D76287A81509E.jpg,,,,2025-12-17T23:59:59Z,PROSPECTUS,14,3,,
16113,5604260276639,1500.0,PorSi,"Sumo Tutti-frutti 1,5l",,1.79,1.19,1500,L,€/L,,,https://driveimg1.intermarche.com/pt/Content/images/boitmal/produit/zoom/C065DDC2C791A237A97F64817C7D76D5.jpg,,,,2025-12-17T23:59:59Z,PROSPECTUS,14,3,,
16492,8718951037847,500.0,Ajax,"Limpa vidros pistola, tripla acção, embalagem de 500 ml",,1.97,3.94,500,L,€/L,,,https://driveimg1.intermarche.com/pt/Content/images/boitmal/produit/zoom/835152AD536CA633AE488A10E244161F.jpg,,,,2025-12-17T23:59:59Z,PROSPECTUS,14,3,,
16607,8712561521529,700.0,Cif,"Creme abrasivo original, de 700 ml",,2.69,3.84,700,L,€/L,,,https://driveimg1.intermarche.com/pt/Content/images/boitmal/produit/zoom/30CCCA0B503F489882A8FCB31275E9C6.jpg,,,,2025-12-17T23:59:59Z,PROSPECTUS,14,3,,
16608,8712561521437,700.0,Cif,"Creme abrasivo limão, de 700 ml",,2.69,3.84,700,L,€/L,,,https://driveimg1.intermarche.com/pt/Content/images/boitmal/produit/zoom/734448B6276EB5C2CFFCEBF5E628AF6D.jpg,,,,2025-12-17T23:59:59Z,PROSPECTUS,14,3,,
16693,5601066400916,120.0,Nacional,"Bolacha chocomax mini, embalagem de 120g",,1.24,10.33,0,kg,€/Kg,,,https://driveimg1.intermarche.com/pt/Content/images/boitmal/produit/zoom/3DB56A546076CEE7A0263616FFAC5173.jpg,,,,2025-12-17T23:59:59Z,PROSPECTUS,14,3,,
16857,5603344531114,110.0,General,Atum natural,Embalagem de 110g,1.1,10.0,0,kg,€/Kg,,,https://driveimg1.intermarche.com/pt/Content/images/boitmal/produit/zoom/D147FF3405CBBBAF67756FEDE1B5317A.jpg,,,,2025-12-17T23:59:59Z,PROSPECTUS,14,3,,
17710,4014400901405,250.0,Merci,Bombons de Chocolate Leite,Embalagem de 250 g,6.89,27.56,0,kg,€/Kg,,,https://driveimg1.intermarche.com/pt/Content/images/boitmal/produit/zoom/EADB67A974D468C1A3623AD369797122.jpg,,,,2025-12-24T23:59:59Z,PROSPECTUS,14,3,,
17726,5601007000601,1500.0,Esteva,Conjunto Vinho tinto DOC Douro,Conj 2X75 cl,7.99,5.33,1500,L,€/L,,,https://driveimg1.intermarche.com/pt/Content/images/boitmal/produit/zoom/F5519A144EE41C30166FE163E76ED231.jpg,,,,2025-12-24T23:59:59Z,PROSPECTUS,14,3,,
17749,5601174903026,1500.0,Periquita,Vinho Regional Península Setúbal Tinto,"Caixa de 2x0,75 l",7.39,4.93,1500,L,€/L,,,https://driveimg1.intermarche.com/pt/Content/images/boitmal/produit/zoom/2A6CC4246EA614068372BA90EE75397D.jpg,,,,2025-12-24T23:59:59Z,PROSPECTUS,14,3,,
17893,5601082039817,220.0,Delta Q,Café xl qharacter cápsulas,40 Cápsulas,15.99,72.68,0,kg,€/Kg,,,https://driveimg1.intermarche.com/pt/Content/images/boitmal/produit/zoom/A33D46B8BEAE0A6886B2052A87431B6E.jpg,,,,2025-12-17T23:59:59Z,PROSPECTUS,14,3,,
18005,5601012011746,1500.0,Trinca Bolotas,Vinho tinto Trinca Bolotas DOC alentejo,2 Garrafa x 0.75L,11.19,7.46,1500,L,€/L,,,https://driveimg1.intermarche.com/pt/Content/images/boitmal/produit/zoom/1E71A9F80E3D34041824C14CFC35650A.jpg,,,,2025-12-24T23:59:59Z,PROSPECTUS,14,3,,
18261,3147690016304,750.0,Cruz,Vinh do porto ruby,Garrafa de 750 ml,5.49,7.32,750,L,€/L,,,https://driveimg1.intermarche.com/pt/Content/images/boitmal/produit/zoom/E4AAD8D82BD58FEDC8637FEC2C456459.jpg,,,,2025-12-24T23:59:59Z,PROSPECTUS,14,3,,
19203,5000116110407,240.0,Capitão Iglo,"4 hamburguers frango sem glúten, embalagem de 240g",,4.49,18.71,0,kg,€/Kg,,Tipo de stockagem,https://driveimg1.intermarche.com/pt/Content/images/boitmal/produit/zoom/DBCAABB905B293E30250F00FBA9411C4.jpg,,,,2025-12-17T23:59:59Z,PROSPECTUS,14,3,,
19585,8435257033822,720.0,Longa vida,"Iogurte magro natural, embalagem de 6 x 120g",,2.29,3.18,0,kg,€/Kg,,,https://driveimg1.intermarche.com/pt/Content/images/boitmal/produit/zoom/0343709B1D70140B7336A86F6CAA12F8.jpg,,,,2025-12-17T23:59:59Z,PROSPECTUS,14,3,,
19893,5601119250840,160.0,Nobre,"Salsichas de Frango Cuida-t+ Lata 8 un, emb. 160 gr",,1.79,11.19,0,kg,€/Kg,,,https://driveimg1.intermarche.com/pt/Content/images/boitmal/produit/zoom/9BC7CEDE7731E65B0F588C346A868820.jpg,,,,2025-12-17T23:59:59Z,PROSPECTUS,14,3,,
19927,5601883000405,250.0,Nova Açores,"Manteiga com sal gourmet, embalagem de 250g",,2.44,9.76,0,kg,€/Kg,,,https://driveimg1.intermarche.com/pt/Content/images/boitmal/produit/zoom/8E1DB54D6E0B16050436FE9127A94256.jpg,,,,2025-12-17T23:59:59Z,PROSPECTUS,14,3,,
20918,5000116110964,840.0,Capitão Iglo,"30 douradinhos, embalagem de 840g",,8.99,10.7,0,kg,€/Kg,,Tipo de stockagem,https://driveimg1.intermarche.com/pt/Content/images/boitmal/produit/zoom/3C52B0905F2F1ACE3D67359B13FE0331.jpg,,,,2025-12-17T23:59:59Z,PROSPECTUS,14,3,,
21442,5600744051051,198.0,Saborosa,"Bolacha de manteiga belga com chocolate branco, embalagem de 198 g",,1.79,9.04,0,kg,€/Kg,,,https://driveimg1.intermarche.com/pt/Content/images/boitmal/produit/zoom/95634BC2CC50F334D4F0AE7BB19F8AC6.jpg,,,,2025-12-17T23:59:59Z,PROSPECTUS,14,3,,
21888,4008601100651,250.0,Friedel,Pai Natal Chocolate,Embalagem 60G,1.59,6.36,0,kg,€/Kg,,,https://driveimg1.intermarche.com/pt/Content/images/boitmal/produit/zoom/4954B620D67DB91C3FBB0997DA7CA97F.jpg,,,,2025-12-24T23:59:59Z,PROSPECTUS,14,3,,
21968,5601849063000,,Concentra,Mauzão,Uma unidade,31.99,31.99,0,,€/Unidade,,,https://driveimg1.intermarche.com/pt/Content/images/boitmal/produit/zoom/1AFF135ECD8850096113ADFC655FCFB1.jpg,,,,2025-12-24T23:59:59Z,PROSPECTUS,14,3,,
22164,5601260254056,500.0,Saludães,"Arroz doce especial, embalagem de 500g",,0.83,1.66,0,kg,€/Kg,,,https://driveimg1.intermarche.com/pt/Content/images/boitmal/produit/zoom/C73C7DA612DE17339FC2172D24F6B83B.jpg,,,,2025-12-17T23:59:59Z,PROSPECTUS,14,3,,
22458,5601255625069,1000.0,Caçarola,"Arroz sushi, embalagem de 1 kg",,1.89,1.89,0,kg,€/Kg,,,https://driveimg1.intermarche.com/pt/Content/images/boitmal/produit/zoom/AAB1EF300AE62C1E8EB7BA437C218B24.jpg,,,,2025-12-17T23:59:59Z,PROSPECTUS,14,3,,
2249,5604260267682,500.0,Kingsbräu,"Cerveja Lata 0,5l",,0.62,1.24,500,L,€/L,,,https://driveimg1.intermarche.com/pt/Content/images/boitmal/produit/zoom/FC48C06C2E921680338523A8F8F52E6A.jpg,,,,2025-12-17T23:59:59Z,PROSPECTUS,14,3,,
22833,8410219640188,200.0,Vahine,"Aroma baunilha fr.plast, de 200 ml",,3.35,16.75,200,L,€/L,,,https://driveimg1.intermarche.com/pt/Content/images/boitmal/produit/zoom/D2528B739D4AD7A3B2398E450A96B1CD.jpg,,,,2025-12-17T23:59:59Z,PROSPECTUS,14,3,,
23212,8434165444874,500.0,Cuétara,Flakes,Embalagem de 500g,3.34,6.68,0,kg,€/Kg,,,https://driveimg1.intermarche.com/pt/Content/images/boitmal/produit/zoom/1A748EB4756319104E9DFFA627302472.jpg,,,,2025-12-17T23:59:59Z,PROSPECTUS,14,3,,
23571,5604260326549,,PorSi,Toalhitas Higiene Adulto X60,60 Unidades,2.39,2.39,0,,€/Unidade,,,https://driveimg1.intermarche.com/pt/Content/images/boitmal/produit/zoom/B93475A225D824A83F14AE7F8FA77985.jpg,,,,2025-12-17T23:59:59Z,PROSPECTUS,14,3,,
24810,8714100289983,440.0,Magnum,"Gelado pint amêndoas, embalagem de 440 ml",,3.99,9.07,440,L,€/L,,Tipo de stockagem,https://driveimg1.intermarche.com/pt/Content/images/boitmal/produit/zoom/3A13A62312A4E6B689883F50A6265AFD.jpg,https://driveimg1.intermarche.com/pt/Content/images/boitmal/produit/zoom/CAF47DA081A9FA3D88EC863A18BD3DDE.jpg,https://driveimg1.intermarche.com/pt/Content/images/boitmal/produit/zoom/CAF47DA081A9FA3D88EC863A18BD3DDE.jpg,,2025-12-17T23:59:59Z,PROSPECTUS,14,3,,
24855,8434165444850,175.0,Cuétara,"Bolacha Flakes Bombing, 175g",,2.24,12.8,0,kg,€/Kg,,,https://driveimg1.intermarche.com/pt/Content/images/boitmal/produit/zoom/E545C5A07242897A6E616877912C3813.jpg,,,,2025-12-17T23:59:59Z,PROSPECTUS,14,3,,
25735,5000116112173,208.0,Capitão Iglo,"10 nuggets peito de frango e queijo, embalagem de 210g",,3.49,16.78,0,kg,€/Kg,,Tipo de stockagem,https://driveimg1.intermarche.com/pt/Content/images/boitmal/produit/zoom/C51CDDEB144DBFB12E5D153B5560BAD5.jpg,,,,2025-12-17T23:59:59Z,PROSPECTUS,14,3,,
25783,8714100667569,61.0,Knorr,Noodles galinha,Embalagem de 60g,0.99,16.23,0,kg,€/Kg,,,https://driveimg1.intermarche.com/pt/Content/images/boitmal/produit/zoom/E529FFAC22E4D5C7973ADAD96806025F.jpg,,,,2025-12-17T23:59:59Z,PROSPECTUS,14,3,,
25784,8714100667637,61.0,Knorr,Noodles queijo & ervas,Embalagem de 60g,0.99,16.23,0,kg,€/Kg,,,https://driveimg1.intermarche.com/pt/Content/images/boitmal/produit/zoom/77CED7AFDF81EB9F73CA0383A2D829EB.jpg,,,,2025-12-17T23:59:59Z,PROSPECTUS,14,3,,
26061,5601082041735,220.0,Delta,"Café Moído Torrado Moagem Universal Origins Angola Int 13, emb. 220 gr",Embalagem de 220g,3.89,17.68,0,kg,€/Kg,,,https://driveimg1.intermarche.com/pt/Content/images/boitmal/produit/zoom/5D337D3866314BE280A581C05FCA725F.jpg,,,,2025-12-17T23:59:59Z,PROSPECTUS,14,3,,
26300,4000388177000,250.0,Dove,"Sabonete líquido original, 250 ml",,2.39,9.56,250,L,€/L,,,https://driveimg1.intermarche.com/pt/Content/images/boitmal/produit/zoom/E48FE147EDAF5E4C408B9B5A3DC58EA7.jpg,,,,2025-12-17T23:59:59Z,PROSPECTUS,14,3,,
26414,5000116110919,1042.0,Capitão Iglo,"50 nuggets de frango, embalagem de 1042g",,12.99,12.47,0,kg,€/Kg,,Tipo de stockagem,https://driveimg1.intermarche.com/pt/Content/images/boitmal/produit/zoom/D97E3080A57234D7462734347713E694.jpg,,,,2025-12-17T23:59:59Z,PROSPECTUS,14,3,,
2775,8410168195562,1500.0,Friskies,Ração para gato júnior com frango,"Embalagem de 1,5 kg",5.84,3.89,0,kg,€/Kg,,,https://driveimg1.intermarche.com/pt/Content/images/boitmal/produit/zoom/8B26E8FECF30B2840793E6B147C2D6D8.jpg,,,,2025-12-17T23:59:59Z,PROSPECTUS,14,3,,
282,0000080361497,85.0,Purina Gourmet,"Comida húmida para gato pedacinhos em molho com salmão, embalagem de 90g",,0.87,10.24,0,kg,€/Kg,,,https://driveimg1.intermarche.com/pt/Content/images/boitmal/produit/zoom/F3269BDBEA9617D986C45DC8EC354AB3.jpg,,,,2025-12-17T23:59:59Z,PROSPECTUS,14,3,,
283,0000080393313,85.0,Purina Gourmet,"Comida húmida para gato mousse com peixe do oceano, embalagem de 90g",,0.87,10.24,0,kg,€/Kg,,,https://driveimg1.intermarche.com/pt/Content/images/boitmal/produit/zoom/1C1FA938089F82A59F34DAEE218383B9.jpg,,,,2025-12-17T23:59:59Z,PROSPECTUS,14,3,,
28511,8410104889111,,Finish,Pastilhas Limpa Máquinas,Embalagem c/ 3 un.,5.49,5.49,0,,€/Unidade,,,https://driveimg1.intermarche.com/pt/Content/images/boitmal/produit/zoom/FD70FB61B60D1D010225A23710A0F1DA.jpg,,,,2025-12-17T23:59:59Z,PROSPECTUS,14,3,,
28610,5604260272099,720.0,PorSi,Salsichas Bockwurst Frasco 8 Unidades,,5.99,8.32,0,kg,€/Kg,,,https://driveimg1.intermarche.com/pt/Content/images/boitmal/produit/zoom/4ED89D19AC9283E980E7AD4C5766C873.jpg,,,,2025-12-17T23:59:59Z,PROSPECTUS,14,3,,
29355,8718951202795,500.0,Palmolive,"Gel de banho natural leite oliva, 500 ml",,2.69,5.38,500,L,€/L,,,https://driveimg1.intermarche.com/pt/Content/images/boitmal/produit/zoom/2257B865CA98C1B1D0FBBF003E4636F9.jpg,,,,2025-12-17T23:59:59Z,PROSPECTUS,14,3,,
29374,5601146530304,500.0,Bandida do Pomar,"Sidra com Álcool Maçã, emb. 50 cl",,1.19,2.38,500,L,€/L,,,https://driveimg1.intermarche.com/pt/Content/images/boitmal/produit/zoom/BCB2E29A160CFF6D3AE7FEB90426D1E6.jpg,,,,2025-12-17T23:59:59Z,PROSPECTUS,14,3,,
29434,8412600028568,500.0,Bimbo,"Pão de Forma Artesano com Côdea, emb. 500 gr",550 g,2.24,4.48,0,kg,€/Kg,,,https://driveimg1.intermarche.com/pt/Content/images/boitmal/produit/zoom/3CFE72B428C8815F287AEBF5DD23696F.jpg,,,,2025-12-17T23:59:59Z,PROSPECTUS,14,3,,
30115,5449000016737,1000.0,Coca-Cola,"Refrigerante com Gás Cola sem Cafeína, emb. 1 lt",,1.35,1.35,1000,L,€/L,,,https://driveimg1.intermarche.com/pt/Content/images/boitmal/produit/zoom/23CF5CDA5B630E80CF6F88C3DB4BC0F8.jpg,,,,2025-12-17T23:59:59Z,PROSPECTUS,14,3,,
30165,8410436320573,1100.0,Sonasol,Lava Tudo Brilhante Eucalipto,"embalagem 1,1L",2.99,2.72,1100,L,€/L,,,https://driveimg1.intermarche.com/pt/Content/images/boitmal/produit/zoom/1D59B5FEAE0C00D87C9E61FEE70A9A3D.jpg,,,,2025-12-17T23:59:59Z,PROSPECTUS,14,3,,
31048,5600380894074,80.0,Prozis,"Barra Proteína Whey&Aveia Chocolate, emb. 80 gr",,1.49,18.63,0,kg,€/Kg,,,https://driveimg1.intermarche.com/pt/Content/images/boitmal/produit/zoom/B330104485C6F4CD7874A57FB90DEB6A.jpg,,,,2025-12-17T23:59:59Z,PROSPECTUS,14,3,,
31196,5600380891936,30.0,Prozis,"Snack Chocolate Belga Proteína, emb. 30 gr",,0.89,29.67,0,kg,€/Kg,,,https://driveimg1.intermarche.com/pt/Content/images/boitmal/produit/zoom/AEF2828DA67AED740E0D4177968F2748.jpg,,,,2025-12-17T23:59:59Z,PROSPECTUS,14,3,,
32074,7613036488402,340.0,Purina One,"Comida Húmida para Gato Adulto Frango e Vaca Saquetas, emb. 350 gr (4 x 85 gr)",,2.59,7.62,0,kg,€/Kg,,,https://driveimg1.intermarche.com/pt/Content/images/boitmal/produit/zoom/7C69B3F68B06FF88501E698801F8DD83.jpg,,,,2025-12-17T23:59:59Z,PROSPECTUS,14,3,,
32972,5604260287185,200.0,PorSi,Miolo de Amêndoa sem Pele Laminada 200 G,,2.79,13.95,0,kg,€/Kg,,,https://driveimg1.intermarche.com/pt/Content/images/boitmal/produit/zoom/750E9B223E973786A1992AAFE1F555CD.jpg,,,,2025-12-17T23:59:59Z,PROSPECTUS,14,3,,
33417,7613036607681,240.0,Cerelac,"Papa Infantil Láctea Aveia, Maçã e Cenoura Seleção da Natureza +6M, emb. 240 gr",Embalagem de 240g,2.99,12.46,0,kg,€/Kg,,,https://driveimg1.intermarche.com/pt/Content/images/boitmal/produit/zoom/A44EB4797E6113C3E0EEBA3D69E28D1E.jpg,,,,2025-12-17T23:59:59Z,PROSPECTUS,14,3,,
34115,5010504100095,700.0,Cutty Sark,Whisky,Garrafa de 700 ml,12.69,18.13,700,L,€/L,,,https://driveimg1.intermarche.com/pt/Content/images/boitmal/produit/zoom/2BC314804C41B6E623B4ADD6D620E800.jpg,,,,2025-12-24T23:59:59Z,PROSPECTUS,14,3,,
34727,5602711107501,500.0,Rar,"Açúcar Mascavado Escuro, emb. 500 gr",,1.69,3.38,0,kg,€/Kg,,,https://driveimg1.intermarche.com/pt/Content/images/boitmal/produit/zoom/7154C53ECA4BF60DD7497538DEEB7C55.jpg,,,,2025-12-17T23:59:59Z,PROSPECTUS,14,3,,
35705,3021768203615,360.0,Gogo,"Conjunto de saquetas de fruta maçã e morango, embalagem de 4 x 90g",,2.55,7.08,0,kg,€/Kg,,,https://driveimg1.intermarche.com/pt/Content/images/boitmal/produit/zoom/50D9F740E1739930D14334FC3B6F4DCC.jpg,,,,2025-12-17T23:59:59Z,PROSPECTUS,14,3,,
35875,8434165442863,150.0,Cuétara,"Bolachas waffers com recheio de coco, embalagem de 150 g",,0.99,6.6,0,kg,€/Kg,,,https://driveimg1.intermarche.com/pt/Content/images/boitmal/produit/zoom/3038F8DF546A04D98942827365F3C57A.jpg,,,,2025-12-17T23:59:59Z,PROSPECTUS,14,3,,
36243,5000204117882,,Glade,Ambientador elétrico sensual sandalwood & jasmine + recarga,1 unidade,4.49,4.49,0,,€/Unidade,,,https://driveimg1.intermarche.com/pt/Content/images/boitmal/produit/zoom/61334414CCFD33547F9A33D53F5A787F.jpg,,,,2025-12-17T23:59:59Z,PROSPECTUS,14,3,,
36655,8410436343404,500.0,Sonasol,Spray casa de banho brilhante,Embalagem de 500 ml,1.99,3.98,500,L,€/L,,,https://driveimg1.intermarche.com/pt/Content/images/boitmal/produit/zoom/74C5950FE2E809CF8D1EA09C76858123.jpg,,,,2025-12-17T23:59:59Z,PROSPECTUS,14,3,,
36657,5601217132673,500.0,Cillitbang,"Spray lixívia e higiene, de 500 ml",,2.49,4.98,500,L,€/L,,,https://driveimg1.intermarche.com/pt/Content/images/boitmal/produit/zoom/D9B27A41A222F2F218026715A414F2D0.jpg,,,,2025-12-17T23:59:59Z,PROSPECTUS,14,3,,
36918,5604260288601,300.0,PorSi,Figo Branco 300 G,Embalagem de 300 g,1.69,5.63,0,kg,€/Kg,,,https://driveimg1.intermarche.com/pt/Content/images/boitmal/produit/zoom/AEF55AE3289D7AB216552FA69C3383C7.jpg,,,,2025-12-17T23:59:59Z,PROSPECTUS,14,3,,
372,8711200532391,260.0,Calvé,"Molho Burger Top Down, emb. 260 gr",,1.94,7.46,0,kg,€/Kg,,,https://driveimg1.intermarche.com/pt/Content/images/boitmal/produit/zoom/274182EF6D0EFA8A84998CA913A7016C.jpg,https://driveimg1.intermarche.com/pt/Content/images/boitmal/produit/zoom/122719564EBC4BB4D52F039A6C0EDAF1.jpg,,,2025-12-17T23:59:59Z,PROSPECTUS,14,3,,
37987,5601809011539,550.0,Riberalves,Lombos de bacalhau 4 meses de cura,Embalagem de 550 g,16.79,30.53,0,kg,€/Kg,,Tipo de stockagem,https://driveimg1.intermarche.com/pt/Content/images/boitmal/produit/zoom/9C6DE71E12945881D3F9808E35022C27.jpg,,,,2025-12-17T23:59:59Z,PROSPECTUS,14,3,,
37995,5604260302109,180.0,PorSi,Chocolate Culinário Branco,,2.49,13.83,0,kg,€/Kg,,,https://driveimg1.intermarche.com/pt/Content/images/boitmal/produit/zoom/87FD47C77AB44E4976FCA4D545263B96.jpg,,,,2025-12-17T23:59:59Z,PROSPECTUS,14,3,,
38130,5600208583005,700.0,Licor 35,"Licor de pastel de nata, garrafa de 700 ml",,13.19,18.84,700,L,€/L,,,https://driveimg1.intermarche.com/pt/Content/images/boitmal/produit/zoom/89EF3891C9A54F6981D6DFCB57C28FEA.jpg,,,,2025-12-24T23:59:59Z,PROSPECTUS,14,3,,
38291,8410436343527,1100.0,Sonasol,"Lava Tudo Desinfetante, embalagem 1,1l",,2.99,2.72,1100,L,€/L,,,https://driveimg1.intermarche.com/pt/Content/images/boitmal/produit/zoom/3BCE9789D68C09F6CE19611FDEABB947.jpg,,,,2025-12-17T23:59:59Z,PROSPECTUS,14,3,,
38312,8410104702663,,Finish,"Limpa máquinas de loiça limão, embalagem com 250 ml",,3.99,3.99,1,,€/Unidade,,,https://driveimg1.intermarche.com/pt/Content/images/boitmal/produit/zoom/543AF0EA0E513D87A0B6AA970DE2490B.jpg,,,,2025-12-17T23:59:59Z,PROSPECTUS,14,3,,
38933,5601151972984,1000.0,Compal,"Compal clássico néctar frutos vermelhos, garrafa de 1l",,1.26,1.26,1000,L,€/L,,,https://driveimg1.intermarche.com/pt/Content/images/boitmal/produit/zoom/92B7D2C96C7CCB854EEB11C98238B069.jpg,,,,2025-12-17T23:59:59Z,PROSPECTUS,14,3,,
40500,5604260286119,1000.0,PorSi,Leite Condensado 1kg,,3.49,3.49,0,kg,€/Kg,,,https://driveimg1.intermarche.com/pt/Content/images/boitmal/produit/zoom/A2BDE7F2B947B12A7247B2D7E3D630B6.jpg,,,,2025-12-17T23:59:59Z,PROSPECTUS,14,3,,
40651,5604260278817,,PorSi,Forma Alumínio Retangular com Tampa X5 1.260ml,,3.36,3.36,0,,€/Unidade,,,https://driveimg1.intermarche.com/pt/Content/images/boitmal/produit/zoom/9CFEE53A4E108E97C3FC3FC4139EA615.jpg,,,,2025-12-17T23:59:59Z,PROSPECTUS,14,3,,
40672,5609060095992,100.0,Delta,Café solúvel intenso,Embalagem de 100g,3.69,36.9,0,kg,€/Kg,,,https://driveimg1.intermarche.com/pt/Content/images/boitmal/produit/zoom/9D4895AD34340D994C0746A03FC85B3A.jpg,,,,2025-12-17T23:59:59Z,PROSPECTUS,14,3,,
40673,5609060095695,80.0,Delta,Café solúvel creme,Embalagem de 80 g,3.69,46.13,0,kg,€/Kg,,,https://driveimg1.intermarche.com/pt/Content/images/boitmal/produit/zoom/935D15F1339990569144EB9273226D10.jpg,,,,2025-12-17T23:59:59Z,PROSPECTUS,14,3,,
40974,8711327407121,2000.0,Lipton,Ice tea de limão zero açúcar garrafa 2 l,,2.39,1.2,2000,L,€/L,,,https://driveimg1.intermarche.com/pt/Content/images/boitmal/produit/zoom/01B1D0B046262E5013625D98284F67D4.jpg,,,,2025-12-17T23:59:59Z,PROSPECTUS,14,3,,
41289,8718951312319,75.0,Colgate,"Pasta de dentes sensation white, 75 ml",,1.99,26.53,75,L,€/L,,,https://driveimg1.intermarche.com/pt/Content/images/boitmal/produit/zoom/22BEC3D6BF2DBA57D9A3EEAAC1E33FD8.jpg,,,,2025-12-17T23:59:59Z,PROSPECTUS,14,3,,
42510,5604260308224,100.0,PorSi,Bloco Wc (4 Cilindros) Oceano 2x50g,Pack de 2 x 50 g,1.64,16.4,0,kg,€/Kg,,,https://driveimg1.intermarche.com/pt/Content/images/boitmal/produit/zoom/EFA45C1B39B0B4FF795080FD92094D4A.jpg,,,,2025-12-17T23:59:59Z,PROSPECTUS,14,3,,
42511,5604260308217,100.0,PorSi,Blocos Wc Multiativo Pinho 2x50g,Pack de 2 x 50 g,1.64,16.4,0,kg,€/Kg,,,https://driveimg1.intermarche.com/pt/Content/images/boitmal/produit/zoom/0F8A67F1E6CF7C2342C15D97399AE5FF.jpg,,,,2025-12-17T23:59:59Z,PROSPECTUS,14,4,,
42785,5604260310074,250.0,PorSi Select,Queijo Manchego Dop (3 Meses Cura) 250g,,5.29,21.16,0,kg,€/Kg,,,https://driveimg1.intermarche.com/pt/Content/images/boitmal/produit/zoom/B883B24D8849BAD51A50E353865A0840.jpg,,,,2025-12-17T23:59:59Z,PROSPECTUS,14,4,,
43016,5601164862401,1200.0,Somersby,"Sidra com Álcool Maçã, emb. 6 x 20 cl",,4.49,3.74,1200,L,€/L,,,https://driveimg1.intermarche.com/pt/Content/images/boitmal/produit/zoom/FCDFBF5D64A9352BB7E6E300DF12194B.jpg,,,,2025-12-17T23:59:59Z,PROSPECTUS,14,4,,
43290,7622201109615,100.0,Milka,"Tablete de Chocolate Branco com Oreo, emb. 100 gr",,1.99,19.9,0,kg,€/Kg,,,https://driveimg1.intermarche.com/pt/Content/images/boitmal/produit/zoom/CEAC7829B1A61FB9AEBF4E85197E76B9.jpg,,,,2025-12-17T23:59:59Z,PROSPECTUS,14,4,,
43396,5604260308620,150.0,PorSi,Dentes de alho Categoria: II,Embalagem de 150 g,1.19,7.93,0,kg,€/Kg,,,https://driveimg1.intermarche.com/pt/Content/images/boitmal/produit/zoom/E6A76E6A0AA9CD40C780B4C08C98D392.jpg,,,,2025-12-17T23:59:59Z,PROSPECTUS,14,4,,
44045,8714789738536,,Colgate,Escova de dentes tripla ação,4 unidades,3.19,3.19,0,,€/Unidade,,,https://driveimg1.intermarche.com/pt/Content/images/boitmal/produit/zoom/23A259AB9A4B7731DB0A485A7770805A.jpg,,,,2025-12-17T23:59:59Z,PROSPECTUS,14,4,,
44250,8410376057577,220.0,Gullón,"Dibus bolachas magic, embalagem de 220g",,1.29,5.86,0,kg,€/Kg,,,https://driveimg1.intermarche.com/pt/Content/images/boitmal/produit/zoom/0D8BA36055A1A40085AD2B3BEA4B24AF.jpg,,,,2025-12-17T23:59:59Z,PROSPECTUS,14,4,,
44252,5601019012890,210.0,Guloso,"Tomate frito, embalagem de 210g",,0.84,4.0,0,kg,€/Kg,,,https://driveimg1.intermarche.com/pt/Content/images/boitmal/produit/zoom/8B263589AC7E30970A012A4A83920952.jpg,,,,2025-12-17T23:59:59Z,PROSPECTUS,14,4,,
44827,5060751213512,500.0,Monster,"Bebida energética energy ultra fiesta mango, lata de 500 ml",,1.39,2.78,500,L,€/L,,,https://driveimg1.intermarche.com/pt/Content/images/boitmal/produit/zoom/36E7A9CCEFBA2C0AF6B53A03ABEB5326.jpg,,,,2025-12-17T23:59:59Z,PROSPECTUS,14,4,,
44914,5601119345379,160.0,Nobre,"Vegalia especialidade vegetariana de soja, lata com 8 unidades",,2.09,13.06,0,kg,€/Kg,,,https://driveimg1.intermarche.com/pt/Content/images/boitmal/produit/zoom/8AC478A6669D2DB4609CB7280CA417C4.jpg,,,,2025-12-17T23:59:59Z,PROSPECTUS,14,4,,
44916,8711327480438,440.0,Magnum,"Gelado double gold caramel billionaire, embalagem de 440 ml",,3.99,9.07,440,L,€/L,,Tipo de stockagem,https://driveimg1.intermarche.com/pt/Content/images/boitmal/produit/zoom/7C07DC9914F4DA381F8A8A6ECD5557A3.jpg,,,,2025-12-17T23:59:59Z,PROSPECTUS,14,4,,
45883,8718951315365,75.0,Colgate,Dentifrico max white  cristais brancos,Embalagem 75 ml,2.29,30.53,75,L,€/L,,,https://driveimg1.intermarche.com/pt/Content/images/boitmal/produit/zoom/8C1D2E83F00F9342F16286473DC43174.jpg,,,,2025-12-17T23:59:59Z,PROSPECTUS,14,4,,
46128,3083681137811,450.0,Bonduelle,"Milho Doce sem Glúten, emb. 3 x 150 gr",,2.59,5.76,0,kg,€/Kg,,,https://driveimg1.intermarche.com/pt/Content/images/boitmal/produit/zoom/EC051C59563F4690C90E354F78286A70.jpg,,,,2025-12-17T23:59:59Z,PROSPECTUS,14,4,,
46666,5601172231459,20.0,Blédina,"Snack tubinhos de cenoura e milho, 20g",,0.99,49.5,0,kg,€/Kg,,,https://driveimg1.intermarche.com/pt/Content/images/boitmal/produit/zoom/3167599A7B56491E0F3468E8C33539D0.jpg,,,,2025-12-17T23:59:59Z,PROSPECTUS,14,4,,
46847,5604260316205,500.0,PorSi,Massa Laços Tricolores 500g,,0.99,1.98,0,kg,€/Kg,,,https://driveimg1.intermarche.com/pt/Content/images/boitmal/produit/zoom/26FB05A80D25E9387A8ADB50077F254D.jpg,,,,2025-12-17T23:59:59Z,PROSPECTUS,14,4,,
4687,5000116105212,375.0,Iglo,"Ervilhas, embalagem de 375g",,1.89,5.04,0,kg,€/Kg,,Tipo de stockagem,https://driveimg1.intermarche.com/pt/Content/images/boitmal/produit/zoom/6C528FEBBEDC5462386A3AB117EEBFD4.jpg,,,,2025-12-17T23:59:59Z,PROSPECTUS,14,4,,
46882,5604260319824,,PorSi,Papel Higiénico Branco Talco 3 Folhas 12 Rolos,,4.99,4.99,0,,€/Unidade,,,https://driveimg1.intermarche.com/pt/Content/images/boitmal/produit/zoom/3FFC2D730C4EDC9A29F53A5EEAAF4D75.jpg,,,,2025-12-17T23:59:59Z,PROSPECTUS,14,4,,
47106,7613287613806,,Nescafé,"Cápsulas de Café Buondi Intenso Int 10, emb. 30 un.",,9.19,9.19,30,,€/Unidade,,,https://driveimg1.intermarche.com/pt/Content/images/boitmal/produit/zoom/E40A3E7241DABB11EAC194DA9AD5C029.jpg,,,,2025-12-17T23:59:59Z,PROSPECTUS,14,4,,
4713,5000204559163,150.0,Glade,"Absorvedores de odores, relax zen",Embalagem de 2x150g,3.29,21.93,150,L,€/L,,,https://driveimg1.intermarche.com/pt/Content/images/boitmal/produit/zoom/16916DD7F5CC08A46A02D04C9338D0A8.jpg,,,,2025-12-17T23:59:59Z,PROSPECTUS,14,4,,
47380,5201429096925,,Hot Wheels,Bancada de ferramentas,1 embalagem,39.99,39.99,0,,€/Unidade,,,https://driveimg1.intermarche.com/pt/Content/images/boitmal/produit/zoom/1AC93E0262EA8D024A8CF2F011E15484.jpg,,,,2025-12-24T23:59:59Z,PROSPECTUS,14,4,,
47890,8718951434912,50.0,Colgate,Dentífrico júnior 7 a 12 anos,Embalagem de 50 ml,2.59,51.8,50,L,€/L,,,https://driveimg1.intermarche.com/pt/Content/images/boitmal/produit/zoom/69B50B84D28922C91B7AD5E5C7F61B21.jpg,,,,2025-12-17T23:59:59Z,PROSPECTUS,14,4,,
47894,0000042182634,100.0,Vaseline,"Vaselina Original, 100ml",,2.24,22.4,100,L,€/L,,,https://driveimg1.intermarche.com/pt/Content/images/boitmal/produit/zoom/0DD3365230EAC852D2AB708418C41AEF.jpg,,,,2025-12-17T23:59:59Z,PROSPECTUS,14,4,,
48011,5603722520068,800.0,Agros,"Leite com chocolate meio gordo sem lactose, 4 x 200 ml",,1.99,2.49,800,L,€/L,,,https://driveimg1.intermarche.com/pt/Content/images/boitmal/produit/zoom/534AAD13A7F896FDBA98EB7001B680B9.jpg,,,,2025-12-17T23:59:59Z,PROSPECTUS,14,4,,
48232,5604260314126,125.0,PorSi,Paté Campagne 125g,,1.29,10.32,0,kg,€/Kg,,,https://driveimg1.intermarche.com/pt/Content/images/boitmal/produit/zoom/C5588FFFFD09B3E0A5FEFB79F37E1E07.jpg,,,,2025-12-17T23:59:59Z,PROSPECTUS,14,4,,
48834,8718951477896,75.0,Colgate,"Pasta dentífrica herbal, 75 ml",,2.39,31.87,75,L,€/L,,,https://driveimg1.intermarche.com/pt/Content/images/boitmal/produit/zoom/49AA8A03B3B014B043207C72387FF48F.jpg,,,,2025-12-17T23:59:59Z,PROSPECTUS,14,4,,
48922,8006540417072,300.0,Pantene,Máscara Caracóis Perfeitos,300 ml,4.94,16.47,300,L,€/L,,,https://driveimg1.intermarche.com/pt/Content/images/boitmal/produit/zoom/025366923064A3F3F548E755A8D57055.jpg,,,,2025-12-17T23:59:59Z,PROSPECTUS,14,4,,
49084,5604260323562,300.0,PorSi,Rissóis de Carne 300g,,1.28,4.27,0,kg,€/Kg,,Tipo de stockagem,https://driveimg1.intermarche.com/pt/Content/images/boitmal/produit/zoom/C730A8C18F6C7422A8CA4892DCCC8D59.jpg,,,,2025-12-17T23:59:59Z,PROSPECTUS,14,4,,
49270,7613287494306,340.0,Felix,"Comida Húmida para Gato Seleção Favoritos em Gelatina, emb. 4 x 85 gr",Embalagem de 4 x 85 g,2.24,6.59,0,kg,€/Kg,,,https://driveimg1.intermarche.com/pt/Content/images/boitmal/produit/zoom/AB20C2BC5C506F50A662C1224932F7C2.jpg,,,,2025-12-17T23:59:59Z,PROSPECTUS,14,4,,
49346,5601008102786,174.0,Vieira,"Bolachas Digestivas Thins de Maçã, emb. 174 gr (6 un)",,1.99,11.44,0,kg,€/Kg,,,https://driveimg1.intermarche.com/pt/Content/images/boitmal/produit/zoom/2808AF6328BFFDD74A0D47EB5E2CCE7E.jpg,,,,2025-12-17T23:59:59Z,PROSPECTUS,14,4,,
49729,5601151968581,1500.0,B!,"Refrigerante limonada, 1. 5 litros",,1.29,0.86,1500,L,€/L,,,https://driveimg1.intermarche.com/pt/Content/images/boitmal/produit/zoom/AC2DDEC95F026307FAD95EC15E7A024A.jpg,,,,2025-12-17T23:59:59Z,PROSPECTUS,14,4,,
49730,5601151968574,1500.0,B!,Sumo maracujá de 1.5 l,,1.29,0.86,1500,L,€/L,,,https://driveimg1.intermarche.com/pt/Content/images/boitmal/produit/zoom/D471B15D4B18DF054FCF4E0F25DA8D23.jpg,https://driveimg1.intermarche.com/pt/Content/images/boitmal/produit/zoom/48964AEE0FDBEDF349365603C964A160.jpg,,,2025-12-17T23:59:59Z,PROSPECTUS,14,4,,
4975,5601007001332,750.0,Esteva,"Vinho doc douro tinto, garrafa de 0.75 l",,5.49,7.32,750,L,€/L,,,https://driveimg1.intermarche.com/pt/Content/images/boitmal/produit/zoom/7DE3E82C8EEE9F921A3163C241BC3A09.jpg,,,,2025-12-17T23:59:59Z,PROSPECTUS,14,4,,
49819,5603722517327,600.0,Matinal,"Leite seleccionado leve, pack 3 x 200 ml",,1.43,2.38,600,L,€/L,,,https://driveimg1.intermarche.com/pt/Content/images/boitmal/produit/zoom/4E1E39519082067F8E10CE178A1C4928.jpg,,,,2025-12-17T23:59:59Z,PROSPECTUS,14,4,,
49831,8445290157348,390.0,Nesquik,"Achocolatado em pó, embalagem de 390g",,2.99,7.67,0,kg,€/Kg,,,https://driveimg1.intermarche.com/pt/Content/images/boitmal/produit/zoom/1C8D0ADDD419DD646B2CF36E18D3378F.jpg,,,,2025-12-17T23:59:59Z,PROSPECTUS,14,4,,
49981,3021761207269,360.0,Gogo,"Conjunto de saquetas de fruta multifrutos, embalagem de 360g",,2.55,7.08,0,kg,€/Kg,,,https://driveimg1.intermarche.com/pt/Content/images/boitmal/produit/zoom/1FA9F30217D7DE96A61A6082D1C5EF70.jpg,,,,2025-12-17T23:59:59Z,PROSPECTUS,14,4,,
49994,5601066401111,150.0,Nacional,Bolachas cookies nacional aveia 150g,,1.34,8.93,0,kg,€/Kg,,,https://driveimg1.intermarche.com/pt/Content/images/boitmal/produit/zoom/1E5A75087923E97C10CA27678FBDFE18.jpg,,,,2025-12-17T23:59:59Z,PROSPECTUS,14,4,,
5013,5601028000901,,Renova,"Lenços de bolso, mentol, 10 unidades",Uma embalagem de 6x10,0.89,0.89,0,,€/Unidade,,,https://driveimg1.intermarche.com/pt/Content/images/boitmal/produit/zoom/4BB94E1BB1D128DCD189ADC891886C57.jpg,https://driveimg1.intermarche.com/pt/Content/images/boitmal/produit/zoom/7EE90F439AA655DFBFC53F95D6F1C310.jpg,https://driveimg1.intermarche.com/pt/Content/images/boitmal/produit/zoom/A0FCC93D8F7F6796996182865700DFA2.jpg,https://driveimg1.intermarche.com/pt/Content/images/boitmal/produit/zoom/C7ABCF289EBF6E00DBF054E0C3771DBF.jpg,2025-12-17T23:59:59Z,PROSPECTUS,14,4,,
50406,8445290490155,600.0,Cerelac,"Papa Infantil para Preparar com Leite +6M, emb. 600 gr",,3.44,5.73,0,kg,€/Kg,,,https://driveimg1.intermarche.com/pt/Content/images/boitmal/produit/zoom/C95864141AF0280BDB80A795593394EA.jpg,,,,2025-12-17T23:59:59Z,PROSPECTUS,14,4,,
51302,5600961159158,65.0,Prozis,"Barra Proteica de Amendoim Billion, emb. 65 gr",,1.59,24.46,0,kg,€/Kg,,,https://driveimg1.intermarche.com/pt/Content/images/boitmal/produit/zoom/54B4B59AFCBA57F6B07530E795E0CA56.jpg,,,,2025-12-17T23:59:59Z,PROSPECTUS,14,4,,
5134,5601077101048,750.0,Velhotes,"Vinho do porto ruby, garrafa de 0,75 l",,5.29,7.05,750,L,€/L,,,https://driveimg1.intermarche.com/pt/Content/images/boitmal/produit/zoom/4D11BFCA64657F3FE1BA06C9B011E07A.jpg,,,,2025-12-17T23:59:59Z,PROSPECTUS,14,4,,
5136,5601077122012,750.0,Velhotes,"Vinho do porto branco, garrafa de 0,75 l",,5.29,7.05,750,L,€/L,,,https://driveimg1.intermarche.com/pt/Content/images/boitmal/produit/zoom/97071FF72A588EB9C21E2DCCFEDE4E31.jpg,,,,2025-12-17T23:59:59Z,PROSPECTUS,14,4,,
51539,8410436441971,1250.0,Sonasol,"Lava Tudo Amoniacal, 1.25 litros",,2.24,1.79,1250,L,€/L,,,https://driveimg1.intermarche.com/pt/Content/images/boitmal/produit/zoom/ADC2C768ECFDB2F140F8B3BBFE7C6F66.jpg,,,,2025-12-17T23:59:59Z,PROSPECTUS,14,4,,
51607,8718951472846,400.0,Colgate,Elixir Cuidado das Gengivas PerioGard,400 ml,4.84,12.1,400,L,€/L,,,https://driveimg1.intermarche.com/pt/Content/images/boitmal/produit/zoom/4FEC2183E1AC0E3EB4E96AF1F412B444.jpg,,,,2025-12-17T23:59:59Z,PROSPECTUS,14,4,,
51624,8445290071842,800.0,Purina One,Ração seca para gato frango,Embalagem de 800g,5.59,6.99,0,kg,€/Kg,,,https://driveimg1.intermarche.com/pt/Content/images/boitmal/produit/zoom/E0A4B307705088FDDA965A5AD9EFBFF3.jpg,,,,2025-12-17T23:59:59Z,PROSPECTUS,14,4,,
51779,5604260327089,900.0,PorSi,Detergente Máquina Loiça Clássico 60p,,3.65,4.06,0,kg,€/Kg,,,https://driveimg1.intermarche.com/pt/Content/images/boitmal/produit/zoom/5D0E62FF3D9A0C755640BCC5F7832DD7.jpg,,,,2025-12-17T23:59:59Z,PROSPECTUS,14,4,,
51853,8720182470133,447.0,Calvé,"Maionese magra, embalagem de 447g",,2.19,4.9,0,kg,€/Kg,,,https://driveimg1.intermarche.com/pt/Content/images/boitmal/produit/zoom/669DCF67630FE8FCA748AC7DC2CB15C7.jpg,,,,2025-12-17T23:59:59Z,PROSPECTUS,14,4,,
51896,8719200253377,400.0,Planta,"Creme vegetal para barrar original, 400g",,2.96,7.4,0,kg,€/Kg,,,https://driveimg1.intermarche.com/pt/Content/images/boitmal/produit/zoom/0265DFAAA6CC23B5D28B5523E860ECEF.jpg,,,,2025-12-17T23:59:59Z,PROSPECTUS,14,4,,
51925,8711327587632,2000.0,Lipton,Ice tea lipton chá preto manga zero 2l,,2.39,1.2,2000,L,€/L,,,https://driveimg1.intermarche.com/pt/Content/images/boitmal/produit/zoom/241DBF240C312378317C24947EDC5453.jpg,,,,2025-12-17T23:59:59Z,PROSPECTUS,14,4,,
51978,5600744051457,198.0,Saborosa,"Bolacha belgas red velvet, embalagem de 198g",,1.79,9.04,0,kg,€/Kg,,,https://driveimg1.intermarche.com/pt/Content/images/boitmal/produit/zoom/24A5A4F6F89B1A1D040BB1FEACE78EF6.jpg,,,,2025-12-17T23:59:59Z,PROSPECTUS,14,4,,
52599,5601217137968,1710.0,Quanto,"Amaciador roupa concentrado violetas do bosque, 95 doses",,3.99,2.33,1710,L,€/L,,,https://driveimg1.intermarche.com/pt/Content/images/boitmal/produit/zoom/5BB423789BC94865619FE51D54EA4D5B.jpg,,,,2025-12-17T23:59:59Z,PROSPECTUS,14,4,,
52600,5601217137951,1710.0,Quanto,"Amaciador roupa concentrado ouro e orquídea branca, 95 doses",,3.99,2.33,1710,L,€/L,,,https://driveimg1.intermarche.com/pt/Content/images/boitmal/produit/zoom/D5BBE20226E42754DBBAD723FC764C65.jpg,,,,2025-12-17T23:59:59Z,PROSPECTUS,14,4,,
52601,5601217137944,1710.0,Quanto,"Amaciador roupa concentrado rubi e jasmim, 95 doses",,3.99,2.33,1710,L,€/L,,,https://driveimg1.intermarche.com/pt/Content/images/boitmal/produit/zoom/F98E5B67EBAD53610C2B7527547160F8.jpg,,,,2025-12-17T23:59:59Z,PROSPECTUS,14,4,,
52602,5601217137937,1710.0,Quanto,"Amaciador roupa concentrado lirios e frutos vermelhos, 95 doses",,3.99,2.33,1710,L,€/L,,,https://driveimg1.intermarche.com/pt/Content/images/boitmal/produit/zoom/D5EC13B4D27621ECAF91289F5FDA9612.jpg,,,,2025-12-17T23:59:59Z,PROSPECTUS,14,4,,
52620,0035051500407,,Rainbow High,Color & Create Olhos Verdes,1 unidade,37.99,37.99,0,,€/Unidade,,,https://driveimg1.intermarche.com/pt/Content/images/boitmal/produit/zoom/84C1C97E3024C8F292EC79CC3C30DBDE.jpg,,,,2025-12-24T23:59:59Z,PROSPECTUS,14,4,,
52636,8719200269026,400.0,Planta,"Creme vegetal para barrar, 400g",,2.96,7.4,0,kg,€/Kg,,,https://driveimg1.intermarche.com/pt/Content/images/boitmal/produit/zoom/F65911004A3F054AD79E8D4223582388.jpg,,,,2025-12-17T23:59:59Z,PROSPECTUS,14,4,,
52787,5900020044129,80.0,Nestlé,"Barras de Trigo, Aveia e Quinoa de Mel Fibra sem Açúcar, emb. 80 gr (4 un)",,1.79,22.38,0,kg,€/Kg,,,https://driveimg1.intermarche.com/pt/Content/images/boitmal/produit/zoom/187D25227C186EA7E6F2778C2AF07CC6.jpg,,,,2025-12-17T23:59:59Z,PROSPECTUS,14,4,,
52857,5000299628713,700.0,BallantineS,"Whiskey 10 anos, garrafa de 700 ml",,19.85,28.36,700,L,€/L,,,https://driveimg1.intermarche.com/pt/Content/images/boitmal/produit/zoom/84FA40945AEADF7B85757ECC99D3C4BC.jpg,https://driveimg1.intermarche.com/pt/Content/images/boitmal/produit/zoom/A84BA43EC29C56E09F1E5A7D7C7796C0.jpg,https://driveimg1.intermarche.com/pt/Content/images/boitmal/produit/zoom/A84BA43EC29C56E09F1E5A7D7C7796C0.jpg,,2025-12-24T23:59:59Z,PROSPECTUS,14,4,,
52880,8719200267794,450.0,Becel,"Creme vegetal de barrar com sabor a manteiga, 450g",,3.89,8.64,0,kg,€/Kg,,,https://driveimg1.intermarche.com/pt/Content/images/boitmal/produit/zoom/E2EFE8BE5E96AF9FCA9D840059BF696C.jpg,https://driveimg1.intermarche.com/pt/Content/images/boitmal/produit/zoom/287D301C66C180312FAA8A3BAE7EA710.jpg,https://driveimg1.intermarche.com/pt/Content/images/boitmal/produit/zoom/287D301C66C180312FAA8A3BAE7EA710.jpg,https://driveimg1.intermarche.com/pt/Content/images/boitmal/produit/zoom/287D301C66C180312FAA8A3BAE7EA710.jpg,2025-12-17T23:59:59Z,PROSPECTUS,14,4,,
52881,8719200267190,450.0,Becel,"Creme vegetal para barrar original, 450g",,3.89,8.64,0,kg,€/Kg,,,https://driveimg1.intermarche.com/pt/Content/images/boitmal/produit/zoom/7D8CFDDFB89CBA606F61A06158439D60.jpg,https://driveimg1.intermarche.com/pt/Content/images/boitmal/produit/zoom/D67292663C5C1617E51BCDF904BF56A4.jpg,https://driveimg1.intermarche.com/pt/Content/images/boitmal/produit/zoom/D67292663C5C1617E51BCDF904BF56A4.jpg,,2025-12-17T23:59:59Z,PROSPECTUS,14,4,,
53044,8720181368769,4320.0,Omo,"Detergente roupa máquina líquido, 96 doses",,8.99,2.08,4320,L,€/L,,,https://driveimg1.intermarche.com/pt/Content/images/boitmal/produit/zoom/30BA46CDC8291B3E0F7206BAD1197FAE.jpg,,,,2025-12-17T23:59:59Z,PROSPECTUS,14,4,,
53098,5609060439758,200.0,Delta,"Mistura Solúvel Cevada, Chicória e Centeio sem Café, 200g",,2.58,12.9,0,kg,€/Kg,,,https://driveimg1.intermarche.com/pt/Content/images/boitmal/produit/zoom/A5B5C4B07F0E84D84C1F9A67C58C5B01.jpg,https://driveimg1.intermarche.com/pt/Content/images/boitmal/produit/zoom/FC3487925D87EA1F223F192FD51689C5.jpg,https://driveimg1.intermarche.com/pt/Content/images/boitmal/produit/zoom/FC3487925D87EA1F223F192FD51689C5.jpg,,2025-12-17T23:59:59Z,PROSPECTUS,14,4,,
53099,5609060439833,200.0,Delta,"Bebida Cereais Chicória com Café, emb. 200 gr",,2.99,14.95,0,kg,€/Kg,,,https://driveimg1.intermarche.com/pt/Content/images/boitmal/produit/zoom/6CA97169CC38387AC80BBFCE4CE27CC4.jpg,https://driveimg1.intermarche.com/pt/Content/images/boitmal/produit/zoom/6C77AA8D9D25539DF30A6CEB74FA144B.jpg,https://driveimg1.intermarche.com/pt/Content/images/boitmal/produit/zoom/6C77AA8D9D25539DF30A6CEB74FA144B.jpg,https://driveimg1.intermarche.com/pt/Content/images/boitmal/produit/zoom/6C77AA8D9D25539DF30A6CEB74FA144B.jpg,2025-12-17T23:59:59Z,PROSPECTUS,14,4,,
