identifier,produitEan13,capacite,marque,libelle,conditionnement,prix,unitPrice,volume,typeProduit_uniteByCode,unit_value,pictogrammes_0,pictogrammes_libelleCategorie,images_0,images_1,images_2,images_3,avantages_dateFin,avantages_categorie,nro_paginas,page,images_4,images_5,images_6,images_7
1292,5601151354452,1000.0,Compal,"Néctar vital equilibrio manga e laranja, 1 l",,1.15,1.15,1000,L,€/L,,,https://driveimg1.intermarche.com/pt/Content/images/boitmal/produit/zoom/1F825A70CAB773F623AA6F5B800DE1F4.jpg,,,,2026-02-04T23:59:59Z,PROSPECTUS,17,1,,,,
52920,0000059095842,50.0,Dove,"Desodorizante Roll On Advanced Original, emb. 50 ml",,2.49,49.8,50,L,€/L,,,https://driveimg1.intermarche.com/pt/Content/images/boitmal/produit/zoom/2183AEDEDCEDF4209F45853BE608CFF9.jpg,,,,2026-02-04T23:59:59Z,PROSPECTUS,17,1,,,,
54365,8410104915209,,Finish,"Detergente Loiça Máquina Quantum Limão, 64 Pastilhas",,11.99,11.99,0,,€/Unidade,,,https://driveimg1.intermarche.com/pt/Content/images/boitmal/produit/zoom/D395D7FB7505791938B52E99053AC6D0.jpg,,,,2026-02-04T23:59:59Z,PROSPECTUS,17,1,,,,
540,3222270158428,1500.0,Friskies,"Ração para Gato Adulto de Interior Frango, Peru e Legumes, emb. 1,5 kg","Embalagem de 1,5 kg",5.49,3.66,0,kg,€/Kg,,,https://driveimg1.intermarche.com/pt/Content/images/boitmal/produit/zoom/CD7C5B2E4322F0515EAC25F0F1ADD782.jpg,,,,2026-02-04T23:59:59Z,PROSPECTUS,17,1,,,,
20202,5601151976456,1000.0,Frize,"Água com gás limão/pepino/gengibre, pack 4 x 0.25 l",,1.99,1.99,1000,L,€/L,,,https://driveimg1.intermarche.com/pt/Content/images/boitmal/produit/zoom/8CC607BECDA933771553297655559077.jpg,,,,2026-02-04T23:59:59Z,PROSPECTUS,17,1,,,,
54632,5603722523045,1000.0,Gresso,"Leite UHT Meio Gordo, 1L",,0.85,0.85,1000,L,€/L,,,https://driveimg1.intermarche.com/pt/Content/images/boitmal/produit/zoom/ECF816693AC2579C9FB595FD8ABD96D7.jpg,,,,2026-02-04T23:59:59Z,PROSPECTUS,17,1,,,,
11950,5603722495106,200.0,Mimosa,"Nata uht light, embalagem de 200 ml",,0.85,4.25,200,L,€/L,,,https://driveimg1.intermarche.com/pt/Content/images/boitmal/produit/zoom/B134F58E2258EB7BCE2AC1B56CF95546.jpg,,,,2026-02-04T23:59:59Z,PROSPECTUS,17,1,,,,
57203,8720181347245,150.0,Dove,"Desodorizante Spray Powder 48H, emb. 150 ml",,2.49,16.6,150,L,€/L,,,https://driveimg1.intermarche.com/pt/Content/images/boitmal/produit/zoom/34BBC3C42EE4AC49167522FF526EF4CC.jpg,,,,2026-02-04T23:59:59Z,PROSPECTUS,17,1,,,,
1120,5601066301718,500.0,Nacional,"Massa de espirais, embalagem de 500g",,0.85,1.7,0,kg,€/Kg,,,https://driveimg1.intermarche.com/pt/Content/images/boitmal/produit/zoom/B50E4B0B2C4856A819A2FF672D887104.jpg,,,,2026-02-04T23:59:59Z,PROSPECTUS,17,1,,,,
54269,4005900422705,750.0,Nivea,"Gel de Banho Care & Relax, 750ml",,4.19,5.59,750,L,€/L,,,https://driveimg1.intermarche.com/pt/Content/images/boitmal/produit/zoom/C3BE8AF07697936FE0EC46EA396D20AE.jpg,,,,2026-02-04T23:59:59Z,PROSPECTUS,17,1,,,,
44271,8000500179864,600.0,Nutella,"Creme para barrar de avelãs e cacau, embalagem de 600g",,4.79,7.98,0,kg,€/Kg,,,https://driveimg1.intermarche.com/pt/Content/images/boitmal/produit/zoom/938F7887C6458F9D530A4F7D2690249F.jpg,,,,2026-02-04T23:59:59Z,PROSPECTUS,17,1,,,,
980,5601024134488,750.0,Oliveira da Serra,Azeite virgem extra clássico,Embalagem de 750 ml,4.59,6.12,750,L,€/L,,,https://driveimg1.intermarche.com/pt/Content/images/boitmal/produit/zoom/01EF39EFE8396CC9ACA95DC25E9D3412.jpg,,,,2026-02-04T23:59:59Z,PROSPECTUS,17,1,,,,
9293,5603722493942,250.0,Primor,Manteiga pasteurizada com sal cuvet,Embalagem de 250g,2.09,8.36,0,kg,€/Kg,,,https://driveimg1.intermarche.com/pt/Content/images/boitmal/produit/zoom/F3F4D9FDF2A69DC31DE35D801759C2EE.jpg,,,,2026-02-04T23:59:59Z,PROSPECTUS,17,1,,,,
5032,5601028009164,,Renova,Papel Higiénico Super Folha Dupla,Embalagem 48 Unidades,8.99,8.99,0,,€/Unidade,,,https://driveimg1.intermarche.com/pt/Content/images/boitmal/produit/zoom/DAC7C97D0E281172DFC4FCEA24E5A707.jpg,,,,2026-02-04T23:59:59Z,PROSPECTUS,17,1,,,,
16105,5601146703463,7500.0,Sagres,"Cerveja com Álcool Mini, emb. 30 x 25 cl",,12.99,1.73,7500,L,€/L,,,https://driveimg1.intermarche.com/pt/Content/images/boitmal/produit/zoom/8AED8878F83EE06034073768C464A0DF.jpg,,,,2026-02-04T23:59:59Z,PROSPECTUS,17,1,,,,
52593,8720181385049,,Skip,Detergente Máquina Roupa Líquido Sensitive,100 Doses,13.99,13.99,0,,€/Unidade,,,https://driveimg1.intermarche.com/pt/Content/images/boitmal/produit/zoom/AFC8244D618B3035788FED7EABC12BA4.jpg,,,,2026-02-04T23:59:59Z,PROSPECTUS,17,1,,,,
5273,5601164902343,7920.0,Super Bock,"Cerveja com Álcool, emb. 24 x 33 cl",,17.49,2.21,7920,L,€/L,,,https://driveimg1.intermarche.com/pt/Content/images/boitmal/produit/zoom/B20818C9DD1836C39491D27565F038C6.jpg,,,,2026-02-04T23:59:59Z,PROSPECTUS,17,1,,,,
47657,5600356070006,700.0,Super Pop,"Detergente loiça tripla ação maçã, 700 ml",,2.29,3.27,700,L,€/L,,,https://driveimg1.intermarche.com/pt/Content/images/boitmal/produit/zoom/225ACC9F82588EB810572EC1677D5B22.jpg,,,,2026-02-04T23:59:59Z,PROSPECTUS,17,1,,,,
15161,5604260274246,1000.0,PorSi,Cenouras Programa Origens,Embalagem de 1 kg,0.89,0.89,0,kg,€/Kg,,,https://driveimg1.intermarche.com/pt/Content/images/boitmal/produit/zoom/558C3AC1450C10C8B2395D06441C5423.jpg,,,,2026-02-04T23:59:59Z,PROSPECTUS,17,1,,,,
21292,5604260263837,250.0,PorSi,Alho Seco,Embalagem: 250 g  ,1.39,5.56,0,kg,€/Kg,,,https://driveimg1.intermarche.com/pt/Content/images/boitmal/produit/zoom/9CACD04AEB53BB065A4A6DA5A64A1473.jpg,,,,2026-02-04T23:59:59Z,PROSPECTUS,17,1,,,,
5975,5604260273690,,PorSi,"Guardanapos brancos, 33x33cm, 2 folhas",Embalagem com 100 unidades,1.19,1.19,0,,€/Unidade,,,https://driveimg1.intermarche.com/pt/Content/images/boitmal/produit/zoom/25E85DBD14E79E86CE42E3D2F47DB275.jpg,,,,2026-02-04T23:59:59Z,PROSPECTUS,17,1,,,,
12997,2892527000000,300.0,Legumes,Courgette Categoria II,,0.54,1.79,0,,€/Kg,,,https://driveimg1.intermarche.com/pt/Content/images/boitmal/produit/zoom/323B806C0CB557ED0F5B2CB32A998FDE.jpg,,,,2026-02-04T23:59:59Z,PROSPECTUS,17,1,,,,
13866,2891048000000,1000.0,Porco,Bifanas,Vendido ao peso a partir de 1 kg,3.99,3.99,0,,€/Kg,,,https://driveimg1.intermarche.com/pt/Content/images/boitmal/produit/zoom/72DE0DA6B485199AC995C629E3E4D279.jpg,,,,2026-02-04T23:59:59Z,PROSPECTUS,17,1,,,,
2309,5604260271801,2000.0,PorSi,Cola Zero 2l,,0.79,0.4,2000,L,€/L,,,https://driveimg1.intermarche.com/pt/Content/images/boitmal/produit/zoom/B3B2D30749328B98E0A5409203C1AF4C.jpg,,,,2026-02-04T23:59:59Z,PROSPECTUS,17,1,,,,
13813,2892489000000,250.0,Legumes,Batata Doce,1 un = 250 gr  (aprox.),0.42,1.69,0,,€/Kg,,,https://driveimg1.intermarche.com/pt/Content/images/boitmal/produit/zoom/B0785A3D8A1A6773EB1FB43B119AC4D9.jpg,,,,2026-02-04T23:59:59Z,PROSPECTUS,17,1,,,,
19415,5601028019798,,Renova,"Rolo de cozinha design xxl, 3 rolos",,1.99,1.99,3,,€/Unidade,,,https://driveimg1.intermarche.com/pt/Content/images/boitmal/produit/zoom/9A25E60B9B6B556C2D19CB0AC3EE543B.jpg,,,,2026-02-04T23:59:59Z,PROSPECTUS,17,1,,,,
15052,2892600000000,200.0,Legumes,Tomate Alongado,1 un = 200 gr (aprox.),0.32,1.59,0,,€/Kg,,,https://driveimg1.intermarche.com/pt/Content/images/boitmal/produit/zoom/38D21D4EBC59DA4208AABB9D11AF0901.jpg,,,,2026-02-04T23:59:59Z,PROSPECTUS,17,1,,,,
21291,2891140000000,1000.0,Porco,Cachaço s/ Osso,Vendido ao peso a partir de 1 kg,5.29,5.29,0,,€/Kg,,,https://driveimg1.intermarche.com/pt/Content/images/boitmal/produit/zoom/7E3931887AC2DD400F13FFEDAE44781A.jpg,,,,2026-02-04T23:59:59Z,PROSPECTUS,17,1,,,,
36522,5604260292042,,PorSi,Papel Higiénico Branco 2 Folhas 12 Rolos,,2.39,2.39,0,,€/Unidade,,,https://driveimg1.intermarche.com/pt/Content/images/boitmal/produit/zoom/D318BE4DBCFF35CA91905AD52A968BEC.jpg,,,,2026-02-04T23:59:59Z,PROSPECTUS,17,1,,,,
44159,5604260282791,2000.0,PorSi,Laranja Programa Origens | categoria II,embalagem de 2 kg,1.99,1.0,0,kg,€/Kg,,,https://driveimg1.intermarche.com/pt/Content/images/boitmal/produit/zoom/A5F43CE8523CB5F096F6D4FFFFA358EE.jpg,,,,2026-02-04T23:59:59Z,PROSPECTUS,17,1,,,,
12889,2892175000000,150.0,Fruta,Kiwi categoria II,1 un = 150 gr (aprox.),0.45,2.99,0,,€/Kg,,,https://driveimg1.intermarche.com/pt/Content/images/boitmal/produit/zoom/39D74C337E358C98856B0EB2FC79D7A8.jpg,,,,2026-02-04T23:59:59Z,PROSPECTUS,17,1,,,,
13892,2891041000000,1000.0,Porco,Costeletas do Lombo,Vendido ao peso a partir de 1 kg,3.99,3.99,0,,€/Kg,,,https://driveimg1.intermarche.com/pt/Content/images/boitmal/produit/zoom/589E4AFE71E19AF7FEB32FB0C0E176FF.jpg,,,,2026-02-04T23:59:59Z,PROSPECTUS,17,1,,,,
14882,2891118000000,1600.0,Frango,Frango Inteiro Grande,1 un = 1.6 kg (aprox.),3.98,2.49,0,,€/Kg,,,https://driveimg1.intermarche.com/pt/Content/images/boitmal/produit/zoom/3581EC31F0B1F288A68020FE172EC513.jpg,,,,2026-02-04T23:59:59Z,PROSPECTUS,17,1,,,,
15010,2892545000000,1000.0,Programa Origens,Couve Flor,1 un = 1 kg (aprox.),1.99,1.99,0,,€/Kg,,,https://driveimg1.intermarche.com/pt/Content/images/boitmal/produit/zoom/93AF9BD404AC9C131A6A0C88150C31D1.jpg,,,,2026-02-04T23:59:59Z,PROSPECTUS,17,1,,,,
3564,2894493000000,150.0,PorSi,Fiambre da Perna Extra,1 un = 150 gr (aprox.),1.5,9.99,0,,€/Kg,,,https://driveimg1.intermarche.com/pt/Content/images/boitmal/produit/zoom/A9EBA756C9FD3C422D551E66AF89E1C9.jpg,,,,2026-02-04T23:59:59Z,PROSPECTUS,17,1,,,,
1819,5604260031634,150.0,PorSi,Bolacha Starchip Originais 150g,,1.09,7.27,0,kg,€/Kg,,,https://driveimg1.intermarche.com/pt/Content/images/boitmal/produit/zoom/CABC3D20B1CC9C514379C2FAC0BED85E.jpg,,,,2026-02-04T23:59:59Z,PROSPECTUS,17,1,,,,
20939,5602125000344,300.0,Legumes,Cogumelo Portobello Pequeno,embalagem de 300 g,1.69,5.63,0,kg,€/Kg,,,https://driveimg1.intermarche.com/pt/Content/images/boitmal/produit/zoom/498EFA86C0C334205FFF2827730CD254.jpg,,,,2026-02-04T23:59:59Z,PROSPECTUS,17,1,,,,
49380,5604260323586,150.0,PorSi,Tiras de Bacon 2x75g,,1.39,9.27,0,kg,€/Kg,,,https://driveimg1.intermarche.com/pt/Content/images/boitmal/produit/zoom/C81C7CF2D06D55EFA730F249BB879140.jpg,,,,2026-02-04T23:59:59Z,PROSPECTUS,17,1,,,,
10849,2895261000000,250.0,Dom Pedro,Queijo meio gordo,Vendido ao peso a partir de 250 gr,2.5,9.99,0,,€/Kg,,,https://driveimg1.intermarche.com/pt/Content/images/boitmal/produit/zoom/2E32C351CB5E4755DE882B4BFEA56EE3.jpg,,,,2026-02-04T23:59:59Z,PROSPECTUS,17,1,,,,
11959,5603722504945,200.0,Mimosa,"Nata para culinária ligeira, embalagem de 200 ml",,0.85,4.25,200,L,€/L,,,https://driveimg1.intermarche.com/pt/Content/images/boitmal/produit/zoom/34074ECCE8C9D0028618D923D64DF04D.jpg,,,,2026-02-04T23:59:59Z,PROSPECTUS,17,1,,,,
12887,2892089000000,500.0,Fruta,Manga Barco,1 un = 500 gr (aprox.),1.2,2.39,0,,€/Kg,,,https://driveimg1.intermarche.com/pt/Content/images/boitmal/produit/zoom/7DE73DFAB226CDE947BB89C61333D3FE.jpg,,,,2026-02-04T23:59:59Z,PROSPECTUS,17,1,,,,
13893,2891043000000,1000.0,Porco,Entrecosto,Vendido ao peso a partir de 1 kg,4.99,4.99,0,,€/Kg,,,https://driveimg1.intermarche.com/pt/Content/images/boitmal/produit/zoom/AA05EE99D302D59771FCC108473E0700.jpg,,,,2026-02-04T23:59:59Z,PROSPECTUS,17,1,,,,
1611,5601736901293,250.0,Mar Ibérica,"Cubos de Tamboril, emb. 250 gr",Embalagem de 250 g,3.39,13.56,0,kg,€/Kg,,Tipo de stockagem,https://driveimg1.intermarche.com/pt/Content/images/boitmal/produit/zoom/B7F6A60B0D063C4286B9079B713072D6.jpg,,,,2026-02-04T23:59:59Z,PROSPECTUS,17,1,,,,
251,2696001000000,400.0,Padaria,Baguete,400 g,0.79,1.98,0,kg,€/Kg,,,https://driveimg1.intermarche.com/pt/Content/images/boitmal/produit/zoom/42C2E126B9E5B84C243F0668DEC3869F.jpg,,,,2026-02-04T23:59:59Z,PROSPECTUS,17,1,,,,
43878,2773120000000,400.0,PorSi,"Strogonoff de Frango, embalagem de 400g (aprox.)",,3.36,8.39,0,,€/Kg,,,https://driveimg1.intermarche.com/pt/Content/images/boitmal/produit/zoom/B0564C72162089A88CD1254AA02E059D.jpg,,,,2026-02-04T23:59:59Z,PROSPECTUS,17,1,,,,
51896,8719200253377,400.0,Planta,"Creme vegetal para barrar original, 400g",,2.96,7.4,0,kg,€/Kg,,,https://driveimg1.intermarche.com/pt/Content/images/boitmal/produit/zoom/0265DFAAA6CC23B5D28B5523E860ECEF.jpg,,,,2026-02-04T23:59:59Z,PROSPECTUS,17,1,,,,
1010,5601038300091,240.0,Knorr,"Caldo de Galinha Cubos, emb. 240 gr (24 un)",,2.49,10.38,0,kg,€/Kg,,,https://driveimg1.intermarche.com/pt/Content/images/boitmal/produit/zoom/4E25834255892D5C9C1047A286FE9847.jpg,,,,2026-02-04T23:59:59Z,PROSPECTUS,17,1,,,,
1188,5601119007970,200.0,Nobre,"Salsichas Frankfurt Originais Lata 8 un, emb. 200 gr",,1.39,6.95,0,kg,€/Kg,,,https://driveimg1.intermarche.com/pt/Content/images/boitmal/produit/zoom/F480FC52D56464F3C1B867155F4A37B9.jpg,,,,2026-02-04T23:59:59Z,PROSPECTUS,17,1,,,,
12892,2892508000000,400.0,Legumes,Beringela,1 un=400 gr (aprox.),1.2,2.99,0,,€/Kg,,,https://driveimg1.intermarche.com/pt/Content/images/boitmal/produit/zoom/5B7B3A896213DE67893050A67A6D9D9B.jpg,,,,2026-02-04T23:59:59Z,PROSPECTUS,17,1,,,,
13048,2893561000000,250.0,Marisco,Ameijoa Branca Vietnamita Congelada,Vendido a partir de 250 gr  (aprox.),0.5,1.99,0,,€/Kg,,Avantages !,https://driveimg1.intermarche.com/pt/Content/images/boitmal/produit/zoom/EB1BC296FF41180E6F3E1626AD4F78AA.jpg,,,,2026-02-04T23:59:59Z,PROSPECTUS,17,1,,,,
1322,5601163011114,5400.0,Luso,"Água sem gás, garrafa de 5,4 l",,1.49,0.28,5400,L,€/L,,,https://driveimg1.intermarche.com/pt/Content/images/boitmal/produit/zoom/AA9320932FF184911C32006B7463EC74.jpg,,,,2026-02-04T23:59:59Z,PROSPECTUS,17,1,,,,
13947,2891125000000,150.0,Peru,Espetadas de Peru,1 un = 150 gr (aprox.),1.02,6.79,0,,€/Kg,,,https://driveimg1.intermarche.com/pt/Content/images/boitmal/produit/zoom/7051DD49B64096A6B46E7815DD618A85.jpg,,,,2026-02-04T23:59:59Z,PROSPECTUS,17,1,,,,
14372,8712100599392,550.0,Calvé,"Ketchup Top Down sem Glúten, emb. 550 gr",,2.59,4.71,0,kg,€/Kg,,,https://driveimg1.intermarche.com/pt/Content/images/boitmal/produit/zoom/6D3218F33B22BC3205033BC41E176600.jpg,https://driveimg1.intermarche.com/pt/Content/images/boitmal/produit/zoom/FE7F103C359D2D1FD7BF3FDC8DD381BA.jpg,https://driveimg1.intermarche.com/pt/Content/images/boitmal/produit/zoom/FE7F103C359D2D1FD7BF3FDC8DD381BA.jpg,https://driveimg1.intermarche.com/pt/Content/images/boitmal/produit/zoom/FE7F103C359D2D1FD7BF3FDC8DD381BA.jpg,2026-02-04T23:59:59Z,PROSPECTUS,17,1,,,,
1475,5601286273789,500.0,Milaneza,"Massa fusilli tricolor, embalagem de 500g",,1.26,2.52,0,kg,€/Kg,,,https://driveimg1.intermarche.com/pt/Content/images/boitmal/produit/zoom/89BD68C65931C04722FA40DDD3898CB2.jpg,,,,2026-02-04T23:59:59Z,PROSPECTUS,17,1,,,,
1918,5604260049301,1000.0,PorSi,Farinha de Trigo Super Fina - com Fermento 1 kg,,0.69,0.69,0,kg,€/Kg,,,https://driveimg1.intermarche.com/pt/Content/images/boitmal/produit/zoom/80ABBEF0426497F51EF4205BE318E7E4.jpg,,,,2026-02-04T23:59:59Z,PROSPECTUS,17,1,,,,
1919,5604260049318,1000.0,PorSi,Farinha de Trigo Fina - com Fermento 1 kg,,0.69,0.69,0,kg,€/Kg,,,https://driveimg1.intermarche.com/pt/Content/images/boitmal/produit/zoom/B081D6C7E8819267DC975A9B41881B49.jpg,,,,2026-02-04T23:59:59Z,PROSPECTUS,17,1,,,,
22953,8411660670236,750.0,Sanytol,Desinfetante Multiusos,Embalagem de 750 ml,2.49,3.32,750,L,€/L,,,https://driveimg1.intermarche.com/pt/Content/images/boitmal/produit/zoom/1EEAA97664C33C6BEBEA4FA4B7290F03.jpg,,,,2026-02-04T23:59:59Z,PROSPECTUS,17,1,,,,
40558,5604260301164,220.0,PorSi,Suisse Croc Morango 2x110g,,1.49,6.77,0,kg,€/Kg,,,https://driveimg1.intermarche.com/pt/Content/images/boitmal/produit/zoom/AA181D6FCE0CA0A44C9A0F2F8A8253EE.jpg,,,,2026-02-04T23:59:59Z,PROSPECTUS,17,1,,,,
41715,5604260306381,500.0,PorSi,Iogurte Tipo Grego Caramelo Salgado 4x125g,,1.65,3.3,0,kg,€/Kg,,,https://driveimg1.intermarche.com/pt/Content/images/boitmal/produit/zoom/06B0DF990840E5BE19798110DA62E89E.jpg,,,,2026-02-04T23:59:59Z,PROSPECTUS,17,1,,,,
45212,5604260313440,,PorSi,Toalhitas Bebé Recarga Basic X72,Embalagem de 72 unidades,0.95,0.95,0,,€/Unidade,,,https://driveimg1.intermarche.com/pt/Content/images/boitmal/produit/zoom/2A8840C4D3591A0FCF0D30701819AA3F.jpg,,,,2026-02-04T23:59:59Z,PROSPECTUS,17,1,,,,
54828,5601164906273,7000.0,Super Bock,"Cerveja, 35 x 20 cl",,14.49,2.07,7000,L,€/L,,,https://driveimg1.intermarche.com/pt/Content/images/boitmal/produit/zoom/3EEAE55F901F69F71712A095227D1F3E.jpg,,,,2026-02-04T23:59:59Z,PROSPECTUS,17,1,,,,
5925,5604260256891,2000.0,PorSi,Lava Tudo Perfumado Floral,,0.99,0.5,2000,L,€/L,,,https://driveimg1.intermarche.com/pt/Content/images/boitmal/produit/zoom/F01E0A9A550FA76DA5066F589EA8BBFA.jpg,,,,2026-02-04T23:59:59Z,PROSPECTUS,17,1,,,,
5966,5604260272792,5000.0,PorSi,Lixívia Perfumada 5l,,1.99,0.4,5000,L,€/L,,,https://driveimg1.intermarche.com/pt/Content/images/boitmal/produit/zoom/2B3492AFD036B535D5871D4B50DFD280.jpg,,,,2026-02-04T23:59:59Z,PROSPECTUS,17,1,,,,
11925,5603089002221,200.0,Parmalat,"Nata uht para culinária, embalagem de 200 ml",,0.99,4.95,200,L,€/L,,,https://driveimg1.intermarche.com/pt/Content/images/boitmal/produit/zoom/6D33922CAD380AFD4F287905CBB6BE3F.jpg,,,,2026-02-04T23:59:59Z,PROSPECTUS,17,1,,,,
13126,2893105000000,600.0,Peixaria,Dourada de Viveiro,de 600 a 800g,5.09,8.49,0,,€/Kg,,,https://driveimg1.intermarche.com/pt/Content/images/boitmal/produit/zoom/6E8A33BF89ACC347EAD33BE9A6FF5B5C.jpg,,,,2026-02-04T23:59:59Z,PROSPECTUS,17,1,,,,
1323,5601163020512,9000.0,Luso,"Água sem gás, pack 6 x 1.5 l",,3.59,0.4,9000,L,€/L,,,https://driveimg1.intermarche.com/pt/Content/images/boitmal/produit/zoom/001A786D3A6068914B18C4EF27206C2E.jpg,,,,2026-02-04T23:59:59Z,PROSPECTUS,17,1,,,,
19162,5604260276806,500.0,PorSi,Iogurte Tipo Grego Natural Açucarado 4x125g,,1.65,3.3,0,kg,€/Kg,,,https://driveimg1.intermarche.com/pt/Content/images/boitmal/produit/zoom/49BC1F6A4C2D86DE972031A4D090566C.jpg,,,,2026-02-04T23:59:59Z,PROSPECTUS,17,1,,,,
25597,5601151979303,1200.0,Bongo,"Néctar 8 Frutos, emb. 6 x 20 cl",,2.29,1.91,1200,L,€/L,,,https://driveimg1.intermarche.com/pt/Content/images/boitmal/produit/zoom/58E322AC82399BF9CBCFBEBC2BD370F4.jpg,,,,2026-02-04T23:59:59Z,PROSPECTUS,17,1,,,,
26047,8412600070994,650.0,Bimbo,Pão de forma s/ côdea,Embalagem de 650 g,2.14,3.29,0,kg,€/Kg,,,https://driveimg1.intermarche.com/pt/Content/images/boitmal/produit/zoom/5D9620F17746A1D49642D0DCBD72A2D3.jpg,,,,2026-02-04T23:59:59Z,PROSPECTUS,17,1,,,,
29899,2696008000000,,Padaria,Bola Rústica,85 g,0.24,0.24,0,,€/Unidade,,,https://driveimg1.intermarche.com/pt/Content/images/boitmal/produit/zoom/06C705452DA793A390CC49C0690F6BDD.jpg,,,,2026-02-04T23:59:59Z,PROSPECTUS,17,1,,,,
32551,5608527002764,750.0,Casa Ermelinda Freitas,"Vinho Vinha da Fonte Setúbal Tinto, garrafa 75 cl",Garrafa de 0.75 l,2.99,3.99,750,L,€/L,,,https://driveimg1.intermarche.com/pt/Content/images/boitmal/produit/zoom/06E0D835BF6FF987E9BF7993FA3DFA28.jpg,,,,2026-02-18T23:59:59Z,PROSPECTUS,17,1,,,,
35138,5603722517655,960.0,Mimosa,"Iogurte sólido aroma morango, ananás e banana, 8 x 120 g",,1.89,1.97,0,kg,€/Kg,,,https://driveimg1.intermarche.com/pt/Content/images/boitmal/produit/zoom/7070B93AC2DB23DCF61734D801E40E6D.jpg,,,,2026-02-04T23:59:59Z,PROSPECTUS,17,1,,,,
49084,5604260323562,300.0,PorSi,Rissóis de Carne 300g,,1.14,3.8,0,kg,€/Kg,,Tipo de stockagem,https://driveimg1.intermarche.com/pt/Content/images/boitmal/produit/zoom/C730A8C18F6C7422A8CA4892DCCC8D59.jpg,,,,2026-02-04T23:59:59Z,PROSPECTUS,17,1,,,,
51782,5604260327669,1000.0,PorSi,Iogurte Líquido Piña Colada 1kg/ 944ml,,1.65,1.65,0,kg,€/Kg,,,https://driveimg1.intermarche.com/pt/Content/images/boitmal/produit/zoom/72DCBF92FB9FC3FE1A0ADB9C5783A0CE.jpg,,,,2026-02-04T23:59:59Z,PROSPECTUS,17,1,,,,
543,3228881083241,30.0,Lipton,"20 saquetas chá digestão fácil, embalagem de 30g",,2.35,78.33,0,kg,€/Kg,,,https://driveimg1.intermarche.com/pt/Content/images/boitmal/produit/zoom/62C3C7BA99F1F998410EDAE6BAC40CDF.jpg,,,,2026-02-04T23:59:59Z,PROSPECTUS,17,1,,,,
8933,5601377339080,750.0,Monsaraz,"Vinho doc alentejo tinto, garrafa de 0,75 l",,3.49,4.65,750,L,€/L,,,https://driveimg1.intermarche.com/pt/Content/images/boitmal/produit/zoom/91D66AE5F752617A4B7436C49147FA1C.jpg,,,,2026-02-18T23:59:59Z,PROSPECTUS,17,1,,,,
1114,5601066300780,500.0,Nacional,"Massa de maçarrão riscado, embalagem de 500g",,0.85,1.7,0,kg,€/Kg,,,https://driveimg1.intermarche.com/pt/Content/images/boitmal/produit/zoom/6E823110DFCFAB922E5CE2EEC9376131.jpg,,,,2026-02-04T23:59:59Z,PROSPECTUS,17,1,,,,
11524,5601051420028,250.0,Primor,Manteiga sem sal,Embalagem de 250g,2.19,8.76,0,kg,€/Kg,,,https://driveimg1.intermarche.com/pt/Content/images/boitmal/produit/zoom/0C41B270FBA7B622E759FBA7E3B6B1CD.jpg,,,,2026-02-04T23:59:59Z,PROSPECTUS,17,1,,,,
13529,2893521000000,1000.0,Peixaria,Pescada do Chile Congelada Nº3,1 un= 1 kg (aprox.),8.99,8.99,0,,€/Kg,,Avantages !,https://driveimg1.intermarche.com/pt/Content/images/boitmal/produit/zoom/40D57D35BBDBDF72027C959F41A6E90C.jpg,,,,2026-02-04T23:59:59Z,PROSPECTUS,17,1,,,,
13561,2893555000000,400.0,Peixaria,Red Fish Congelado,,1.6,3.99,0,,€/Kg,,Avantages !,https://driveimg1.intermarche.com/pt/Content/images/boitmal/produit/zoom/6B51C5A0022242B4A2691EFB27EE24DC.jpg,,,,2026-02-04T23:59:59Z,PROSPECTUS,17,1,,,,
13844,2891011000000,800.0,Novilho,Carne p/ Assar,Vendido ao peso a partir de 800 g,10.39,12.99,0,,€/Kg,,,https://driveimg1.intermarche.com/pt/Content/images/boitmal/produit/zoom/142925C351A68598D5F08763C55C20FE.jpg,,,,2026-02-04T23:59:59Z,PROSPECTUS,17,1,,,,
13884,2891106000000,2000.0,PorSi Select,Frango do Campo Inteiro c/ Miúdos Programa Origens,Vendido ao peso,8.98,4.49,0,,€/Kg,,,https://driveimg1.intermarche.com/pt/Content/images/boitmal/produit/zoom/4004CE88E12A24D0AD85684C27210FBB.jpg,,,,2026-02-04T23:59:59Z,PROSPECTUS,17,1,,,,
13915,2891249000000,2000.0,Peru,Perna com Osso,Vendido ao peso,8.98,4.49,0,,€/Kg,,,https://driveimg1.intermarche.com/pt/Content/images/boitmal/produit/zoom/EA6C55F440DB29FDE55EB019973B1FE5.jpg,,,,2026-02-04T23:59:59Z,PROSPECTUS,17,1,,,,
15507,5601050031621,480.0,Danone,"Iogurte activia cremoso coco,  4 x 120 g",,1.99,4.15,0,kg,€/Kg,,,https://driveimg1.intermarche.com/pt/Content/images/boitmal/produit/zoom/C7C13400244FC9F141DCEBAD00E0F9D5.jpg,,,,2026-02-04T23:59:59Z,PROSPECTUS,17,1,,,,
15577,5604260279166,125.0,PorSi,Framboesa,Embalagem com 125g,1.99,15.92,0,kg,€/Kg,,,https://driveimg1.intermarche.com/pt/Content/images/boitmal/produit/zoom/B88FD29FAEF1BF8CB6DEB86AC94C2B60.jpg,,,,2026-02-04T23:59:59Z,PROSPECTUS,17,1,,,,
19163,5604260278121,500.0,PorSi,Iogurte Tipo Grego Morango 4x125g,,1.65,3.3,0,kg,€/Kg,,,https://driveimg1.intermarche.com/pt/Content/images/boitmal/produit/zoom/C740D54E6D0772F5BD1CC74142029BCA.jpg,,,,2026-02-04T23:59:59Z,PROSPECTUS,17,1,,,,
24412,8410436297660,1300.0,Sonasol,"Lava tudo aloe vera e flores brancas, 1,3l",,2.24,1.72,1300,L,€/L,,,https://driveimg1.intermarche.com/pt/Content/images/boitmal/produit/zoom/1CF7718543DB6BCDD620E4F3293279BF.jpg,,,,2026-02-04T23:59:59Z,PROSPECTUS,17,1,,,,
25153,5000146400042,750.0,Harpic,"Líquido wc duraguard pinho da montanha, de 750 ml",,1.99,2.65,750,L,€/L,,,https://driveimg1.intermarche.com/pt/Content/images/boitmal/produit/zoom/60482C1A42B437AF7EE7BE6BA2170110.jpg,,,,2026-02-04T23:59:59Z,PROSPECTUS,17,1,,,,
25706,8411660670229,750.0,Sanytol,Desinfetante p/ WC,Embalagem de 750 ml,2.49,3.32,750,L,€/L,,,https://driveimg1.intermarche.com/pt/Content/images/boitmal/produit/zoom/D105B4A8ECD800E2D1E3546D9AD3B145.jpg,,,,2026-02-04T23:59:59Z,PROSPECTUS,17,1,,,,
25861,5603722509759,800.0,Mimosa,"Leite com chocolate, embalagem de 4 x 200 ml",,1.68,2.1,800,L,€/L,,,https://driveimg1.intermarche.com/pt/Content/images/boitmal/produit/zoom/4FE9754297F54084EBC31D72FBB55E4F.jpg,,,,2026-02-04T23:59:59Z,PROSPECTUS,17,1,,,,
2749,8410063046532,350.0,Pescanova,"Miolo de Camarão 80/100, emb. 350 gr",,6.99,19.97,0,kg,€/Kg,,Tipo de stockagem,https://driveimg1.intermarche.com/pt/Content/images/boitmal/produit/zoom/0EA75135180DC26543A97F342303334A.jpg,,,,2026-02-04T23:59:59Z,PROSPECTUS,17,1,,,,
30638,5607233511584,435.0,Panrico,Pão de Forma Cerealia 14 Cereais e Sementes 0% Açúcares,Embalagem de 440g,1.89,4.34,0,kg,€/Kg,,,https://driveimg1.intermarche.com/pt/Content/images/boitmal/produit/zoom/80E82D3789FD680BAAA3FD45989D08CD.jpg,,,,2026-02-04T23:59:59Z,PROSPECTUS,17,1,,,,
32153,2894072000000,150.0,Elpozo,Peito de Peru 0% Gordura,Vendido ao peso,2.29,15.29,0,,€/Kg,,,https://driveimg1.intermarche.com/pt/Content/images/boitmal/produit/zoom/688C8E152DA42119AD2A86132D581878.jpg,,,,2026-02-04T23:59:59Z,PROSPECTUS,17,1,,,,
33884,2893837000000,1500.0,Peixaria,Peixe espada preto inteiro,Vendido ao peso,11.99,7.99,0,,€/Kg,,,https://driveimg1.intermarche.com/pt/Content/images/boitmal/produit/zoom/0C1CA3DE6B16A13335042AAFE1F612D6.jpg,,,,2026-02-04T23:59:59Z,PROSPECTUS,17,1,,,,
34224,8411135670198,1200.0,Sanytol,"Lava tudo desifetante de pavimentos e superfícies, 1.2 l",,2.49,2.08,1200,L,€/L,,,https://driveimg1.intermarche.com/pt/Content/images/boitmal/produit/zoom/FFDC9462F2240C684CC4CB1BCC1C6604.jpg,,,,2026-02-04T23:59:59Z,PROSPECTUS,17,1,,,,
36189,5604260286485,4000.0,PorSi,Alimento Seco Gato Adulto Carnes 4 kg,,5.99,1.5,0,kg,€/Kg,,,https://driveimg1.intermarche.com/pt/Content/images/boitmal/produit/zoom/AE19C8FD88EDD684CD1CC8CA20BAED8C.jpg,,,,2026-02-04T23:59:59Z,PROSPECTUS,17,1,,,,
36704,5604260300655,270.0,PorSi,Atum Posta Ao Natural 385g,,2.65,9.81,0,kg,€/Kg,,,https://driveimg1.intermarche.com/pt/Content/images/boitmal/produit/zoom/6E8F48924D1C68054BF8CC7FA6C97A49.jpg,,,,2026-02-04T23:59:59Z,PROSPECTUS,17,1,,,,
40743,5604260303236,2500.0,PorSi,"Batata Pré-frita Palitos Finos 2,5kg",Embalagem de 2.5 kg,4.49,1.8,0,kg,€/Kg,,Tipo de stockagem,https://driveimg1.intermarche.com/pt/Content/images/boitmal/produit/zoom/8FCE680DBB6DF44B98E9E496D2C58C08.jpg,,,,2026-02-04T23:59:59Z,PROSPECTUS,17,1,,,,
41822,7613039868300,270.0,Nestlé,"Cereais Estrelitas Mel, emb. 270 gr",Embalagem de 270 g,1.49,5.52,0,kg,€/Kg,,,https://driveimg1.intermarche.com/pt/Content/images/boitmal/produit/zoom/8ED5B2AE951DD00B9C8D9B0148834738.jpg,,,,2026-02-04T23:59:59Z,PROSPECTUS,17,1,,,,
419,8718114882536,50.0,Knorr,"Sopa de cebola, embalagem de 50g",,1.69,33.8,0,kg,€/Kg,,,https://driveimg1.intermarche.com/pt/Content/images/boitmal/produit/zoom/40DE8A4B0CCB6E254052E81CFB00180A.jpg,,,,2026-02-04T23:59:59Z,PROSPECTUS,17,1,,,,
45380,5601050036954,620.0,Danone,"Iogurte magro corpos danone líquido frutos tropicais, 4 x 155 g",,1.89,3.05,0,kg,€/Kg,,,https://driveimg1.intermarche.com/pt/Content/images/boitmal/produit/zoom/231284A4A018EB1BDB97D1E53DC7ECFE.jpg,,,,2026-02-04T23:59:59Z,PROSPECTUS,17,2,,,,
46824,5603722518270,720.0,Mimosa,"Iogurte magro aroma multi sabores de morango/coco, 6x120g",,1.99,2.76,0,kg,€/Kg,,,https://driveimg1.intermarche.com/pt/Content/images/boitmal/produit/zoom/C1F13564A32ADE4727C9B834FE2B8090.jpg,,,,2026-02-04T23:59:59Z,PROSPECTUS,17,2,,,,
4687,5000116105212,375.0,Iglo,"Ervilhas, embalagem de 375g",,1.99,5.31,0,kg,€/Kg,,Tipo de stockagem,https://driveimg1.intermarche.com/pt/Content/images/boitmal/produit/zoom/6C528FEBBEDC5462386A3AB117EEBFD4.jpg,,,,2026-02-04T23:59:59Z,PROSPECTUS,17,2,,,,
48907,5604260320769,,PorSi,Pensos Diários Normal - 64 Unidades,,1.49,1.49,0,,€/Unidade,,,https://driveimg1.intermarche.com/pt/Content/images/boitmal/produit/zoom/DFB079CBF477779AF2A84A2F43E7FF7B.jpg,https://driveimg1.intermarche.com/pt/Content/images/boitmal/produit/zoom/C20F8AD2FC19771FE6AB1B975D7F3E8C.jpg,https://driveimg1.intermarche.com/pt/Content/images/boitmal/produit/zoom/C20F8AD2FC19771FE6AB1B975D7F3E8C.jpg,https://driveimg1.intermarche.com/pt/Content/images/boitmal/produit/zoom/C20F8AD2FC19771FE6AB1B975D7F3E8C.jpg,2026-02-04T23:59:59Z,PROSPECTUS,17,2,https://driveimg1.intermarche.com/pt/Content/images/boitmal/produit/zoom/C20F8AD2FC19771FE6AB1B975D7F3E8C.jpg,https://driveimg1.intermarche.com/pt/Content/images/boitmal/produit/zoom/C20F8AD2FC19771FE6AB1B975D7F3E8C.jpg,,
49085,5604260323555,300.0,PorSi,Rissóis de Camarão 300g,,1.14,3.8,0,kg,€/Kg,,Tipo de stockagem,https://driveimg1.intermarche.com/pt/Content/images/boitmal/produit/zoom/61EB4306415FCE700EFC0803FE2462D1.jpg,,,,2026-02-04T23:59:59Z,PROSPECTUS,17,2,,,,
49361,5604260323777,,PorSi,Toalhitas Bebé Nature X64,64 unidades,1.69,1.69,0,,€/Unidade,,,https://driveimg1.intermarche.com/pt/Content/images/boitmal/produit/zoom/042AEDB5D1E00977B9DC856F921BB5C3.jpg,,,,2026-02-04T23:59:59Z,PROSPECTUS,17,2,,,,
50350,5604260326693,3000.0,PorSi,Água sem gás,Pack de 6 x 0.5 l,0.89,0.3,3000,L,€/L,,,https://driveimg1.intermarche.com/pt/Content/images/boitmal/produit/zoom/1112296A82562D688C4936BAE71EC0EB.jpg,,,,2026-02-04T23:59:59Z,PROSPECTUS,17,2,,,,
50367,5604260326129,300.0,PorSi,Rissóis de Pescada 300g,,1.14,3.8,0,kg,€/Kg,,Tipo de stockagem,https://driveimg1.intermarche.com/pt/Content/images/boitmal/produit/zoom/D16961E3B0472C56A6806953B459DF1C.jpg,,,,2026-02-04T23:59:59Z,PROSPECTUS,17,2,,,,
52297,3023290072134,160.0,Lindahls,"Iogurte sólido proteico pêssego maracujá, embalagem de 160 g",,0.99,6.19,0,kg,€/Kg,,,https://driveimg1.intermarche.com/pt/Content/images/boitmal/produit/zoom/8E044D245812210B87881DDCE4C62971.jpg,,,,2026-02-04T23:59:59Z,PROSPECTUS,17,2,,,,
56107,7622202257759,250.0,Milka,"Tablete de Chocolate de Leite, emb. 250 gr",,3.99,15.96,0,kg,€/Kg,,,https://driveimg1.intermarche.com/pt/Content/images/boitmal/produit/zoom/A81C24BE80FF261C3654B24ADC3A6604.jpg,,,,2026-02-04T23:59:59Z,PROSPECTUS,17,2,,,,
56844,3250392117627,300.0,Itinéraire des Saveurs,Barquette Moussaka 300g,,2.99,9.97,0,kg,€/Kg,,,https://driveimg1.intermarche.com/pt/Content/images/boitmal/produit/zoom/D65020459C3ADAA252BC01B5661C6A79.jpg,,,,2026-02-04T23:59:59Z,PROSPECTUS,17,2,,,,
9111,5601989001412,750.0,Monte Velho,"Vinho regional alentejano tinto, garrafa de 0.75 l",,3.89,5.19,750,L,€/L,,,https://driveimg1.intermarche.com/pt/Content/images/boitmal/produit/zoom/5313E203A06105D1BF7A5AD8308AD864.jpg,,,,2026-02-18T23:59:59Z,PROSPECTUS,17,2,,,,
10272,8410436240109,50.0,Sonasol,"Bloco sanitário blue activ, eucalio",Embalagem de 50 g,1.98,39.6,0,kg,€/Kg,,,https://driveimg1.intermarche.com/pt/Content/images/boitmal/produit/zoom/AD6EF490A116ED8448E270834FD13125.jpg,,,,2026-02-04T23:59:59Z,PROSPECTUS,17,2,,,,
10274,8410436242172,1100.0,Sonasol,"Lava Tudo Brilhante Floral, embalagem 1,1l",,2.99,2.72,1100,L,€/L,,,https://driveimg1.intermarche.com/pt/Content/images/boitmal/produit/zoom/01F5925CB3ADDDABA2B9F66C7D55728C.jpg,,,,2026-02-04T23:59:59Z,PROSPECTUS,17,2,,,,
10827,2895084000000,250.0,Alavão,Queijo Curado Trad.Pimentão,Vendido ao peso a partir de 250 gr,2.42,9.69,0,,€/Kg,,,https://driveimg1.intermarche.com/pt/Content/images/boitmal/produit/zoom/4E6BAB74AB5F3DC05744A385414FF98D.jpg,,,,2026-02-18T23:59:59Z,PROSPECTUS,17,2,,,,
11734,5601356012812,750.0,Albarrada,Vinho doc alentejo tinto,Garrafa de 750 ml,2.79,3.72,750,L,€/L,,,https://driveimg1.intermarche.com/pt/Content/images/boitmal/produit/zoom/71E706CAECD0B52AD13C2ECF90D542F3.jpg,,,,2026-02-18T23:59:59Z,PROSPECTUS,17,2,,,,
1196,5601119942608,200.0,Nobre,"Salsichas de Aves Lata 8 un, emb. 200 gr",,1.39,6.95,0,kg,€/Kg,,,https://driveimg1.intermarche.com/pt/Content/images/boitmal/produit/zoom/C3D289F4C441D4785985F7C225CA4543.jpg,,,,2026-02-04T23:59:59Z,PROSPECTUS,17,2,,,,
12168,5604575110024,750.0,Cabriz,Vinho tinto doc dão,Garrafa de 0.75 l,3.99,5.32,750,L,€/L,,,https://driveimg1.intermarche.com/pt/Content/images/boitmal/produit/zoom/CB979CD463F1CB0F66C28E633F4A8508.jpg,https://driveimg1.intermarche.com/pt/Content/images/boitmal/produit/zoom/B79B99AC1459B8F6165E16A7A5B65E9E.jpg,https://driveimg1.intermarche.com/pt/Content/images/boitmal/produit/zoom/B79B99AC1459B8F6165E16A7A5B65E9E.jpg,https://driveimg1.intermarche.com/pt/Content/images/boitmal/produit/zoom/B79B99AC1459B8F6165E16A7A5B65E9E.jpg,2026-02-18T23:59:59Z,PROSPECTUS,17,2,,,,
1218,5601126039148,1000.0,Sical,"Café em Grão Torrado 5 Estrelas Lote Clássico Int 10, emb. 1 kg",,17.49,17.49,0,kg,€/Kg,,,https://driveimg1.intermarche.com/pt/Content/images/boitmal/produit/zoom/F30913D07FB49FD462FB35C8623DC586.jpg,https://driveimg1.intermarche.com/pt/Content/images/boitmal/produit/zoom/352FFCFAE868D5178905BD9725C43B6E.jpg,,,2026-02-04T23:59:59Z,PROSPECTUS,17,2,,,,
13566,2893560000000,250.0,Congelado de Aquicultura,Camarão Congelado 20/30,1 un = 250 gr  (aprox.),2.25,8.99,0,,€/Kg,,Avantages !,https://driveimg1.intermarche.com/pt/Content/images/boitmal/produit/zoom/863DB9F10BE616A55736AB7A17BC6BB5.jpg,,,,2026-02-04T23:59:59Z,PROSPECTUS,17,2,,,,
13839,2891006000000,800.0,Novilho,Bife da Pá,Vendido ao peso a partir de 800 g,10.39,12.99,0,,€/Kg,,,https://driveimg1.intermarche.com/pt/Content/images/boitmal/produit/zoom/5626B1315F40E59D057B37FBCA18064B.jpg,,,,2026-02-04T23:59:59Z,PROSPECTUS,17,2,,,,
14275,8411800376950,1500.0,Trina,"Refrigerante sem Gás Tropical, emb. 1,5 lt",,1.84,1.23,1500,L,€/L,,,https://driveimg1.intermarche.com/pt/Content/images/boitmal/produit/zoom/A2EF24E638786185FA4E5BE9EC56BB2E.jpg,,,,2026-02-04T23:59:59Z,PROSPECTUS,17,2,,,,
14698,7613034570512,90.0,Nestlé,"Fruta para bebé 4 frutas +4 meses, embalagem de 90g",,0.65,7.22,0,kg,€/Kg,,,https://driveimg1.intermarche.com/pt/Content/images/boitmal/produit/zoom/3717C2AF583A80AD83A765BB8032F767.jpg,,,,2026-02-04T23:59:59Z,PROSPECTUS,17,2,,,,
15566,8410063056180,250.0,Pescanova,"Miolo de Camarão Gigante 15/30 Ultracongelado, emb. 250 gr",,6.99,27.96,0,kg,€/Kg,,Tipo de stockagem,https://driveimg1.intermarche.com/pt/Content/images/boitmal/produit/zoom/BEE1FF3586E000AD085B4D38C7ACD034.jpg,,,,2026-02-04T23:59:59Z,PROSPECTUS,17,2,,,,
16337,7613033481314,400.0,Nestlé,"Cereais Lion Caramelo e Chocolate, emb. 400 gr",,2.99,7.48,0,kg,€/Kg,,,https://driveimg1.intermarche.com/pt/Content/images/boitmal/produit/zoom/64649C144F279BA474EBF5B27F1381D3.jpg,,,,2026-02-04T23:59:59Z,PROSPECTUS,17,2,,,,
1677,5602711001311,1000.0,Rar,"Açúcar Branco Granulado Embalado em Papel, emb. 1 kg",,0.95,0.95,0,kg,€/Kg,,,https://driveimg1.intermarche.com/pt/Content/images/boitmal/produit/zoom/B32F457E1AFE2BD9F726B62129876B87.jpg,,,,2026-02-04T23:59:59Z,PROSPECTUS,17,2,,,,
17523,2891246000000,1000.0,Porco,Pá York c/ Osso c/ Couro,Vendido ao peso a partir de 1 kg,3.99,3.99,0,,€/Kg,,,https://driveimg1.intermarche.com/pt/Content/images/boitmal/produit/zoom/B1774B7150E1E65399A00A5F3DC93922.jpg,,,,2026-02-04T23:59:59Z,PROSPECTUS,17,2,,,,
17893,5601082039817,220.0,Delta Q,Café xl qharacter cápsulas,40 Cápsulas,15.99,72.68,0,kg,€/Kg,,,https://driveimg1.intermarche.com/pt/Content/images/boitmal/produit/zoom/A33D46B8BEAE0A6886B2052A87431B6E.jpg,,,,2026-02-04T23:59:59Z,PROSPECTUS,17,2,,,,
17900,8001480023277,700.0,Neoblanc,"Lixívia Spray Mousse Flor, 700ml",,2.99,4.27,700,L,€/L,,,https://driveimg1.intermarche.com/pt/Content/images/boitmal/produit/zoom/4C9540C630C990410131B89E1C2C75B8.jpg,,,,2026-02-04T23:59:59Z,PROSPECTUS,17,2,,,,
18045,8714789637389,,Colgate,"Escova de dentes max white média, 1 + 1 unidades",,2.99,2.99,1,,€/Unidade,,,https://driveimg1.intermarche.com/pt/Content/images/boitmal/produit/zoom/DA81305E47872C0D2A8BC35B8CC9CB97.jpg,,,,2026-02-04T23:59:59Z,PROSPECTUS,17,2,,,,
20263,5000116110889,180.0,Iglo,"Crocantes de frango original, embalagem de 180g",,3.99,22.17,0,kg,€/Kg,,Tipo de stockagem,https://driveimg1.intermarche.com/pt/Content/images/boitmal/produit/zoom/9B2BC0EEC5724C42D02D0AAA44CCBB50.jpg,,,,2026-02-04T23:59:59Z,PROSPECTUS,17,2,,,,
21767,7613035487871,90.0,Nestlé,"Saqueta de Fruta Multifrutas +6M, emb. 90 gr",,0.65,7.22,0,kg,€/Kg,,,https://driveimg1.intermarche.com/pt/Content/images/boitmal/produit/zoom/1B1A7DCEC52C23E2760C4FE3A24A75EE.jpg,,,,2026-02-04T23:59:59Z,PROSPECTUS,17,2,,,,
2183,5604260263912,58.0,PorSi,Sardinhas Pequenas em Tomate Picante 90g,,0.99,17.07,0,kg,€/Kg,,,https://driveimg1.intermarche.com/pt/Content/images/boitmal/produit/zoom/587BD7E4295C5ED5C32EB8D27F0B56C8.jpg,,,,2026-02-04T23:59:59Z,PROSPECTUS,17,2,,,,
22952,8411660670212,750.0,Sanytol,Desinfetante p/ Cozinha,Embalagem de 750 ml,2.49,3.32,750,L,€/L,,,https://driveimg1.intermarche.com/pt/Content/images/boitmal/produit/zoom/6670903192D029E406F52DBF4952D846.jpg,,,,2026-02-04T23:59:59Z,PROSPECTUS,17,2,,,,
2308,5604260271795,2000.0,PorSi,Cola 2l,,1.19,0.6,2000,L,€/L,,,https://driveimg1.intermarche.com/pt/Content/images/boitmal/produit/zoom/FAE084877CD5F49373EA9981F15AE891.jpg,,,,2026-02-04T23:59:59Z,PROSPECTUS,17,2,,,,
32300,4005900388612,150.0,Nivea,"Desodorizante Spray Black & White Invisible Original, emb. 150 ml",,2.64,17.6,150,L,€/L,,,https://driveimg1.intermarche.com/pt/Content/images/boitmal/produit/zoom/8DE853FFE1791557BA744D60C2D0A5B6.jpg,,,,2026-02-04T23:59:59Z,PROSPECTUS,17,2,,,,
33403,5608527002788,750.0,Vinha da Fonte,"Dona Ermelinda Vinha Da Fonte Reserva Tinto 2022, garrafa 75 cl",Garrafa de 0.75 l,3.99,5.32,750,L,€/L,,,https://driveimg1.intermarche.com/pt/Content/images/boitmal/produit/zoom/590F6016E28E664FE16E3D1DD3D4CE94.jpg,,,,2026-02-18T23:59:59Z,PROSPECTUS,17,2,,,,
34996,5601174790008,750.0,João Pires,"Vinho Branco Regional Península de Setúbal, garrafa 75 cl",,3.69,4.92,750,L,€/L,,,https://driveimg1.intermarche.com/pt/Content/images/boitmal/produit/zoom/06A55366E12859F57878E0AD687C3A61.jpg,,,,2026-02-18T23:59:59Z,PROSPECTUS,17,2,,,,
35483,8410436343435,500.0,Sonasol,Spray desengordurante,Embalagem de 500 ml,1.99,3.98,500,L,€/L,,,https://driveimg1.intermarche.com/pt/Content/images/boitmal/produit/zoom/47473DD6CCCCC8BCBCC650E05B76EF50.jpg,,,,2026-02-04T23:59:59Z,PROSPECTUS,17,2,,,,
35499,5601151973769,3500.0,Sumol,"Refrigerante com gás de laranja, 2 x 1.75 l",,2.79,0.8,3500,L,€/L,,,https://driveimg1.intermarche.com/pt/Content/images/boitmal/produit/zoom/15C97042A71F49C362C4C213EA28900F.jpg,,,,2026-02-04T23:59:59Z,PROSPECTUS,17,2,,,,
35559,5601151973738,3500.0,Pepsi,"Refrigerante com gás max zero, pack de 2 x 1.75 l",,2.39,0.68,3500,L,€/L,,,https://driveimg1.intermarche.com/pt/Content/images/boitmal/produit/zoom/698445C2558FCB105ECA616759C001D7.jpg,,,,2026-02-04T23:59:59Z,PROSPECTUS,17,2,,,,
36910,5604260326068,,PorSi,Fraldas agility T6 para + de 17 kg,30 unidades,5.69,5.69,0,,€/Unidade,,,https://driveimg1.intermarche.com/pt/Content/images/boitmal/produit/zoom/2D6509B4067EF4A8937FE7D6911507B8.jpg,,,,2026-02-04T23:59:59Z,PROSPECTUS,17,2,,,,
36926,5604260296729,200.0,PorSi,Queijo Flamengo Ralado 200g,,1.49,7.45,0,kg,€/Kg,,,https://driveimg1.intermarche.com/pt/Content/images/boitmal/produit/zoom/F6D59516B9D2618D85900EEE413C27AC.jpg,,,,2026-02-04T23:59:59Z,PROSPECTUS,17,2,,,,
37775,5604260298259,380.0,PorSi,Pickles em Vinagre 670g,,2.29,6.03,0,kg,€/Kg,,,https://driveimg1.intermarche.com/pt/Content/images/boitmal/produit/zoom/D34B0D501D2A09DA154FA4AD4236AB34.jpg,,,,2026-02-04T23:59:59Z,PROSPECTUS,17,2,,,,
37809,5604260301119,,PorSi,Fraldas Cueca T6 16-22 kg - 18 Unidades,,4.69,4.69,0,,€/Unidade,,,https://driveimg1.intermarche.com/pt/Content/images/boitmal/produit/zoom/E536EA3EA35E23C93A2058020884BA0B.jpg,,,,2026-02-04T23:59:59Z,PROSPECTUS,17,2,,,,
40577,5604260299973,1000.0,PorSi,Camarão Cozido 30/50 1 kg,Embalagem de 1 kg,10.99,10.99,0,kg,€/Kg,,,https://driveimg1.intermarche.com/pt/Content/images/boitmal/produit/zoom/1C4166812E42A52FCA5A72485BAD01BF.jpg,,,,2026-02-04T23:59:59Z,PROSPECTUS,17,2,,,,
41079,8718951337770,1250.0,Ajax,"Detergente líquido lava tudo festa das flores lavanda, embalagem de 1.25l",,2.24,1.79,1250,L,€/L,,,https://driveimg1.intermarche.com/pt/Content/images/boitmal/produit/zoom/9AF3F843CD8D9DB932E9E6D241AC411E.jpg,,,,2026-02-04T23:59:59Z,PROSPECTUS,17,2,,,,
41437,5604260305773,170.0,PorSi Select,Chouriço de Porco Preto 170g,,2.19,12.88,0,kg,€/Kg,,,https://driveimg1.intermarche.com/pt/Content/images/boitmal/produit/zoom/9AF028948550CC79F4506D20250D6D94.jpg,,,,2026-02-18T23:59:59Z,PROSPECTUS,17,2,,,,
42019,5604260306398,500.0,PorSi,Iogurte Tipo Grego Maracujá 4x125g,,1.65,3.3,0,kg,€/Kg,,,https://driveimg1.intermarche.com/pt/Content/images/boitmal/produit/zoom/0161BD1FBB39AF016EB0BBE025FEDDC9.jpg,,,,2026-02-04T23:59:59Z,PROSPECTUS,17,2,,,,
433,8722700086703,80.0,Knorr,"Caldo para arroz 8 cubos, embalagem de 80g",,1.69,21.13,0,kg,€/Kg,,,https://driveimg1.intermarche.com/pt/Content/images/boitmal/produit/zoom/86EF0F3A35369BBBB925F997B7F539F0.jpg,,,,2026-02-04T23:59:59Z,PROSPECTUS,17,2,,,,
44701,5053990156009,175.0,Pringles,"Snacks Batata Original, emb. 175 gr",,2.39,13.66,0,kg,€/Kg,,,https://driveimg1.intermarche.com/pt/Content/images/boitmal/produit/zoom/BE87AADF1BA674A5818FDF008937F90A.jpg,https://driveimg1.intermarche.com/pt/Content/images/boitmal/produit/zoom/843E1395B62C4B40E91467CF90852642.jpg,https://driveimg1.intermarche.com/pt/Content/images/boitmal/produit/zoom/843E1395B62C4B40E91467CF90852642.jpg,https://driveimg1.intermarche.com/pt/Content/images/boitmal/produit/zoom/843E1395B62C4B40E91467CF90852642.jpg,2026-02-04T23:59:59Z,PROSPECTUS,17,2,,,,
45326,5604260314256,450.0,PorSi,Detergente Máquina Loica Td1 Next Generation 30p,,4.95,11.0,0,kg,€/Kg,,,https://driveimg1.intermarche.com/pt/Content/images/boitmal/produit/zoom/3877597C67E67FAF94A364481248DE61.jpg,,,,2026-02-04T23:59:59Z,PROSPECTUS,17,2,,,,
46162,3083681106480,400.0,Bonduelle,"Salteado de Legumes Estilo Parisino, emb. 400 gr",,2.59,6.48,0,kg,€/Kg,,Tipo de stockagem,https://driveimg1.intermarche.com/pt/Content/images/boitmal/produit/zoom/4DE85AF2C08839F22568D1C815770BA6.jpg,,,,2026-02-04T23:59:59Z,PROSPECTUS,17,2,,,,
46306,5604260315000,500.0,PorSi,Brócolos e Couve-flor 500 G,,1.99,3.98,0,kg,€/Kg,,,https://driveimg1.intermarche.com/pt/Content/images/boitmal/produit/zoom/8BF64E2ECC315D44185369B07B7A343C.jpg,,,,2026-02-04T23:59:59Z,PROSPECTUS,17,2,,,,
46841,5604260318940,750.0,Porsi Vivabem,Iogurte Magro Aroma Morango 6x125g,,1.19,1.59,0,kg,€/Kg,,,https://driveimg1.intermarche.com/pt/Content/images/boitmal/produit/zoom/FAE81D187B49A173052F912072180DE4.jpg,,,,2026-02-04T23:59:59Z,PROSPECTUS,17,2,,,,
48070,5604260320813,,PorSi,Pensos Higiénicos Ultrafinos Normal com Abas - 28 Unidades,,1.89,1.89,0,,€/Unidade,,,https://driveimg1.intermarche.com/pt/Content/images/boitmal/produit/zoom/0DFFDFEEB2AC2E065EADDE282CDFEEC2.jpg,,,,2026-02-04T23:59:59Z,PROSPECTUS,17,2,,,,
48262,5604260321858,375.0,PorSi,Cereais Fruta e Fibra 375g,,1.89,5.04,0,kg,€/Kg,,,https://driveimg1.intermarche.com/pt/Content/images/boitmal/produit/zoom/FCF4ACF7C60B73C2BBF42AA1DCB47310.jpg,,,,2026-02-04T23:59:59Z,PROSPECTUS,17,2,,,,
48393,2757509000000,200.0,PorSi,"Bifinhos do Lombo de Porco Finíssimos, embalagem de 200g (aprox.)",,1.6,7.98,0,,€/Kg,,,https://driveimg1.intermarche.com/pt/Content/images/boitmal/produit/zoom/27981781C3C214C992EEFDB89F8AAD1B.jpg,,,,2026-02-04T23:59:59Z,PROSPECTUS,17,2,,,,
48775,2769516000000,200.0,PorSi,"Preguinhos de Porco Finíssimos, embalagem de 200g (aprox.)",,1.6,7.98,0,,€/Kg,,,https://driveimg1.intermarche.com/pt/Content/images/boitmal/produit/zoom/3DD3775BE4F1F4161B469D1F01BAB9D5.jpg,,,,2026-02-04T23:59:59Z,PROSPECTUS,17,2,,,,
49359,5601146700066,6000.0,Sagres,"Cerveja com Álcool Mini, emb. 24 x 25 cl",,11.69,1.95,6000,L,€/L,,,https://driveimg1.intermarche.com/pt/Content/images/boitmal/produit/zoom/F20A269CA928E43FDC723A9CF664F032.jpg,,,,2026-02-04T23:59:59Z,PROSPECTUS,17,2,,,,
49454,7622201677176,270.0,Milka,Chocolate Nutty Choco Wafer,Embalagem de 270g,3.99,14.78,0,kg,€/Kg,,,https://driveimg1.intermarche.com/pt/Content/images/boitmal/produit/zoom/68254C06DC4B42245AF9A3219DCCD461.jpg,,,,2026-02-04T23:59:59Z,PROSPECTUS,17,2,,,,
49725,5010867204928,750.0,Altano,Vinho Branco do Douro,Garrafa de 750 ml,3.99,5.32,750,L,€/L,,,https://driveimg1.intermarche.com/pt/Content/images/boitmal/produit/zoom/C91C03F9F077EA41B3D75A3393D28939.jpg,,,,2026-02-18T23:59:59Z,PROSPECTUS,17,2,,,,
4987,5601012115505,750.0,Planalto,"Vinho doc douro branco, garrafa de 0.75 l",,3.99,5.32,750,L,€/L,,,https://driveimg1.intermarche.com/pt/Content/images/boitmal/produit/zoom/D4AD0E54C5A44C41C52E5EE1F77D08EB.jpg,,,,2026-02-18T23:59:59Z,PROSPECTUS,17,2,,,,
5143,5601096201309,750.0,Casal Garcia,"Vinho verde branco, garrafa de 0.75 l",,3.49,4.65,750,L,€/L,,,https://driveimg1.intermarche.com/pt/Content/images/boitmal/produit/zoom/C499325EC5B55389E1608DCDF3310034.jpg,,,,2026-02-18T23:59:59Z,PROSPECTUS,17,2,,,,
51784,5604260327683,1000.0,PorSi,Iogurte Líquido Magro Morango 1kg/ 963ml,,1.65,1.65,0,kg,€/Kg,,,https://driveimg1.intermarche.com/pt/Content/images/boitmal/produit/zoom/B0E18B7A21CC999A008B26FEB2D32234.jpg,,,,2026-02-04T23:59:59Z,PROSPECTUS,17,2,,,,
52328,8720181385100,2520.0,Skip,"Detergente máquina roupa líquido baby, 56 doses",,9.99,3.96,2520,L,€/L,,,https://driveimg1.intermarche.com/pt/Content/images/boitmal/produit/zoom/37DC97A7700AEDD1F57E9521FBF4BEA2.jpg,,,,2026-02-04T23:59:59Z,PROSPECTUS,17,2,,,,
52377,8720181385131,,Skip,Detergente Máquina Roupa Líquido Sabão Natural,100 Doses,12.99,12.99,0,,€/Unidade,,,https://driveimg1.intermarche.com/pt/Content/images/boitmal/produit/zoom/B7482844827C04E8BE654EF9B7B49DD3.jpg,,,,2026-02-04T23:59:59Z,PROSPECTUS,17,2,,,,
52883,8719200267824,1000.0,Planta,"Creme vegetal para barrar original, 1 kg",,5.49,5.49,0,kg,€/Kg,,,https://driveimg1.intermarche.com/pt/Content/images/boitmal/produit/zoom/936FEB2670E44E85562B9564D40B3E6A.jpg,https://driveimg1.intermarche.com/pt/Content/images/boitmal/produit/zoom/CBB4812E883E0A943660F7C5BD667E18.jpg,https://driveimg1.intermarche.com/pt/Content/images/boitmal/produit/zoom/CBB4812E883E0A943660F7C5BD667E18.jpg,,2026-02-04T23:59:59Z,PROSPECTUS,17,2,,,,
52889,8720181385094,945.0,Skip,"Detergente líquido máquina de roupa baby, 21 doses",,3.99,4.22,945,L,€/L,,,https://driveimg1.intermarche.com/pt/Content/images/boitmal/produit/zoom/88B9AA7AC23F4BC407E554F7DDCFF45B.jpg,https://driveimg1.intermarche.com/pt/Content/images/boitmal/produit/zoom/F71A2C4911172C11157AB331E2B3BEF3.jpg,https://driveimg1.intermarche.com/pt/Content/images/boitmal/produit/zoom/F71A2C4911172C11157AB331E2B3BEF3.jpg,,2026-02-04T23:59:59Z,PROSPECTUS,17,2,,,,
54361,8410104915186,,Finish,"Detergente Loiça Máquina Quantum Limão, 28 Pastilhas",,5.99,5.99,0,,€/Unidade,,,https://driveimg1.intermarche.com/pt/Content/images/boitmal/produit/zoom/AF6445EE2B2537230E8784866A377CB3.jpg,,,,2026-02-04T23:59:59Z,PROSPECTUS,17,2,,,,
54642,8435495842767,,A+,"Detergente Máquina Roupa Líquido Ocean Dream, 56D",,8.99,8.99,0,,€/Unidade,,,https://driveimg1.intermarche.com/pt/Content/images/boitmal/produit/zoom/E7AE89CC1AED35A9F40B3BB43FB44390.jpg,https://driveimg1.intermarche.com/pt/Content/images/boitmal/produit/zoom/1D0AC6E88574EFCB8CB4DBDB7E50F801.jpg,,,2026-02-04T23:59:59Z,PROSPECTUS,17,2,,,,
54734,5601164906174,2400.0,Somersby,"Sidra com álcool maçã, 12 x 20 cl",,8.49,3.54,2400,L,€/L,,,https://driveimg1.intermarche.com/pt/Content/images/boitmal/produit/zoom/B977873E36981559BC398D6FE0E99BDC.jpg,,,,2026-02-04T23:59:59Z,PROSPECTUS,17,2,,,,
54765,8711327616165,825.0,Carte DOr,"Gelado caramelo salgado les dessertz, 825 ml",,3.59,4.35,825,L,€/L,,Tipo de stockagem,https://driveimg1.intermarche.com/pt/Content/images/boitmal/produit/zoom/A5FE262C7D7C5F17B290BA4B9BC148EC.jpg,,,,2026-02-04T23:59:59Z,PROSPECTUS,17,2,,,,
54788,8711327575080,300.0,Magnum,"Gelados de menta, 3x100 ml",,3.99,13.3,300,L,€/L,,Tipo de stockagem,https://driveimg1.intermarche.com/pt/Content/images/boitmal/produit/zoom/2F3C75AB93E72950E0457171EF232B42.jpg,,,,2026-02-04T23:59:59Z,PROSPECTUS,17,2,,,,
54794,5603722521546,604.0,Mimosa,"Iogurte liquido banana, 4 x 151 ml",,1.39,2.3,604,L,€/L,,,https://driveimg1.intermarche.com/pt/Content/images/boitmal/produit/zoom/23212EB7A3AC6B5E99AFE5AEC8D0F7DF.jpg,,,,2026-02-04T23:59:59Z,PROSPECTUS,17,2,,,,
54803,5603722521577,604.0,Mimosa,"Iogurte liquido pêssego, 4 x 151 ml",,1.39,2.3,604,L,€/L,,,https://driveimg1.intermarche.com/pt/Content/images/boitmal/produit/zoom/FCB49B6E55B0295598FF4782F772063D.jpg,,,,2026-02-04T23:59:59Z,PROSPECTUS,17,2,,,,
55312,3021761208204,360.0,Gogo,"Pack Saquetas de Fruta Maçã e Frutos Vermelhos, 4 x 90g",,2.55,7.08,0,kg,€/Kg,,,https://driveimg1.intermarche.com/pt/Content/images/boitmal/produit/zoom/66FA2FD0AEAE213271A8F30ABA7BE068.jpg,,,,2026-02-04T23:59:59Z,PROSPECTUS,17,2,,,,
55369,3760381261915,250.0,Mousline,"Puré de Batata sem Glúten, emb. 250 gr",,2.24,8.96,0,kg,€/Kg,,,https://driveimg1.intermarche.com/pt/Content/images/boitmal/produit/zoom/0503F13411CBCA8B3804F28FAFE429EE.jpg,,,,2026-02-04T23:59:59Z,PROSPECTUS,17,2,,,,
55724,8410199026750,248.0,Ruffles,"Batatas Fritas com Sal Original, 248g",,1.99,8.02,0,kg,€/Kg,,,https://driveimg1.intermarche.com/pt/Content/images/boitmal/produit/zoom/84C33FD83361C8807EE353A71895C0E0.jpg,,,,2026-02-04T23:59:59Z,PROSPECTUS,17,2,,,,
56301,5604260336340,120.0,PorSi,Barra Cereais Bolas de Chocolate 120g,,1.29,10.75,0,kg,€/Kg,,,https://driveimg1.intermarche.com/pt/Content/images/boitmal/produit/zoom/C9B48935E46B3B686B321195951B7EAB.jpg,,,,2026-02-04T23:59:59Z,PROSPECTUS,17,2,,,,
56352,5604260334537,150.0,PorSi,Tornado Chocolate/ Baunilha 150g,,0.79,5.27,0,kg,€/Kg,,,https://driveimg1.intermarche.com/pt/Content/images/boitmal/produit/zoom/C9DA157678C5D1E9A27BFF5E4832DB3C.jpg,,,,2026-02-04T23:59:59Z,PROSPECTUS,17,2,,,,
56708,5604260336678,600.0,PorSi,Gelado Sandwich Nata 6x100ml,,2.14,3.57,600,L,€/L,,Tipo de stockagem,https://driveimg1.intermarche.com/pt/Content/images/boitmal/produit/zoom/644B1883698D9CDCEBA55753AD71CF2D.jpg,,,,2026-02-04T23:59:59Z,PROSPECTUS,17,2,,,,
57695,8720181748462,700.0,Vaseline,"Gel de Banho Rosas e Jasmim, emb. 700 ml",,2.99,4.27,700,L,€/L,,,https://driveimg1.intermarche.com/pt/Content/images/boitmal/produit/zoom/E88830E0C0BABFADE98801A700582679.jpg,,,,2026-02-04T23:59:59Z,PROSPECTUS,17,2,,,,
6460,8410436216777,53.0,Sonasol,Bloco Sanitário Poder Activo Floral,Embalagem de 50 g,1.98,37.36,0,kg,€/Kg,,,https://driveimg1.intermarche.com/pt/Content/images/boitmal/produit/zoom/428A90D17C72E1CEA455915A18AE3510.jpg,,,,2026-02-04T23:59:59Z,PROSPECTUS,17,2,,,,
8312,5604260318728,,PorSi,Rolo de Cozinha Multiusos 2 Folhas 1 Rolo,,3.29,3.29,0,,€/Unidade,,,https://driveimg1.intermarche.com/pt/Content/images/boitmal/produit/zoom/2CC07BB275A924BB79BAF68BD05975F4.jpg,,,,2026-02-04T23:59:59Z,PROSPECTUS,17,2,,,,
8534,5601119957183,120.0,Campofrio,"Peito peru forno lenha fatias clássicas, embalagem de 120g",,2.39,19.92,0,kg,€/Kg,,,https://driveimg1.intermarche.com/pt/Content/images/boitmal/produit/zoom/623D6B2EB3EE61B2128AE1B5E62C0910.jpg,,,,2026-02-04T23:59:59Z,PROSPECTUS,17,2,,,,
8800,5601244201922,200.0,Terra Nostra,"Queijo em fatias redução de gordura, embalagem de 200g",,2.39,11.95,0,kg,€/Kg,,,https://driveimg1.intermarche.com/pt/Content/images/boitmal/produit/zoom/4D3628F49627348D2ED37AEDC80914E5.jpg,,,,2026-02-04T23:59:59Z,PROSPECTUS,17,2,,,,
897,5600316860845,400.0,Iglo,Almôndegas bolonhesa,Embalagem de 400g,4.99,12.48,0,kg,€/Kg,,Tipo de stockagem,https://driveimg1.intermarche.com/pt/Content/images/boitmal/produit/zoom/F4885E8BB4E647D068C321961D480DA6.jpg,,,,2026-02-04T23:59:59Z,PROSPECTUS,17,2,,,,
991,5601029004090,120.0,Bom Petisco,"Atum posta em azeite, embalagem de 120g",,1.55,12.92,0,kg,€/Kg,,,https://driveimg1.intermarche.com/pt/Content/images/boitmal/produit/zoom/7303762D9C0618FC9C75C481CF52C5DB.jpg,,,,2026-02-04T23:59:59Z,PROSPECTUS,17,2,,,,
10651,8714789113227,75.0,Colgate,"Pasta dentífrica herbal branqueadora, embalagem de 75 ml",,1.99,26.53,75,L,€/L,,,https://driveimg1.intermarche.com/pt/Content/images/boitmal/produit/zoom/D603169FD8B2B272886B853A2EE3184C.jpg,,,,2026-02-04T23:59:59Z,PROSPECTUS,17,2,,,,
1108,5601066300087,500.0,Nacional,"Massa de cotovelinhos, embalagem de 500g",,0.85,1.7,0,kg,€/Kg,,,https://driveimg1.intermarche.com/pt/Content/images/boitmal/produit/zoom/85D4AC87404986F6E33A67AEEDC0D0E8.jpg,,,,2026-02-04T23:59:59Z,PROSPECTUS,17,2,,,,
11457,5601007475454,750.0,Vinha gr.,"Vinho tinto doc douro, garrafa de 0.75 l",,8.99,11.99,750,L,€/L,,,https://driveimg1.intermarche.com/pt/Content/images/boitmal/produit/zoom/45C635F21D1FDB764DB087CB39BBBFA8.jpg,,,,2026-02-18T23:59:59Z,PROSPECTUS,17,2,,,,
11496,5601049213991,200.0,Mimosa,"Nata uht, embalagem de 200 ml",,0.85,4.25,200,L,€/L,,,https://driveimg1.intermarche.com/pt/Content/images/boitmal/produit/zoom/8FC5ABCE23EB48F851FFE29C53BFA5D9.jpg,,,,2026-02-04T23:59:59Z,PROSPECTUS,17,2,,,,
11523,5601051410029,250.0,Primor,"Manteiga com sal, 250g",,2.19,8.76,0,kg,€/Kg,,,https://driveimg1.intermarche.com/pt/Content/images/boitmal/produit/zoom/6515E45A6FB2F6024F4DECB68FB265B3.jpg,,,,2026-02-04T23:59:59Z,PROSPECTUS,17,2,,,,
11688,5601244202318,200.0,Terra Nostra,"Queijo flamengo em fatias, embalagem de 200g",,2.29,11.45,0,kg,€/Kg,,,https://driveimg1.intermarche.com/pt/Content/images/boitmal/produit/zoom/51C5114F8500F311C1E44953A540868A.jpg,,,,2026-02-04T23:59:59Z,PROSPECTUS,17,2,,,,
11935,5603124023273,545.0,Mistolin,"Tira gorduras pistola, 550 ml",,2.69,4.94,545,L,€/L,,,https://driveimg1.intermarche.com/pt/Content/images/boitmal/produit/zoom/61307002E6EA5352BB9A64A39F439A9A.jpg,,,,2026-02-04T23:59:59Z,PROSPECTUS,17,2,,,,
11982,5603802400020,750.0,Fiuza,"Vinho branco tejo sauvignon, garrafa de 750 ml",,4.99,6.65,750,L,€/L,,,https://driveimg1.intermarche.com/pt/Content/images/boitmal/produit/zoom/996291488226B375A67E39537E454FD9.jpg,,,,2026-02-18T23:59:59Z,PROSPECTUS,17,2,,,,
12066,5604260194063,1000.0,Porsi Vivabem,Bebida de Soja 1l,,0.79,0.79,1000,L,€/L,,,https://driveimg1.intermarche.com/pt/Content/images/boitmal/produit/zoom/16537218BB43EA3E7F5AFCEAEC229452.jpg,,,,2026-02-04T23:59:59Z,PROSPECTUS,17,2,,,,
1270,5601151023150,500.0,Compal,"Polpa de tomate com cebola e alho, embalagem de 500g",,1.49,2.98,0,kg,€/Kg,,,https://driveimg1.intermarche.com/pt/Content/images/boitmal/produit/zoom/195ABA90C0C8B2FE1D9EE0202B59D28C.jpg,,,,2026-02-04T23:59:59Z,PROSPECTUS,17,2,,,,
12897,2893292000000,400.0,Programa Origens,Robalo de Viveiro,1 un= 400 gr (aprox.),3.6,8.99,0,,€/Kg,,,https://driveimg1.intermarche.com/pt/Content/images/boitmal/produit/zoom/A18AB1106CC04B724D3EE606D0927341.jpg,,,,2026-02-04T23:59:59Z,PROSPECTUS,17,2,,,,
1305,5601151862155,500.0,Compal,Polpa de tomate 500g,,1.19,2.38,0,kg,€/Kg,,,https://driveimg1.intermarche.com/pt/Content/images/boitmal/produit/zoom/D9FD9B4F4905971874C5E4127C57C62E.jpg,,,,2026-02-04T23:59:59Z,PROSPECTUS,17,3,,,,
13201,2893186000000,800.0,Peixaria,Pargo Mulato, 1un = 800 gr (aprox.),5.59,6.99,0,,€/Kg,,,https://driveimg1.intermarche.com/pt/Content/images/boitmal/produit/zoom/11C32BE0B2CE482787FEFB1794945225.jpg,,,,2026-02-04T23:59:59Z,PROSPECTUS,17,3,,,,
1337,5601165100786,50.0,Calvé,"Piri piri, 50 ml",,1.78,35.6,50,L,€/L,,,https://driveimg1.intermarche.com/pt/Content/images/boitmal/produit/zoom/4F951154E7DFDEA3712D693426B6D96C.jpg,,,,2026-02-04T23:59:59Z,PROSPECTUS,17,3,,,,
13956,2891205000000,50.0,Porco,Salsicha Brasileira,1 un = 50 gr (aprox.),0.27,5.39,0,,€/Kg,,,https://driveimg1.intermarche.com/pt/Content/images/boitmal/produit/zoom/F6298C19D94A9653E5F3E3E4F0DEBFCF.jpg,,,,2026-02-04T23:59:59Z,PROSPECTUS,17,3,,,,
1439,5601260127107,1000.0,Cigala,"Arroz vaporizado, embalagem de 1 kg",,1.38,1.38,0,kg,€/Kg,,,https://driveimg1.intermarche.com/pt/Content/images/boitmal/produit/zoom/4B2862217CBB7515902C0E411B46053F.jpg,,,,2026-02-04T23:59:59Z,PROSPECTUS,17,3,,,,
14545,5606293100295,100.0,Vitacress,"Salada aromática, embalagem de 100 g",,1.49,14.9,0,kg,€/Kg,,,https://driveimg1.intermarche.com/pt/Content/images/boitmal/produit/zoom/8B774925D3C426E499C84729B9F86DF2.jpg,,,,2026-02-04T23:59:59Z,PROSPECTUS,17,3,,,,
14549,5606293150016,125.0,Vitacress,"Agrião de água, embalagem de 150g",,1.49,11.92,0,kg,€/Kg,,,https://driveimg1.intermarche.com/pt/Content/images/boitmal/produit/zoom/7A505DE44C3569CECA2951FE85691493.jpg,,,,2026-02-04T23:59:59Z,PROSPECTUS,17,3,,,,
16407,7622210352224,31.0,Royal,"Gelatina ananás 10kcal, embalagem de 30g",,1.44,46.45,0,kg,€/Kg,,,https://driveimg1.intermarche.com/pt/Content/images/boitmal/produit/zoom/0A257042CE178F542C5467E8BB39BB12.jpg,,,,2026-02-04T23:59:59Z,PROSPECTUS,17,3,,,,
16532,8410104156640,250.0,Air Wick,"Ambientador recarga delícias de verão, de 250 ml",,3.59,14.36,250,L,€/L,,,https://driveimg1.intermarche.com/pt/Content/images/boitmal/produit/zoom/D59CDBF009CEE64C14901102B4C0C5EA.jpg,,,,2026-02-04T23:59:59Z,PROSPECTUS,17,3,,,,
16534,8410104156664,250.0,Air Wick,"Ambientador recarga oasis turquesa, 250 ml",,3.49,13.96,250,L,€/L,,,https://driveimg1.intermarche.com/pt/Content/images/boitmal/produit/zoom/3824961F5FB8FB9D3828F1B824042FFE.jpg,,,,2026-02-04T23:59:59Z,PROSPECTUS,17,3,,,,
16607,8712561521529,700.0,Cif,"Creme abrasivo original, de 700 ml",,2.69,3.84,700,L,€/L,,,https://driveimg1.intermarche.com/pt/Content/images/boitmal/produit/zoom/30CCCA0B503F489882A8FCB31275E9C6.jpg,,,,2026-02-04T23:59:59Z,PROSPECTUS,17,3,,,,
16608,8712561521437,700.0,Cif,"Creme abrasivo limão, de 700 ml",,2.69,3.84,700,L,€/L,,,https://driveimg1.intermarche.com/pt/Content/images/boitmal/produit/zoom/734448B6276EB5C2CFFCEBF5E628AF6D.jpg,,,,2026-02-04T23:59:59Z,PROSPECTUS,17,3,,,,
16609,8712561846530,700.0,Cif,"Creme abrasivo pink flowers, de 700 ml",,2.79,3.99,700,L,€/L,,,https://driveimg1.intermarche.com/pt/Content/images/boitmal/produit/zoom/C71BC29DB02419E55AB519313E13B11B.jpg,,,,2026-02-04T23:59:59Z,PROSPECTUS,17,3,,,,
16677,5604260276813,500.0,PorSi,Iogurte Tipo Grego Framboesa/ Amora 4x125g,,1.65,3.3,0,kg,€/Kg,,,https://driveimg1.intermarche.com/pt/Content/images/boitmal/produit/zoom/FA3982F1A80508AC104E539932C54F48.jpg,,,,2026-02-04T23:59:59Z,PROSPECTUS,17,3,,,,
16919,8718951037878,500.0,Ajax,"Limpa vidros cristal recarga, 500 ml",,1.79,3.58,500,L,€/L,,,https://driveimg1.intermarche.com/pt/Content/images/boitmal/produit/zoom/347189FDE440F5C76849CD3F7F37CA5B.jpg,,,,2026-02-04T23:59:59Z,PROSPECTUS,17,3,,,,
16962,5601029004113,385.0,Bom Petisco,"Atum posta em azeite, embalagem de 390g",,5.24,13.61,0,kg,€/Kg,,,https://driveimg1.intermarche.com/pt/Content/images/boitmal/produit/zoom/0C4E57981E99F5D956BAC878E526BF89.jpg,,,,2026-02-04T23:59:59Z,PROSPECTUS,17,3,,,,
17114,5000116110148,320.0,Capitão Iglo,"4 hamburguers vaca sem glúten, embalagem de 320g",,5.99,18.72,0,kg,€/Kg,,Tipo de stockagem,https://driveimg1.intermarche.com/pt/Content/images/boitmal/produit/zoom/F31F98EC751272F860D1F790EE53DF35.jpg,,,,2026-02-04T23:59:59Z,PROSPECTUS,17,3,,,,
17477,8712100740435,72.0,Knorr,"Tempero alho & coentros 8 cubos, embalagem de 70g",,1.85,25.69,0,kg,€/Kg,,,https://driveimg1.intermarche.com/pt/Content/images/boitmal/produit/zoom/57773A0BEA6BB1E7F24BDC74561D1B47.jpg,,,,2026-02-04T23:59:59Z,PROSPECTUS,17,3,,,,
17672,8410376045024,150.0,Gullón,"Bolacha digestive sem gluten, embalagem de 150g",,1.94,12.93,0,kg,€/Kg,,,https://driveimg1.intermarche.com/pt/Content/images/boitmal/produit/zoom/B91015F207900CF0515DB2258D489E68.jpg,,,,2026-02-04T23:59:59Z,PROSPECTUS,17,3,,,,
17873,8718951037885,500.0,Ajax,"Limpa vidros recarga tripla ação, 500 ml",,1.79,3.58,500,L,€/L,,,https://driveimg1.intermarche.com/pt/Content/images/boitmal/produit/zoom/D0A7A0C399BF07DEEA9FD446034A3D4F.jpg,,,,2026-02-04T23:59:59Z,PROSPECTUS,17,3,,,,
17888,8410104447519,210.0,Air Wick,"Ambientador vela duo maçã, embalagem de 2x105g",,4.89,23.29,0,kg,€/Kg,,,https://driveimg1.intermarche.com/pt/Content/images/boitmal/produit/zoom/E0B197EF7DB2E8F4FEC09B7139AD69BC.jpg,,,,2026-02-04T23:59:59Z,PROSPECTUS,17,3,,,,
17896,5601082053523,220.0,Delta,"Café Moído Torrado Moagem Universal Lote Portugal Int 12, emb. 220 gr",Embalagem de 220g,3.59,16.32,0,kg,€/Kg,,,https://driveimg1.intermarche.com/pt/Content/images/boitmal/produit/zoom/8DECD8723F3B1FF05BE365D14A112688.jpg,,,,2026-02-04T23:59:59Z,PROSPECTUS,17,3,,,,
17897,8001480021440,700.0,Neoblanc,"Lixívia Spray Mousse, 700ml",,2.99,4.27,700,L,€/L,,,https://driveimg1.intermarche.com/pt/Content/images/boitmal/produit/zoom/B78A8E12ED4E3F00F2585698427E34C3.jpg,,,,2026-02-04T23:59:59Z,PROSPECTUS,17,3,,,,
17899,8001480021464,700.0,Neoblanc,Lixívia WC Gel Higienizante,Embalagem de 700ml,2.24,3.2,700,L,€/L,,,https://driveimg1.intermarche.com/pt/Content/images/boitmal/produit/zoom/D4F754D17699E0C60DE2BF6BDECBD171.jpg,,,,2026-02-04T23:59:59Z,PROSPECTUS,17,3,,,,
18016,2895072000000,200.0,Alavão,Queijo Curado Tradicional,Vendido ao peso a partir de 200 gr,1.94,9.69,0,,€/Kg,,,https://driveimg1.intermarche.com/pt/Content/images/boitmal/produit/zoom/6EEE70CB371373CF3E1FEB22D7FA014F.jpg,,,,2026-02-18T23:59:59Z,PROSPECTUS,17,3,,,,
18426,3600541887817,400.0,Garnier,Champô Ultra Suave Delicias de Aveia,Embalagem de 400 ml,3.79,9.48,400,L,€/L,,,https://driveimg1.intermarche.com/pt/Content/images/boitmal/produit/zoom/FB3520AB0507187656A408B0D650CF4F.jpg,,,,2026-02-04T23:59:59Z,PROSPECTUS,17,3,,,,
18428,3600541888197,400.0,Garnier,Amaciador Ultra Suave Delicadeza de Aveia,Embalagem de 400 ml,3.79,9.48,400,L,€/L,,,https://driveimg1.intermarche.com/pt/Content/images/boitmal/produit/zoom/EEB54D99A81A12744A915743CE2BE7E6.jpg,,,,2026-02-04T23:59:59Z,PROSPECTUS,17,3,,,,
18571,5604260320806,,PorSi,Pensos Higiénicos Ultrafinos Normal com Abas - 16 Unidades,,1.29,1.29,0,,€/Unidade,,,https://driveimg1.intermarche.com/pt/Content/images/boitmal/produit/zoom/A93F4B2F3D4FAAAAC4665221616BA58C.jpg,,,,2026-02-04T23:59:59Z,PROSPECTUS,17,3,,,,
1931,5604260054435,1000.0,PorSi,Anticongelante 10% 1 L,Embalagem de 1 l,1.79,1.79,1000,L,€/L,,,https://driveimg1.intermarche.com/pt/Content/images/boitmal/produit/zoom/9B9B682C8616D05F07427C20D740EC64.jpg,,,,2026-02-04T23:59:59Z,PROSPECTUS,17,3,,,,
21051,8435257034300,640.0,Nestlé,"Iogurte líquido yoggi, sem lactose, morango, embalagem de 4 x 160g",,2.19,3.42,0,kg,€/Kg,,,https://driveimg1.intermarche.com/pt/Content/images/boitmal/produit/zoom/D5CB31CBF064EE8A66067DB03B82499E.jpg,,,,2026-02-04T23:59:59Z,PROSPECTUS,17,3,,,,
21766,7613035487840,90.0,Nestlé,"Saqueta de Fruta Banana, Laranja e Bolacha +6M, emb. 90 gr",Embalagem de 90g,0.65,7.22,0,kg,€/Kg,,,https://driveimg1.intermarche.com/pt/Content/images/boitmal/produit/zoom/A8104E7B3738DD14CEF192706B16EFC4.jpg,,,,2026-02-04T23:59:59Z,PROSPECTUS,17,3,,,,
2291,5604260270316,1000.0,PorSi,Caldeirada Bacalhau 1kg,Embalagem de 1 kg,6.24,6.24,0,kg,€/Kg,,Tipo de stockagem,https://driveimg1.intermarche.com/pt/Content/images/boitmal/produit/zoom/3E0D4043BE44B20AAF4716DC32648713.jpg,,,,2026-02-04T23:59:59Z,PROSPECTUS,17,3,,,,
2348,5604772200467,200.0,Villa,"Rebuçados peitorais, embalagem de 200g",,1.45,7.25,0,kg,€/Kg,,,https://driveimg1.intermarche.com/pt/Content/images/boitmal/produit/zoom/1838F73474B070E70D341AF8A9652102.jpg,,,,2026-02-04T23:59:59Z,PROSPECTUS,17,3,,,,
23525,5000204711936,500.0,Pronto,"Limpa móveis pistola, aloé vera, 500 ml",,2.99,5.98,500,L,€/L,,,https://driveimg1.intermarche.com/pt/Content/images/boitmal/produit/zoom/14C54EF198A96095262809AA1E3E0127.jpg,,,,2026-02-04T23:59:59Z,PROSPECTUS,17,3,,,,
24368,5601050033021,620.0,Danone,"Iogurte líquido corpos danone, embalagem de 4 x 155g",,1.89,3.05,0,kg,€/Kg,,,https://driveimg1.intermarche.com/pt/Content/images/boitmal/produit/zoom/6EEC58F892743EDA98060B1AE2CB4E38.jpg,,,,2026-02-04T23:59:59Z,PROSPECTUS,17,3,,,,
24369,5601050033045,620.0,Danone,"Iogurte líquido morango / kiwi corpos danone, embalagem de 4 x 155g",,1.89,3.05,0,kg,€/Kg,,,https://driveimg1.intermarche.com/pt/Content/images/boitmal/produit/zoom/4DF8E752E36F802BC82CCB72970E5D9F.jpg,,,,2026-02-04T23:59:59Z,PROSPECTUS,17,3,,,,
24411,8410436297752,1300.0,Sonasol,"Lava tudo rosas e jasmim, 1,3l",,2.24,1.72,1300,L,€/L,,,https://driveimg1.intermarche.com/pt/Content/images/boitmal/produit/zoom/A8DAC5F038BB6C2FB23FB3C7F35CC590.jpg,,,,2026-02-04T23:59:59Z,PROSPECTUS,17,3,,,,
24415,8410436299961,1300.0,Sonasol,"Lava tudo lavanda, 1,3l",,2.24,1.72,1300,L,€/L,,,https://driveimg1.intermarche.com/pt/Content/images/boitmal/produit/zoom/7357FEB6EC6D53B795AF0EA5889F5ADF.jpg,,,,2026-02-04T23:59:59Z,PROSPECTUS,17,3,,,,
2504,7613033162183,,Nescafé,"Cápsulas de Achocolatado Nesquik, emb. 16 un",,5.89,5.89,16,,€/Unidade,,,https://driveimg1.intermarche.com/pt/Content/images/boitmal/produit/zoom/FFEEFEF25E701F2D441EFADAFB575838.jpg,,,,2026-02-04T23:59:59Z,PROSPECTUS,17,3,,,,
25214,7613035930551,90.0,Nestlé,"Saqueta de Fruta Maçã, Banana e Morango +8M, emb. 90 gr",,0.65,7.22,0,kg,€/Kg,,,https://driveimg1.intermarche.com/pt/Content/images/boitmal/produit/zoom/A2E1B043C34553B91FFED35123D220EC.jpg,,,,2026-02-04T23:59:59Z,PROSPECTUS,17,3,,,,
26091,7613036115575,550.0,Nestlé,Cereais estrelitas,Embalagem de 550g,2.49,4.53,0,kg,€/Kg,,,https://driveimg1.intermarche.com/pt/Content/images/boitmal/produit/zoom/90505B63FB20AF187537F3B46DDB9B86.jpg,,,,2026-02-04T23:59:59Z,PROSPECTUS,17,3,,,,
26165,5029053566122,,Scottex,"Papel Higiénico Gigante Ultra Compacto, emb. 18 rolos = 54 rolos",18 Rolos = 54 Rolos,9.99,9.99,0,,€/Unidade,,,https://driveimg1.intermarche.com/pt/Content/images/boitmal/produit/zoom/0B3DC32EEB060521F3FC27E231F242CB.jpg,,,,2026-02-04T23:59:59Z,PROSPECTUS,17,3,,,,
26272,2927305000000,200.0,PorSi,Posta Maruca Congelada,Vendido ao peso a partir de 200 g (aprox.),2.4,11.99,0,,€/Kg,,,https://driveimg1.intermarche.com/pt/Content/images/boitmal/produit/zoom/10AF3B5A6CBAE92C4239789DC3C9567C.jpg,,,,2026-02-04T23:59:59Z,PROSPECTUS,17,3,,,,
2629,8000300264388,100.0,Crunch,"Tablete de Chocolate de Leite, emb. 100 gr",,2.39,23.9,0,kg,€/Kg,,,https://driveimg1.intermarche.com/pt/Content/images/boitmal/produit/zoom/2024D1DCB1E4C35894840DBD022C97DE.jpg,,,,2026-02-04T23:59:59Z,PROSPECTUS,17,3,,,,
2723,8410031944839,70.0,Chupa Chups,Chupa sortidos s/ açúcar,Embalagem de 70g,1.89,27.0,0,kg,€/Kg,,,https://driveimg1.intermarche.com/pt/Content/images/boitmal/produit/zoom/89342A36AB087A90534C7FEFD3199B0D.jpg,,,,2026-02-04T23:59:59Z,PROSPECTUS,17,3,,,,
2748,8410063044521,200.0,Pescanova,"Miolo de Camarão Cozido 40/60 Ultracongelado, emb. 200 gr",,5.99,29.95,0,kg,€/Kg,,Tipo de stockagem,https://driveimg1.intermarche.com/pt/Content/images/boitmal/produit/zoom/D50FF0C33F27025B364B2A0F02EC1F36.jpg,,,,2026-02-04T23:59:59Z,PROSPECTUS,17,3,,,,
27529,4009175131492,75.0,Búfalo,Lata Cebo Protexol Incolor,Embalagem de 75 ml,2.54,33.87,75,L,€/L,,,https://driveimg1.intermarche.com/pt/Content/images/boitmal/produit/zoom/A227EA57BECD7BA77E7BCFBF2B4A37FE.jpg,,,,2026-02-04T23:59:59Z,PROSPECTUS,17,3,,,,
27904,5601157210714,750.0,Catedral,"Vinho Tinto DOC Dão Reserva, garrafa 75cl",,4.19,5.59,750,L,€/L,,,https://driveimg1.intermarche.com/pt/Content/images/boitmal/produit/zoom/8FAD867B759A11B46166E8AB608BEE62.jpg,,,,2026-02-18T23:59:59Z,PROSPECTUS,17,3,,,,
27920,3600523587834,200.0,Elvive,Creme Dream Long Stop Corte,Embalagem de 200 ml,4.54,22.7,200,L,€/L,,,https://driveimg1.intermarche.com/pt/Content/images/boitmal/produit/zoom/ECA5BDD5DB4C5A901324B65DF312C28E.jpg,,,,2026-02-04T23:59:59Z,PROSPECTUS,17,3,,,,
27921,3600523587315,200.0,Elvive,"Máscara Cabelo Elvive Reconstrutora Dream Long, emb. 300 ml",Embalagem de 200 ml,4.99,24.95,200,L,€/L,,,https://driveimg1.intermarche.com/pt/Content/images/boitmal/produit/zoom/F617A6480E1DFB510E6663730A453A0A.jpg,,,,2026-02-04T23:59:59Z,PROSPECTUS,17,3,,,,
28063,5603722516726,130.0,Primor,Manteiga s/ lactose,Embalagem de 130g,1.88,14.46,0,kg,€/Kg,,Produtos Bio,https://driveimg1.intermarche.com/pt/Content/images/boitmal/produit/zoom/34F1B20CE191519273B27FBF452F5B33.jpg,,,,2026-02-04T23:59:59Z,PROSPECTUS,17,3,,,,
2811,8410376036169,380.0,Gullón,"Maria integral sem glúten, embalagem de 400 g",,2.84,7.47,0,kg,€/Kg,,,https://driveimg1.intermarche.com/pt/Content/images/boitmal/produit/zoom/4A785258215EC6F69DB85367814393D0.jpg,,,,2026-02-04T23:59:59Z,PROSPECTUS,17,3,,,,
28880,5602182360139,750.0,Monte da Ravasqueira,Vinho tinto regional alentejano superior,Garrafa de 750 ml,4.99,6.65,750,L,€/L,,,https://driveimg1.intermarche.com/pt/Content/images/boitmal/produit/zoom/6FF671489AD108ACE18CD76A49E812FC.jpg,,,,2026-02-18T23:59:59Z,PROSPECTUS,17,3,,,,
29690,5029053010052,,Scottex,Papel Higiénico Húmido Fresh,1 Embalagem c/42 unidades,1.26,1.26,0,,€/Unidade,,,https://driveimg1.intermarche.com/pt/Content/images/boitmal/produit/zoom/D7A0DFA7ECDD445D8F263C486D20279A.jpg,,,,2026-02-04T23:59:59Z,PROSPECTUS,17,3,,,,
30640,5601096200319,750.0,Casal Garcia,"Sweet, garrafa de 750 ml",,3.49,4.65,750,L,€/L,,,https://driveimg1.intermarche.com/pt/Content/images/boitmal/produit/zoom/FE36D6D37CD2901180E2E5DCFB84E764.jpg,,,,2026-02-18T23:59:59Z,PROSPECTUS,17,3,,,,
32063,8712423038844,33.0,Knorr,"Strogonoff 1, 2, 3...sabor!, embalagem de 33 g",,1.19,36.06,0,kg,€/Kg,,,https://driveimg1.intermarche.com/pt/Content/images/boitmal/produit/zoom/4A8045759567B372AE215D4B257F03A8.jpg,,,,2026-02-04T23:59:59Z,PROSPECTUS,17,3,,,,
32074,7613036488402,340.0,Purina One,"Comida Húmida para Gato Adulto Frango e Vaca Saquetas, emb. 350 gr (4 x 85 gr)",,2.59,7.62,0,kg,€/Kg,,,https://driveimg1.intermarche.com/pt/Content/images/boitmal/produit/zoom/7C69B3F68B06FF88501E698801F8DD83.jpg,,,,2026-02-04T23:59:59Z,PROSPECTUS,17,3,,,,
32076,7613036496353,340.0,Purina One,"Comida Húmida para Gato Adulto Esterilizado Salmão e Peru Saquetas, emb. 4 x 85 gr",,2.59,7.62,0,kg,€/Kg,,,https://driveimg1.intermarche.com/pt/Content/images/boitmal/produit/zoom/3F5C404D1E0ED04E5681C0681EDCBF4A.jpg,,,,2026-02-04T23:59:59Z,PROSPECTUS,17,3,,,,
32299,4005900388650,150.0,Nivea Men,"Desodorizante spray black & white men, 150 ml",,2.64,17.6,150,L,€/L,,,https://driveimg1.intermarche.com/pt/Content/images/boitmal/produit/zoom/1CFD17D9EFCFB764EEEE2BAAB79429B4.jpg,,,,2026-02-04T23:59:59Z,PROSPECTUS,17,3,,,,
33537,7322540851946,,Tena,"Pensos Incontinência Discreet Normal, emb. 24 un.",,4.19,4.19,0,,€/Unidade,,,https://driveimg1.intermarche.com/pt/Content/images/boitmal/produit/zoom/7C59E6324002FD297B7822230472C200.jpg,https://driveimg1.intermarche.com/pt/Content/images/boitmal/produit/zoom/CB70A1227AD176055ED5E5D7CFE5FA5C.jpg,https://driveimg1.intermarche.com/pt/Content/images/boitmal/produit/zoom/239247C82FD5A3214B6AAB7D9E485524.jpg,https://driveimg1.intermarche.com/pt/Content/images/boitmal/produit/zoom/56D712C22E1950AC6B27A5FB93C6EE48.jpg,2026-02-04T23:59:59Z,PROSPECTUS,17,3,,,,
34011,7622210249500,250.0,Milka,"Tablete de chocolate choco jelly, embalagem de 250g",,3.99,15.96,0,kg,€/Kg,,,https://driveimg1.intermarche.com/pt/Content/images/boitmal/produit/zoom/1D2D0034B46697B32D0A37FFABB2613E.jpg,,,,2026-02-04T23:59:59Z,PROSPECTUS,17,3,,,,
34199,3083680905008,700.0,Bonduelle,"Salteado Mediterrâneo, emb. 700 gr",,4.19,5.99,0,kg,€/Kg,,Tipo de stockagem,https://driveimg1.intermarche.com/pt/Content/images/boitmal/produit/zoom/B23675E7CD8B0377798B2F686A375FC0.jpg,,,,2026-02-04T23:59:59Z,PROSPECTUS,17,3,,,,
35418,8410436321167,100.0,Sonasol,Bloco sanitário desinfetante eucalipto,Embalagem de 2 x 50 g,2.99,29.9,0,kg,€/Kg,,,https://driveimg1.intermarche.com/pt/Content/images/boitmal/produit/zoom/2218A2279726B6E8FC50ECCA7B714890.jpg,,,,2026-02-04T23:59:59Z,PROSPECTUS,17,3,,,,
35704,3021768203639,360.0,Gogo,"Conjunto de saquetas de fruta maçã e banana, embalagem de 4 x 90g",,2.55,7.08,0,kg,€/Kg,,,https://driveimg1.intermarche.com/pt/Content/images/boitmal/produit/zoom/3B0800B00BAA9EFC0F6FD35BCC52240D.jpg,,,,2026-02-04T23:59:59Z,PROSPECTUS,17,3,,,,
35758,3574669907743,500.0,Johnson's Baby,Champô para criança camomila,Embalagem de 500 ml,4.49,8.98,500,L,€/L,,,https://driveimg1.intermarche.com/pt/Content/images/boitmal/produit/zoom/46628002EBFD4EA6E96E03C214FB8DC6.jpg,,,,2026-02-04T23:59:59Z,PROSPECTUS,17,3,,,,
35888,5601151973752,3500.0,Sumol,"Refrigerante com gás de ananás, 2 x 1.75 l",,2.84,0.81,3500,L,€/L,,,https://driveimg1.intermarche.com/pt/Content/images/boitmal/produit/zoom/088D8DA34921F50F39B725B4135D000A.jpg,,,,2026-02-04T23:59:59Z,PROSPECTUS,17,3,,,,
36945,8719200009899,500.0,Vaqueiro,"Margarina líquida, embalagem de 500 ml",,2.59,5.18,500,L,€/L,,,https://driveimg1.intermarche.com/pt/Content/images/boitmal/produit/zoom/03FECF6E7878193CA48B473E5C2E3939.jpg,,,,2026-02-04T23:59:59Z,PROSPECTUS,17,3,,,,
36952,7613036862295,,Nescafé,"Cápsulas de Café Espresso Intenso Int 7, emb. 16 un",,5.89,5.89,16,,€/Unidade,,,https://driveimg1.intermarche.com/pt/Content/images/boitmal/produit/zoom/E961429E3414F1C39643E5CB1F2C82A7.jpg,,,,2026-02-04T23:59:59Z,PROSPECTUS,17,3,,,,
37045,5601217132659,500.0,Cillitbang,"Spray bolor e sujidade, garrafa de 500 ml",,2.49,4.98,500,L,€/L,,,https://driveimg1.intermarche.com/pt/Content/images/boitmal/produit/zoom/2A51671BCEA4544BF377B06769DE1169.jpg,,,,2026-02-04T23:59:59Z,PROSPECTUS,17,3,,,,
372,8711200532391,260.0,Calvé,"Molho Burger Top Down, emb. 260 gr",,1.94,7.46,0,kg,€/Kg,,,https://driveimg1.intermarche.com/pt/Content/images/boitmal/produit/zoom/274182EF6D0EFA8A84998CA913A7016C.jpg,https://driveimg1.intermarche.com/pt/Content/images/boitmal/produit/zoom/122719564EBC4BB4D52F039A6C0EDAF1.jpg,,,2026-02-04T23:59:59Z,PROSPECTUS,17,3,,,,
37948,5601217132697,500.0,Cillitbang,"Spray limpeza casa de banho, embalagem de 500 ml",,2.49,4.98,500,L,€/L,,,https://driveimg1.intermarche.com/pt/Content/images/boitmal/produit/zoom/62E5A8E0A6D5CF81B7A29AA6D1070117.jpg,,,,2026-02-04T23:59:59Z,PROSPECTUS,17,3,,,,
37987,5601809011539,550.0,Riberalves,Lombos de bacalhau 4 meses de cura,Embalagem de 550 g,16.79,30.53,0,kg,€/Kg,,Tipo de stockagem,https://driveimg1.intermarche.com/pt/Content/images/boitmal/produit/zoom/9C6DE71E12945881D3F9808E35022C27.jpg,,,,2026-02-04T23:59:59Z,PROSPECTUS,17,3,,,,
37990,8410063036175,1000.0,Pescanova,"Caprichos do Mar sem Glúten, emb. 1 kg (31 a 37 un.)",,6.59,6.59,0,kg,€/Kg,,Tipo de stockagem,https://driveimg1.intermarche.com/pt/Content/images/boitmal/produit/zoom/6895ADBC20BAA64ABF1A75EDB160FACB.jpg,,,,2026-02-04T23:59:59Z,PROSPECTUS,17,3,,,,
38058,5601012001525,750.0,Gazela,"Vinho Verde Rosé, garrafa 75 cl",Garrafa de 0.75 l,3.19,4.25,750,L,€/L,,,https://driveimg1.intermarche.com/pt/Content/images/boitmal/produit/zoom/FA97AF6F88D7541D231A4A531AA39B2A.jpg,,,,2026-02-18T23:59:59Z,PROSPECTUS,17,3,,,,
38308,8410436341011,150.0,Sonasol,Bloco WC Poder Activo Eucalipto,Embalagem 3 x 50 g,4.39,29.27,0,kg,€/Kg,,,https://driveimg1.intermarche.com/pt/Content/images/boitmal/produit/zoom/82ED9D6125B06B5AB3E7C3747C99F060.jpg,,,,2026-02-04T23:59:59Z,PROSPECTUS,17,3,,,,
3916,3250391332779,,Labell,Dentífrico Júnior 7-13 Anos 75 ml,Embalagem de 75 ml,0.79,0.79,0,,€/Unidade,,,https://driveimg1.intermarche.com/pt/Content/images/boitmal/produit/zoom/B9B794ADAEA365AE7AF99E6BE46AB75F.jpg,,,,2026-02-04T23:59:59Z,PROSPECTUS,17,3,,,,
392,8712566173860,68.0,Knorr,"Canja com aletria, embalagem de 70g",,1.69,24.85,0,kg,€/Kg,,,https://driveimg1.intermarche.com/pt/Content/images/boitmal/produit/zoom/0FDE190C3180267DE92D355FE905E718.jpg,,,,2026-02-04T23:59:59Z,PROSPECTUS,17,3,,,,
40347,8410076471604,350.0,Old El Paso,"6 tortilhas de trigo wrap, embalagem de 350g",,2.69,7.69,0,kg,€/Kg,,,https://driveimg1.intermarche.com/pt/Content/images/boitmal/produit/zoom/1EB2056E778DEB67B0CA58563B07CF9B.jpg,,,,2026-02-04T23:59:59Z,PROSPECTUS,17,3,,,,
40348,8410076481597,185.0,Old El Paso,"Nachips, 185g",,2.19,11.84,0,kg,€/Kg,,,https://driveimg1.intermarche.com/pt/Content/images/boitmal/produit/zoom/5D0BB0FFEBC832CC2B7352D32F3DE088.jpg,,,,2026-02-04T23:59:59Z,PROSPECTUS,17,3,,,,
40593,5603722519406,480.0,Mimosa,"Iogurte fruta batida morango, 4 x 120 g",,1.69,3.52,0,kg,€/Kg,,,https://driveimg1.intermarche.com/pt/Content/images/boitmal/produit/zoom/41C5135F0F8227064BFED500C982147E.jpg,,,,2026-02-04T23:59:59Z,PROSPECTUS,17,3,,,,
40594,5603722519468,480.0,Mimosa,"Iogurte fruta batida banana e morango, 4 x 120 g",,1.69,3.52,0,kg,€/Kg,,,https://driveimg1.intermarche.com/pt/Content/images/boitmal/produit/zoom/783BF0B8040C15143355DB1E8A912AD4.jpg,,,,2026-02-04T23:59:59Z,PROSPECTUS,17,3,,,,
40739,5604260302666,2000.0,PorSi,Lava Tudo Perfumado Camomila & Flor de Laranjeira,,0.99,0.5,2000,L,€/L,,,https://driveimg1.intermarche.com/pt/Content/images/boitmal/produit/zoom/EC235B47803E16EEB9720D84212A145E.jpg,,,,2026-02-04T23:59:59Z,PROSPECTUS,17,3,,,,
40831,8717163675038,150.0,Rexona,"Desodorizante spray invisible, embalagem de 150 ml",,2.69,17.93,150,L,€/L,,,https://driveimg1.intermarche.com/pt/Content/images/boitmal/produit/zoom/72984E844ED2A9B77A3E437C7EFE3233.jpg,,,,2026-02-04T23:59:59Z,PROSPECTUS,17,3,,,,
40916,3083681107944,400.0,Bonduelle,"Salteado da Horta, emb. 400 gr",,2.59,6.48,0,kg,€/Kg,,Tipo de stockagem,https://driveimg1.intermarche.com/pt/Content/images/boitmal/produit/zoom/8EC663DD06C540EF10455FD80FEDFFEF.jpg,,,,2026-02-04T23:59:59Z,PROSPECTUS,17,3,,,,
40925,8710522652138,240.0,Calvé,"Maionese Top Down, emb. 240 gr",,1.48,6.17,0,kg,€/Kg,,,https://driveimg1.intermarche.com/pt/Content/images/boitmal/produit/zoom/ECF2C8ABFC985CAC5B87AA78A2E96931.jpg,https://driveimg1.intermarche.com/pt/Content/images/boitmal/produit/zoom/8E23B17512BCD2C444A6228885CC4217.jpg,https://driveimg1.intermarche.com/pt/Content/images/boitmal/produit/zoom/8E23B17512BCD2C444A6228885CC4217.jpg,https://driveimg1.intermarche.com/pt/Content/images/boitmal/produit/zoom/8E23B17512BCD2C444A6228885CC4217.jpg,2026-02-04T23:59:59Z,PROSPECTUS,17,3,https://driveimg1.intermarche.com/pt/Content/images/boitmal/produit/zoom/8E23B17512BCD2C444A6228885CC4217.jpg,,,
40963,3083681108323,400.0,Bonduelle,"Salteado Rústico, emb. 400 gr",,2.59,6.48,0,kg,€/Kg,,Tipo de stockagem,https://driveimg1.intermarche.com/pt/Content/images/boitmal/produit/zoom/D2BF04E30820A884E11F497F9EA9FC40.jpg,,,,2026-02-04T23:59:59Z,PROSPECTUS,17,3,,,,
41041,8001480703001,700.0,Neoblanc,Tira nódoas em spray cores,Embalagem de 700 ml,2.99,4.27,700,L,€/L,,,https://driveimg1.intermarche.com/pt/Content/images/boitmal/produit/zoom/1B7BCC034AAC45310DFFCE9E289F80C7.jpg,,,,2026-02-04T23:59:59Z,PROSPECTUS,17,3,,,,
41115,8712000310011,330.0,Heineken,"Cerveja sem Álcool, emb. 33 cl",,0.99,3.0,330,L,€/L,,,https://driveimg1.intermarche.com/pt/Content/images/boitmal/produit/zoom/9E28EF00D416D58210C445A87E80C40B.jpg,,,,2026-02-04T23:59:59Z,PROSPECTUS,17,3,,,,
41120,5029053562858,,Scottex,"Papel Higiénico Húmido Sensitive, embalagem com 66 unidades",,2.24,2.24,0,,€/Unidade,,,https://driveimg1.intermarche.com/pt/Content/images/boitmal/produit/zoom/1F2495DD190EA1A2FC8B6E8523F8FD24.jpg,,,,2026-02-04T23:59:59Z,PROSPECTUS,17,3,,,,
41758,7322541096667,,Tena,"Pensos Incontinência Discreet Maxi Noite, emb. 12 un.",,6.34,6.34,12,,€/Unidade,,,https://driveimg1.intermarche.com/pt/Content/images/boitmal/produit/zoom/3EFB7F658F7A6190532A2FEC660762AF.jpg,https://driveimg1.intermarche.com/pt/Content/images/boitmal/produit/zoom/21289249CB4D771ACD3A71894289176D.jpg,https://driveimg1.intermarche.com/pt/Content/images/boitmal/produit/zoom/CAD88BAD9AD4BCF7A7E90741C9E59A18.jpg,https://driveimg1.intermarche.com/pt/Content/images/boitmal/produit/zoom/59B178831F909D28BBA9E56381EB01D6.jpg,2026-02-04T23:59:59Z,PROSPECTUS,17,3,,,,
42135,5604260307012,,PorSi,Cesto Roupa Lavada Baixo,Capacidade: 26 litros,2.69,2.69,0,,€/Unidade,,,https://driveimg1.intermarche.com/pt/Content/images/boitmal/produit/zoom/A83F4E7E724FCEE81E740CBED98E4589.jpg,https://driveimg1.intermarche.com/pt/Content/images/boitmal/produit/zoom/348B18310947DFC88FC99D71C17F7666.jpg,,,2026-02-04T23:59:59Z,PROSPECTUS,17,3,,,,
42777,5604260307159,250.0,PorSi,Farinheira do Fundão 250g,,1.99,7.96,0,kg,€/Kg,,,https://driveimg1.intermarche.com/pt/Content/images/boitmal/produit/zoom/14240F251C92138F4828FAB6984E0C70.jpg,,,,2026-02-18T23:59:59Z,PROSPECTUS,17,3,,,,
42780,5604260306374,200.0,PorSi,Açúcar Mascavado Saquetas 50 X 4g,,1.59,7.95,0,kg,€/Kg,,,https://driveimg1.intermarche.com/pt/Content/images/boitmal/produit/zoom/7766AC37755B4C1E33AEF1C5B8605D51.jpg,https://driveimg1.intermarche.com/pt/Content/images/boitmal/produit/zoom/81D650B995B6E771DE2D1040B23B3F15.jpg,https://driveimg1.intermarche.com/pt/Content/images/boitmal/produit/zoom/81D650B995B6E771DE2D1040B23B3F15.jpg,https://driveimg1.intermarche.com/pt/Content/images/boitmal/produit/zoom/81D650B995B6E771DE2D1040B23B3F15.jpg,2026-02-04T23:59:59Z,PROSPECTUS,17,3,https://driveimg1.intermarche.com/pt/Content/images/boitmal/produit/zoom/81D650B995B6E771DE2D1040B23B3F15.jpg,,,
4301,3600540123961,400.0,Garnier,"Champô Ultra Suave para crianças, alperce",Embalagem de 400 ml,3.79,9.48,400,L,€/L,,,https://driveimg1.intermarche.com/pt/Content/images/boitmal/produit/zoom/3F69E8A7F94BF62C0403CE1EB889963D.jpg,,,,2026-02-04T23:59:59Z,PROSPECTUS,17,3,,,,
43016,5601164862401,1200.0,Somersby,"Sidra com Álcool Maçã, emb. 6 x 20 cl",,4.49,3.74,1200,L,€/L,,,https://driveimg1.intermarche.com/pt/Content/images/boitmal/produit/zoom/FCDFBF5D64A9352BB7E6E300DF12194B.jpg,,,,2026-02-04T23:59:59Z,PROSPECTUS,17,3,,,,
43267,5607233552624,400.0,Panrico,"Pão de forma 100% farinha de centeio, 400g",,1.89,4.73,0,kg,€/Kg,,,https://driveimg1.intermarche.com/pt/Content/images/boitmal/produit/zoom/D9431B3977ECC1068CCABC331A85A32A.jpg,,,,2026-02-04T23:59:59Z,PROSPECTUS,17,3,,,,
43391,5604260311361,375.0,PorSi,Cereais Tufados com Chocolate 375g,,2.09,5.57,0,kg,€/Kg,,,https://driveimg1.intermarche.com/pt/Content/images/boitmal/produit/zoom/0428AE1F5CD3BB970CAA041BF746DC66.jpg,https://driveimg1.intermarche.com/pt/Content/images/boitmal/produit/zoom/7E78E95CAFB58715E2FD207B8F077F2E.jpg,https://driveimg1.intermarche.com/pt/Content/images/boitmal/produit/zoom/7E78E95CAFB58715E2FD207B8F077F2E.jpg,https://driveimg1.intermarche.com/pt/Content/images/boitmal/produit/zoom/7E78E95CAFB58715E2FD207B8F077F2E.jpg,2026-02-04T23:59:59Z,PROSPECTUS,17,3,,,,
43429,5604260310982,1500.0,PorSi,Detergente Máquina Loiça Gel 1.5l,Embalagem de 1.5 litros,3.7,2.47,1500,L,€/L,,,https://driveimg1.intermarche.com/pt/Content/images/boitmal/produit/zoom/12FD93B645E13B18088E1CE2D096C3A3.jpg,,,,2026-02-04T23:59:59Z,PROSPECTUS,17,3,,,,
43541,5604260309955,2000.0,PorSi,Amaciador Concentrado Floral 2l,,1.79,0.9,2000,L,€/L,,,https://driveimg1.intermarche.com/pt/Content/images/boitmal/produit/zoom/051755203CB0DF5DAB3A4311EAE749EB.jpg,,,,2026-02-04T23:59:59Z,PROSPECTUS,17,3,,,,
43542,5604260309962,2000.0,PorSi,Amaciador Concentrado Jojoba 2l,,1.79,0.9,2000,L,€/L,,,https://driveimg1.intermarche.com/pt/Content/images/boitmal/produit/zoom/6B2C0ED9EBB7028DFF63C98BA2CD7526.jpg,,,,2026-02-04T23:59:59Z,PROSPECTUS,17,3,,,,
43544,5604260309979,2000.0,PorSi,Amaciador Concentrado Pétalas Rosa 2l,,1.79,0.9,2000,L,€/L,,,https://driveimg1.intermarche.com/pt/Content/images/boitmal/produit/zoom/81964F59ADE9E3426982618AE63C078D.jpg,,,,2026-02-04T23:59:59Z,PROSPECTUS,17,4,,,,
43768,7613287121783,187.0,Smarties,"Drageias de Chocolate de Leite Mini, emb. 187 gr (13 un)",,3.99,21.34,0,kg,€/Kg,,,https://driveimg1.intermarche.com/pt/Content/images/boitmal/produit/zoom/044C78E073B5B5B26D68268157615A9F.jpg,https://driveimg1.intermarche.com/pt/Content/images/boitmal/produit/zoom/E8FEE980732B87942B93ED2D1ABFFA78.jpg,https://driveimg1.intermarche.com/pt/Content/images/boitmal/produit/zoom/E8FEE980732B87942B93ED2D1ABFFA78.jpg,https://driveimg1.intermarche.com/pt/Content/images/boitmal/produit/zoom/E8FEE980732B87942B93ED2D1ABFFA78.jpg,2026-02-04T23:59:59Z,PROSPECTUS,17,4,https://driveimg1.intermarche.com/pt/Content/images/boitmal/produit/zoom/E8FEE980732B87942B93ED2D1ABFFA78.jpg,,,
43796,5604260302772,380.0,PorSi,Massa de pimentão,Embalagem de 380g,1.49,3.92,0,kg,€/Kg,,,https://driveimg1.intermarche.com/pt/Content/images/boitmal/produit/zoom/0E47BD6CDD2F78FC39D0CD9B98F10957.jpg,,,,2026-02-04T23:59:59Z,PROSPECTUS,17,4,,,,
44045,8714789738536,,Colgate,Escova de dentes tripla ação,4 unidades,3.19,3.19,0,,€/Unidade,,,https://driveimg1.intermarche.com/pt/Content/images/boitmal/produit/zoom/23A259AB9A4B7731DB0A485A7770805A.jpg,,,,2026-02-04T23:59:59Z,PROSPECTUS,17,4,,,,
44634,8711327485082,330.0,Magnum,"Gelados mini double gold caramel billionaire, embalagem de 6x55 ml",,4.49,13.61,330,L,€/L,,Tipo de stockagem,https://driveimg1.intermarche.com/pt/Content/images/boitmal/produit/zoom/42AC7934AA428100845DBDC81A00E314.jpg,,,,2026-02-04T23:59:59Z,PROSPECTUS,17,4,,,,
44702,5053990155354,175.0,Pringles,"Snacks Batata Natas & Cebola, emb. 175 gr",,2.39,13.66,0,kg,€/Kg,,,https://driveimg1.intermarche.com/pt/Content/images/boitmal/produit/zoom/0C0E56E5BC42C468A1D6A594D5BD0C63.jpg,https://driveimg1.intermarche.com/pt/Content/images/boitmal/produit/zoom/3743B152C095FACA5BB155343DC8A7EE.jpg,https://driveimg1.intermarche.com/pt/Content/images/boitmal/produit/zoom/3743B152C095FACA5BB155343DC8A7EE.jpg,https://driveimg1.intermarche.com/pt/Content/images/boitmal/produit/zoom/3743B152C095FACA5BB155343DC8A7EE.jpg,2026-02-04T23:59:59Z,PROSPECTUS,17,4,https://driveimg1.intermarche.com/pt/Content/images/boitmal/produit/zoom/3743B152C095FACA5BB155343DC8A7EE.jpg,,,
44704,5053990155941,175.0,Pringles,"Snacks Batata Hot & Spicy, emb. 175 gr",,2.39,13.66,0,kg,€/Kg,,,https://driveimg1.intermarche.com/pt/Content/images/boitmal/produit/zoom/41DF960E12D56D310EB0CF45988973FA.jpg,https://driveimg1.intermarche.com/pt/Content/images/boitmal/produit/zoom/6928ADB37A9D879D8A1130CADC9B4CD3.jpg,https://driveimg1.intermarche.com/pt/Content/images/boitmal/produit/zoom/6928ADB37A9D879D8A1130CADC9B4CD3.jpg,https://driveimg1.intermarche.com/pt/Content/images/boitmal/produit/zoom/6928ADB37A9D879D8A1130CADC9B4CD3.jpg,2026-02-04T23:59:59Z,PROSPECTUS,17,4,,,,
44790,5603722514814,480.0,Mimosa,"Iogurte natural magro sem lactose, 4x 120 g",,2.09,4.35,0,kg,€/Kg,,,https://driveimg1.intermarche.com/pt/Content/images/boitmal/produit/zoom/D1DEE94D62787E06ADE38007ABAC33FC.jpg,,,,2026-02-04T23:59:59Z,PROSPECTUS,17,4,,,,
44809,7613035593756,1000.0,Nesquik,"Achocolatado em saco, embalagem de 1 kg",,6.59,6.59,0,kg,€/Kg,,,https://driveimg1.intermarche.com/pt/Content/images/boitmal/produit/zoom/B72BED7B45B21CF0D0F77A499251A582.jpg,,,,2026-02-04T23:59:59Z,PROSPECTUS,17,4,,,,
44895,8710604741842,33.0,Knorr,"Chili com carne 1, 2, 3...sabor!, embalagem de 33g",,1.19,36.06,0,kg,€/Kg,,,https://driveimg1.intermarche.com/pt/Content/images/boitmal/produit/zoom/E0FC3FD038BB457F02AE1D4A0906FFDD.jpg,,,,2026-02-04T23:59:59Z,PROSPECTUS,17,4,,,,
45046,5604260310999,720.0,PorSi,Detergente para Máquina de Loiça em Gel Tudo em 1 720ml,Embalagem de 720 ml,3.2,4.44,720,L,€/L,,,https://driveimg1.intermarche.com/pt/Content/images/boitmal/produit/zoom/03E6CFD8472C75C398B80D239A2A0CEF.jpg,,,,2026-02-04T23:59:59Z,PROSPECTUS,17,4,,,,
45700,5604260314249,680.0,PorSi,Detergente Máquina Loica Td1 Limão 40p,,4.1,6.03,0,kg,€/Kg,,,https://driveimg1.intermarche.com/pt/Content/images/boitmal/produit/zoom/E2AF666FA080D39884D54C761B4D071C.jpg,,,,2026-02-04T23:59:59Z,PROSPECTUS,17,4,,,,
46825,5603722518287,720.0,Mimosa,"Iogurte magro aroma multi sabores de morango e kiwi/manga, 6 x 120g",,1.99,2.76,0,kg,€/Kg,,,https://driveimg1.intermarche.com/pt/Content/images/boitmal/produit/zoom/EBBE1EB3FBC3C9322F0040C9AA4B6B04.jpg,,,,2026-02-04T23:59:59Z,PROSPECTUS,17,4,,,,
47038,5010338200039,120.0,Bluedragon,"Molho para Saltear Agridoce, emb. 120 gr",,1.69,14.08,0,kg,€/Kg,,,https://driveimg1.intermarche.com/pt/Content/images/boitmal/produit/zoom/279414B97F22AC4861EE1956658F0587.jpg,,,,2026-02-04T23:59:59Z,PROSPECTUS,17,4,,,,
47635,8412600018316,300.0,Bimbo,Bimbo® bagels clássico 4 un.,Embalagem de 300g,2.19,7.3,0,kg,€/Kg,,,https://driveimg1.intermarche.com/pt/Content/images/boitmal/produit/zoom/A909D7B45AB188586A83F78F8C44D74E.jpg,,,,2026-02-04T23:59:59Z,PROSPECTUS,17,4,,,,
47636,8412600018323,300.0,Bimbo,Bimbo® bagels sementes 4 un.,Embalagem de 300g,2.19,7.3,0,kg,€/Kg,,,https://driveimg1.intermarche.com/pt/Content/images/boitmal/produit/zoom/4C1FC5DD8D8752799FB839690B061514.jpg,,,,2026-02-04T23:59:59Z,PROSPECTUS,17,4,,,,
47656,5600258596994,700.0,Super Pop,"Detergente loiça tripla ação limão, 700 ml",,2.29,3.27,700,L,€/L,,,https://driveimg1.intermarche.com/pt/Content/images/boitmal/produit/zoom/249F8942AC5C646CF234B21F2C24F1D5.jpg,,,,2026-02-04T23:59:59Z,PROSPECTUS,17,4,,,,
47766,5604260322343,225.0,PorSi,Açúcar em Pó Baunilhado 225g,,1.99,8.84,0,kg,€/Kg,,,https://driveimg1.intermarche.com/pt/Content/images/boitmal/produit/zoom/F06F891A7ED0F45836002BF99B8ABA99.jpg,https://driveimg1.intermarche.com/pt/Content/images/boitmal/produit/zoom/BA5DAD4607C9FF31C55192B98E6F04F1.jpg,,,2026-02-04T23:59:59Z,PROSPECTUS,17,4,,,,
47890,8718951434912,50.0,Colgate,Dentífrico júnior 7 a 12 anos,Embalagem de 50 ml,2.59,51.8,50,L,€/L,,,https://driveimg1.intermarche.com/pt/Content/images/boitmal/produit/zoom/69B50B84D28922C91B7AD5E5C7F61B21.jpg,,,,2026-02-04T23:59:59Z,PROSPECTUS,17,4,,,,
4806,5010867503960,750.0,Altano,"Vinho biológico doc douro tinto, garrafa de 0.75 l",,5.99,7.99,750,L,€/L,,,https://driveimg1.intermarche.com/pt/Content/images/boitmal/produit/zoom/81EFC3F64860687AA30EE936CAA63590.jpg,,,,2026-02-18T23:59:59Z,PROSPECTUS,17,4,,,,
48074,5604260320851,,PorSi,Pensos Higiénicos Ultrafinos Super com Abas - 24 Unidades,,1.96,1.96,0,,€/Unidade,,,https://driveimg1.intermarche.com/pt/Content/images/boitmal/produit/zoom/90AB9FF27B8F72B08805182DF7AAA143.jpg,,,,2026-02-04T23:59:59Z,PROSPECTUS,17,4,,,,
48075,5604260320868,,PorSi,Pensos Higiénicos Ultrafinos Noite com Abas - 10 Unidades,,1.19,1.19,0,,€/Unidade,,,https://driveimg1.intermarche.com/pt/Content/images/boitmal/produit/zoom/12ADA0D268721D24041379800219E3C0.jpg,,,,2026-02-04T23:59:59Z,PROSPECTUS,17,4,,,,
48210,5604260323111,4300.0,PorSi,Detergente Máquina Sabão Natural 86d,,6.18,1.44,4300,L,€/L,,,https://driveimg1.intermarche.com/pt/Content/images/boitmal/produit/zoom/76EACB4A59BF656D1FBA0DCA4A1D2D29.jpg,,,,2026-02-04T23:59:59Z,PROSPECTUS,17,4,,,,
48391,5604260320776,,PorSi,Pensos Diários Normal Aloe Vera - 30 Unidades,,1.34,1.34,0,,€/Unidade,,,https://driveimg1.intermarche.com/pt/Content/images/boitmal/produit/zoom/426BC6B3A43ECA8BD3AF55D0BF70998F.jpg,,,,2026-02-04T23:59:59Z,PROSPECTUS,17,4,,,,
49179,3600524029661,300.0,Elvive,Condicionador Hidra Hialurónico,300 ml,3.89,12.97,300,L,€/L,,,https://driveimg1.intermarche.com/pt/Content/images/boitmal/produit/zoom/358E669EEAD046E20A951D3F73537685.jpg,,,,2026-02-04T23:59:59Z,PROSPECTUS,17,4,,,,
49226,5604260319756,,PorSi,Soro Fisiológico Estéril 30 X 5ml Dispositivo Médico,30x5 ml,2.49,2.49,0,,€/Unidade,,,https://driveimg1.intermarche.com/pt/Content/images/boitmal/produit/zoom/14FF4D9C0B90DE9AD645DAD1675106BD.jpg,,,,2026-02-04T23:59:59Z,PROSPECTUS,17,4,,,,
49483,5029053550091,,Huggies,"Toalhitas Bebé Pure, 3 x 56un.",,3.39,3.39,0,,€/Unidade,,,https://driveimg1.intermarche.com/pt/Content/images/boitmal/produit/zoom/7EE00EF5FFBB6FADB0B91931B4FAF6AA.jpg,,,,2026-02-04T23:59:59Z,PROSPECTUS,17,4,,,,
4975,5601007001332,750.0,Esteva,"Vinho doc douro tinto, garrafa de 0.75 l",,3.99,5.32,750,L,€/L,,,https://driveimg1.intermarche.com/pt/Content/images/boitmal/produit/zoom/7DE3E82C8EEE9F921A3163C241BC3A09.jpg,,,,2026-02-18T23:59:59Z,PROSPECTUS,17,4,,,,
49762,5601050037562,460.0,Danone,"Iogurte com cereais activia, 4x115g",,2.49,5.41,0,kg,€/Kg,,,https://driveimg1.intermarche.com/pt/Content/images/boitmal/produit/zoom/51EAF4A53D8366A31634F35574981BCB.jpg,,,,2026-02-04T23:59:59Z,PROSPECTUS,17,4,,,,
49763,5601050037579,460.0,Danone,"Iogurte activia fibras aveia & frutos secos, 4x115g",,2.49,5.41,0,kg,€/Kg,,,https://driveimg1.intermarche.com/pt/Content/images/boitmal/produit/zoom/D3105D0A7021B60785802EF13F61AE8F.jpg,,,,2026-02-04T23:59:59Z,PROSPECTUS,17,4,,,,
49882,5604260319336,200.0,PorSi,Paio Lombo Fatiado 200g,,3.14,15.7,0,kg,€/Kg,,,https://driveimg1.intermarche.com/pt/Content/images/boitmal/produit/zoom/D86DCD95306C4475736A71E01CBAE1B6.jpg,,,,2026-02-04T23:59:59Z,PROSPECTUS,17,4,,,,
50450,8710522729755,58.0,Knorr,"Potato pot bacon e cebola, embalagem de 51g",,1.49,25.69,0,kg,€/Kg,,,https://driveimg1.intermarche.com/pt/Content/images/boitmal/produit/zoom/5FCC41200BF97232AB254BAFB79D702D.jpg,,,,2026-02-04T23:59:59Z,PROSPECTUS,17,4,,,,
50477,8410063087016,400.0,Pescanova,"Filete Pescada Panado com Alho e Salsa, emb. 400 gr (4 un)",,4.99,12.48,0,kg,€/Kg,,Tipo de stockagem,https://driveimg1.intermarche.com/pt/Content/images/boitmal/produit/zoom/1D8DBC2ECA1AA6FEC5E899EA860B48E6.jpg,,,,2026-02-04T23:59:59Z,PROSPECTUS,17,4,,,,
50575,5604260323685,96.0,PorSi,Cápsulas Café Descafeinado Cmpx16,,4.49,46.77,0,kg,€/Kg,,,https://driveimg1.intermarche.com/pt/Content/images/boitmal/produit/zoom/EDA20423A6D38F06AF74A94AC3BA7E86.jpg,,,,2026-02-04T23:59:59Z,PROSPECTUS,17,4,,,,
50581,5604260323746,96.0,PorSi,Cápsula Café Canela Cmpx16,,4.49,46.77,0,kg,€/Kg,,,https://driveimg1.intermarche.com/pt/Content/images/boitmal/produit/zoom/A8A760043793548CFC37E51EE9E747DC.jpg,,,,2026-02-04T23:59:59Z,PROSPECTUS,17,4,,,,
50585,5011546475165,140.0,Nescafé,"Cappucino, 10x14g",,2.99,21.36,0,kg,€/Kg,,,https://driveimg1.intermarche.com/pt/Content/images/boitmal/produit/zoom/C1B273BE6C035C1849789CACAEFB1B0C.jpg,,,,2026-02-04T23:59:59Z,PROSPECTUS,17,4,,,,
51281,5602348102740,650.0,Izidoro,"Salsicha bockwurst 9 unidades izidoro, embalagem de 360g",,2.89,4.45,0,kg,€/Kg,,,https://driveimg1.intermarche.com/pt/Content/images/boitmal/produit/zoom/75EEEED07816A555556DA2DDFFC4D829.jpg,,,,2026-02-04T23:59:59Z,PROSPECTUS,17,4,,,,
5145,5601096328303,750.0,Casal Garcia,"Vinho verde rosé, garrafa de 0.75 l",,3.29,4.39,750,L,€/L,,,https://driveimg1.intermarche.com/pt/Content/images/boitmal/produit/zoom/A2D046BA3FF3C3A04B6D48CF0D5AEE1D.jpg,,,,2026-02-18T23:59:59Z,PROSPECTUS,17,4,,,,
5158,5601109211127,750.0,Porca de Murça,"Vinho Tinto Douro, garrafa 75 cl",Garrafa de 750 ml,3.69,4.92,750,L,€/L,,,https://driveimg1.intermarche.com/pt/Content/images/boitmal/produit/zoom/587F8C4D255FC74322AC5F8AED00CD39.jpg,,,,2026-02-18T23:59:59Z,PROSPECTUS,17,4,,,,
51779,5604260327089,900.0,PorSi,Detergente Máquina Loiça Clássico 60p,,3.39,3.77,0,kg,€/Kg,,,https://driveimg1.intermarche.com/pt/Content/images/boitmal/produit/zoom/5D0E62FF3D9A0C755640BCC5F7832DD7.jpg,,,,2026-02-04T23:59:59Z,PROSPECTUS,17,4,,,,
51838,8436048961898,140.0,Artiach,Bolachas Chiquilin Chiquichocs Energy,Embalagem de 140g,1.79,12.79,0,kg,€/Kg,,,https://driveimg1.intermarche.com/pt/Content/images/boitmal/produit/zoom/E6376C8AE9CD397A70E82D7137FEC051.jpg,,,,2026-02-04T23:59:59Z,PROSPECTUS,17,4,,,,
51928,8720182516602,60.0,Knorr,Caldos cogumelos knorr 6 cubos,,1.37,22.83,0,kg,€/Kg,,,https://driveimg1.intermarche.com/pt/Content/images/boitmal/produit/zoom/A1FD146B331A1DAFD2DA8FBEBCAF1A0A.jpg,,,,2026-02-04T23:59:59Z,PROSPECTUS,17,4,,,,
52079,8711327585782,330.0,Magnum,"Gelado mini double caramel e gold caramel billionaire, embalagem de 330 ml",,4.49,13.61,330,L,€/L,,Tipo de stockagem,https://driveimg1.intermarche.com/pt/Content/images/boitmal/produit/zoom/FEAEC9F2D0E413EBB73552CF9D06BA73.jpg,,,,2026-02-04T23:59:59Z,PROSPECTUS,17,4,,,,
52107,5604260327454,750.0,Selecção de Enófilos,"Vinho Tinto DOC Dão Touriga-nacional 0,75l",,2.49,3.32,750,L,€/L,,,https://driveimg1.intermarche.com/pt/Content/images/boitmal/produit/zoom/00751D4449E28301B2F4064F65C91780.jpg,,,,2026-02-18T23:59:59Z,PROSPECTUS,17,4,,,,
52172,5449000233721,1980.0,Coca-Cola,"Refrigerante zero açúcar zero cafeína, pack lata 6 x 330 ml",,4.29,2.17,1980,L,€/L,,,https://driveimg1.intermarche.com/pt/Content/images/boitmal/produit/zoom/E22680B303F184CD56E33D92806D06DF.jpg,,,,2026-02-04T23:59:59Z,PROSPECTUS,17,4,,,,
52295,3023290072073,160.0,Lindahls,"Iogurte sólido proteico framboesa, embalagem de 160 g",,0.99,6.19,0,kg,€/Kg,,,https://driveimg1.intermarche.com/pt/Content/images/boitmal/produit/zoom/C87353FCE0F8B5DFB52D6384E482BABB.jpg,,,,2026-02-04T23:59:59Z,PROSPECTUS,17,4,,,,
52298,3023290072011,160.0,Lindahls,"Iogurte sólido proteico limão cookies, embalagem de 160 g",,0.99,6.19,0,kg,€/Kg,,,https://driveimg1.intermarche.com/pt/Content/images/boitmal/produit/zoom/8056AA56818872116BB891895188AEE8.jpg,,,,2026-02-04T23:59:59Z,PROSPECTUS,17,4,,,,
52299,3023290072035,160.0,Lindahls,"Iogurte sólido proteico morango lima, embalagem de 160 g",,0.99,6.19,0,kg,€/Kg,,,https://driveimg1.intermarche.com/pt/Content/images/boitmal/produit/zoom/3FA8DBA052D28654C7C833F137C987A5.jpg,,,,2026-02-04T23:59:59Z,PROSPECTUS,17,4,,,,
52302,3600542512428,400.0,Garnier,Champô Ultra Suave Carvão,Embalagem de 400ml,3.79,9.48,400,L,€/L,,Produtos Bio,https://driveimg1.intermarche.com/pt/Content/images/boitmal/produit/zoom/C53BE5FF3815607BB10E6D7A8D669C09.jpg,,,,2026-02-04T23:59:59Z,PROSPECTUS,17,4,,,,
52327,8720181385087,2520.0,Skip,"Detergente máquina roupa líquido roupa escura, 56 doses",,9.99,3.96,2520,L,€/L,,,https://driveimg1.intermarche.com/pt/Content/images/boitmal/produit/zoom/29AB5BDD5BBFA6B210DEE0211E3A1107.jpg,,,,2026-02-04T23:59:59Z,PROSPECTUS,17,4,,,,
52602,5601217137937,1710.0,Quanto,"Amaciador roupa concentrado lirios e frutos vermelhos, 95 doses",,3.99,2.33,1710,L,€/L,,,https://driveimg1.intermarche.com/pt/Content/images/boitmal/produit/zoom/D5EC13B4D27621ECAF91289F5FDA9612.jpg,,,,2026-02-04T23:59:59Z,PROSPECTUS,17,4,,,,
52636,8719200269026,400.0,Planta,"Creme vegetal para barrar, 400g",,2.96,7.4,0,kg,€/Kg,,,https://driveimg1.intermarche.com/pt/Content/images/boitmal/produit/zoom/F65911004A3F054AD79E8D4223582388.jpg,,,,2026-02-04T23:59:59Z,PROSPECTUS,17,4,,,,
52796,8711327616455,825.0,Carte DOr,"Gelado tiramisu, 825 ml",,3.59,4.35,825,L,€/L,,Tipo de stockagem,https://driveimg1.intermarche.com/pt/Content/images/boitmal/produit/zoom/CA2681D7CBF32CCE6763973CECB7DA3E.jpg,https://driveimg1.intermarche.com/pt/Content/images/boitmal/produit/zoom/9B84E001D84CA5CB733E1DA3A05B1D5F.jpg,https://driveimg1.intermarche.com/pt/Content/images/boitmal/produit/zoom/9B84E001D84CA5CB733E1DA3A05B1D5F.jpg,https://driveimg1.intermarche.com/pt/Content/images/boitmal/produit/zoom/9B84E001D84CA5CB733E1DA3A05B1D5F.jpg,2026-02-04T23:59:59Z,PROSPECTUS,17,4,,,,
52797,8711327616332,825.0,Carte DOr,"Gelado brownie chocolate, 825 ml",,3.59,4.35,825,L,€/L,,Tipo de stockagem,https://driveimg1.intermarche.com/pt/Content/images/boitmal/produit/zoom/86933FC9C9D9EA2E9FB58FB8E0DC69F7.jpg,https://driveimg1.intermarche.com/pt/Content/images/boitmal/produit/zoom/89D187521E159B499F9E24CFA10981D6.jpg,https://driveimg1.intermarche.com/pt/Content/images/boitmal/produit/zoom/89D187521E159B499F9E24CFA10981D6.jpg,,2026-02-04T23:59:59Z,PROSPECTUS,17,4,,,,
52887,5603722523137,200.0,Mimosa,"Natas para massas, 200 ml",,1.04,5.2,200,L,€/L,,,https://driveimg1.intermarche.com/pt/Content/images/boitmal/produit/zoom/836A8DFC9F960FD6B745222B729AE7FC.jpg,https://driveimg1.intermarche.com/pt/Content/images/boitmal/produit/zoom/F3EDAE46E372CBB78EE7DEA3A9DB3BD9.jpg,https://driveimg1.intermarche.com/pt/Content/images/boitmal/produit/zoom/F3EDAE46E372CBB78EE7DEA3A9DB3BD9.jpg,,2026-02-04T23:59:59Z,PROSPECTUS,17,4,,,,
52923,8720182266125,360.0,Dove,"Sabonete sólido regular, 4 x 90g",,4.09,11.36,0,kg,€/Kg,,,https://driveimg1.intermarche.com/pt/Content/images/boitmal/produit/zoom/3BDF388BFA7F2767872E380680981E7B.jpg,https://driveimg1.intermarche.com/pt/Content/images/boitmal/produit/zoom/0BE4770AB0BE8EA2FF2D8C5345F895FB.jpg,https://driveimg1.intermarche.com/pt/Content/images/boitmal/produit/zoom/0BE4770AB0BE8EA2FF2D8C5345F895FB.jpg,,2026-02-04T23:59:59Z,PROSPECTUS,17,4,,,,
53200,8722700263081,112.0,Knorr,"Caldo natura de legumes, 4 x 28g",,1.85,16.52,0,kg,€/Kg,,,https://driveimg1.intermarche.com/pt/Content/images/boitmal/produit/zoom/74CBC5337BA9565CA2E072112ED40B04.jpg,https://driveimg1.intermarche.com/pt/Content/images/boitmal/produit/zoom/1387C23926C431B6051D9CE2FC35A1ED.jpg,https://driveimg1.intermarche.com/pt/Content/images/boitmal/produit/zoom/1387C23926C431B6051D9CE2FC35A1ED.jpg,,2026-02-04T23:59:59Z,PROSPECTUS,17,4,,,,
53209,8719200268616,250.0,Vaqueiro,"Creme vegetal culinária clássico, 250g",,1.43,5.72,0,kg,€/Kg,,,https://driveimg1.intermarche.com/pt/Content/images/boitmal/produit/zoom/1DED1E9DAECA76ADDCCDF45A9F1F2B22.jpg,https://driveimg1.intermarche.com/pt/Content/images/boitmal/produit/zoom/FFB50D9A6B4B2420D7BA125832D59133.jpg,https://driveimg1.intermarche.com/pt/Content/images/boitmal/produit/zoom/FFB50D9A6B4B2420D7BA125832D59133.jpg,https://driveimg1.intermarche.com/pt/Content/images/boitmal/produit/zoom/FFB50D9A6B4B2420D7BA125832D59133.jpg,2026-02-04T23:59:59Z,PROSPECTUS,17,4,,,,
53320,4006000012278,150.0,Nivea,"Desodorizante homem spray fresh sensation, 150ml",,2.99,19.93,150,L,€/L,,,https://driveimg1.intermarche.com/pt/Content/images/boitmal/produit/zoom/6DFDDD53137DFEDB8D36BD3B8D622A9E.jpg,https://driveimg1.intermarche.com/pt/Content/images/boitmal/produit/zoom/EDF449A406CC0A42A78A4309B8D6509E.jpg,https://driveimg1.intermarche.com/pt/Content/images/boitmal/produit/zoom/EDF449A406CC0A42A78A4309B8D6509E.jpg,,2026-02-04T23:59:59Z,PROSPECTUS,17,4,,,,
