identifier,produitEan13,capacite,marque,libelle,conditionnement,prix,unitPrice,volume,typeProduit_uniteByCode,unit_value,pictogrammes_0,pictogrammes_libelleCategorie,images_0,images_1,images_2,avantages_dateFin,avantages_categorie,nro_paginas,page,images_3,images_4
8383,5601049132995,1000.0,Mimosa,"Leite uht meio gordo, embalagem de 1litro",,0.86,0.86,1000,L,€/L,,,https://driveimg1.intermarche.com/pt/Content/images/boitmal/produit/zoom/6FB52C843F677BD37D399D45BB10B38B.jpg,https://driveimg1.intermarche.com/pt/Content/images/boitmal/produit/zoom/AE810093A08CEBD60415DCC626CF5804.jpg,https://driveimg1.intermarche.com/pt/Content/images/boitmal/produit/zoom/A0562293538F541B1B99592AA046327B.jpg,2025-01-08T23:59:59.999999999Z,PROSPECTUS,7,1,,
13866,2891048000000,1000.0,Porco,Bifanas,Vendido ao peso a partir de 1 kg,3.99,3.99,0,,€/Kg,,,https://driveimg1.intermarche.com/pt/Content/images/boitmal/produit/zoom/72DE0DA6B485199AC995C629E3E4D279.jpg,,,2025-01-08T23:59:59.999999999Z,PROSPECTUS,7,1,,
1467,5601286236784,500.0,Milaneza,"Massa de espirais, embalagem de 500g",,1.04,2.08,0,kg,€/Kg,,,https://driveimg1.intermarche.com/pt/Content/images/boitmal/produit/zoom/90F3AD9985391E2BB3C76374F1217643.jpg,,,2025-01-08T23:59:59.999999999Z,PROSPECTUS,7,1,,
8521,5601119956810,120.0,Nobre,"Fiambre perna extra fatiado, embalagem de 120g",,1.99,16.58,0,kg,€/Kg,,,https://driveimg1.intermarche.com/pt/Content/images/boitmal/produit/zoom/B962872D940BF7EEEBDD095332A56017.jpg,,,2025-01-08T23:59:59.999999999Z,PROSPECTUS,7,1,,
12819,3600522023883,400.0,Elvive,Champô total repair,Embalagem de 400 ml,3.99,9.98,400,L,€/L,,,https://driveimg1.intermarche.com/pt/Content/images/boitmal/produit/zoom/EA7D6E07CD09475944FC0B7344377C93.jpg,,,2025-01-08T23:59:59.999999999Z,PROSPECTUS,7,1,,
13966,2696019000000,450.0,Padaria,Pão Regional Rio Maior Inteiro,1 unidade= 450 g,1.09,2.42,0,kg,€/Kg,,,https://driveimg1.intermarche.com/pt/Content/images/boitmal/produit/zoom/868CC38F01B8F1FD056036A7F49504A8.jpg,,,2025-01-08T23:59:59.999999999Z,PROSPECTUS,7,1,,
19415,5601028019798,,Renova,"Rolo de cozinha design xxl, 3 rolos",,1.99,1.99,3,,€/Unidade,,,https://driveimg1.intermarche.com/pt/Content/images/boitmal/produit/zoom/9A25E60B9B6B556C2D19CB0AC3EE543B.jpg,,,2025-01-08T23:59:59.999999999Z,PROSPECTUS,7,1,,
12887,2892089000000,500.0,Fruta,Manga Barco,1 un = 500 gr (aprox.),1.35,2.69,0,,€/Kg,,,https://driveimg1.intermarche.com/pt/Content/images/boitmal/produit/zoom/7DE73DFAB226CDE947BB89C61333D3FE.jpg,,,2025-01-08T23:59:59.999999999Z,PROSPECTUS,7,1,,
18860,3147690060703,700.0,Gibson's,Gin dry,Garrafa de 700 ml,11.49,16.41,700,L,€/L,,,https://driveimg1.intermarche.com/pt/Content/images/boitmal/produit/zoom/EF3EC9468395BE2E5E25F964CCF5DAF7.jpg,,,2025-01-08T23:59:59.999999999Z,PROSPECTUS,7,1,,
15955,7613032408794,85.0,Purina Gourmet,"Comida húmida para gato peixe do oceano, embalagem de 90g",,0.87,10.24,0,kg,€/Kg,,,https://driveimg1.intermarche.com/pt/Content/images/boitmal/produit/zoom/FEEA8DEA9BB460BB34BF8E0ADF22D62F.jpg,,,2025-01-08T23:59:59.999999999Z,PROSPECTUS,7,1,,
31908,8001090134226,,Dodot,Toalhita Azul,Embalagem de 64 un.,0.99,0.99,0,,€/Unidade,,,https://driveimg1.intermarche.com/pt/Content/images/boitmal/produit/zoom/7D0CA6E791B9424075D8EFACDC32D2FC.jpg,,,2025-01-08T23:59:59.999999999Z,PROSPECTUS,7,1,,
36657,5601217132673,500.0,Cillitbang,"Spray lixívia e higiene, de 500 ml",,2.49,4.98,500,L,€/L,,,https://driveimg1.intermarche.com/pt/Content/images/boitmal/produit/zoom/D9B27A41A222F2F218026715A414F2D0.jpg,,,2025-01-08T23:59:59.999999999Z,PROSPECTUS,7,1,,
14641,5603722513879,1500.0,Pleno,"Tisana de chá verde/limão light, de 1,5 l",,1.59,1.06,1500,L,€/L,,,https://driveimg1.intermarche.com/pt/Content/images/boitmal/produit/zoom/F6BF791EA11EAC23396FF6DFA2CA04B8.jpg,,,2025-01-08T23:59:59.999999999Z,PROSPECTUS,7,1,,
18595,8410500016012,400.0,Danonino Danone,"Iogurte líquido danonino morango, embalagem de 4 x 100g",,1.99,4.98,0,kg,€/Kg,,,https://driveimg1.intermarche.com/pt/Content/images/boitmal/produit/zoom/00E1EF11C0C6DBF4F5207E20D5392DA2.jpg,,,2025-01-08T23:59:59.999999999Z,PROSPECTUS,7,1,,
2466,7613032142599,500.0,Cerelac,Farinha láctea cerelac,Embalagem de 500g,3.74,7.48,0,kg,€/Kg,,,https://driveimg1.intermarche.com/pt/Content/images/boitmal/produit/zoom/9E8BA07E18AADF10F73E7F499EE6907F.jpg,,,2025-01-08T23:59:59.999999999Z,PROSPECTUS,7,1,,
23353,5000116112197,375.0,Capitão Iglo,"18 nuggets de frango, embalagem de 380g",,4.99,13.31,0,kg,€/Kg,,Tipo de stockagem,https://driveimg1.intermarche.com/pt/Content/images/boitmal/produit/zoom/F26C89B365D9DC17E138C74AB049DE6B.jpg,,,2025-01-08T23:59:59.999999999Z,PROSPECTUS,7,1,,
35138,5603722517655,960.0,Mimosa,"Iogurte sólido aroma morango, ananás e banana, 8 x 120 g",,1.89,1.97,0,kg,€/Kg,,,https://driveimg1.intermarche.com/pt/Content/images/boitmal/produit/zoom/7070B93AC2DB23DCF61734D801E40E6D.jpg,,,2025-01-08T23:59:59.999999999Z,PROSPECTUS,7,1,,
2474,7613032408602,85.0,Purina Gourmet,"Comida húmida para gato vaca e frango, embalagem de 90g",,0.87,10.24,0,kg,€/Kg,,,https://driveimg1.intermarche.com/pt/Content/images/boitmal/produit/zoom/571C1A9D6D5EE4C101463565EC0CDDDE.jpg,,,2025-01-08T23:59:59.999999999Z,PROSPECTUS,7,1,,
17265,2696109000000,600.0,Pastelaria,Galette de Rois,600g,5.99,9.98,0,kg,€/Kg,,,https://driveimg1.intermarche.com/pt/Content/images/boitmal/produit/zoom/C67BA4CDA8508BEF0A5304015C5BF4C3.jpg,,,2025-01-08T23:59:59.999999999Z,PROSPECTUS,7,1,,
13781,2892323000000,250.0,Fruta,Uva Red Globe,1 un = 250 gr  (aprox.),0.9,3.59,0,,€/Kg,,,https://driveimg1.intermarche.com/pt/Content/images/boitmal/produit/zoom/0CB9D5C0FE47F5D642EA2D42574AAC35.jpg,,,2025-01-08T23:59:59.999999999Z,PROSPECTUS,7,1,,
19104,5600353670056,750.0,Critterium,Vinho regional lisboa tinto reserva,Garrafa de 0.75 l,3.99,5.32,750,L,€/L,,,https://driveimg1.intermarche.com/pt/Content/images/boitmal/produit/zoom/66476694A5C1B73CEB8E360341CB54A6.jpg,,,2025-01-08T23:59:59.999999999Z,PROSPECTUS,7,1,,
15161,5604260274246,1000.0,PorSi,Cenouras Programa Origens,Embalagem de 1 kg,0.89,0.89,0,kg,€/Kg,,,https://driveimg1.intermarche.com/pt/Content/images/boitmal/produit/zoom/558C3AC1450C10C8B2395D06441C5423.jpg,,,2025-01-08T23:59:59.999999999Z,PROSPECTUS,7,1,,
13865,2891042000000,1000.0,Porco,Costeletas do Cachaço,Vendido ao peso a partir de 1 kg,4.98,4.98,0,,€/Kg,,,https://driveimg1.intermarche.com/pt/Content/images/boitmal/produit/zoom/D0D96FA697CD7DF7D0B353E0ED0B1193.jpg,,,2025-01-08T23:59:59.999999999Z,PROSPECTUS,7,1,,
11967,5601049612336,250.0,Mimosa,"Manteiga com sal, embalagem de 250g",,1.99,7.96,0,kg,€/Kg,,,https://driveimg1.intermarche.com/pt/Content/images/boitmal/produit/zoom/2C2D066D904F137421CA4F472DC07738.jpg,https://driveimg1.intermarche.com/pt/Content/images/boitmal/produit/zoom/B59AE74FD0DBE6C3112F001AFF69E867.jpg,https://driveimg1.intermarche.com/pt/Content/images/boitmal/produit/zoom/BB9196C3025886DBB6F20EDD70A1CA7A.jpg,2025-01-08T23:59:59.999999999Z,PROSPECTUS,7,1,,
13914,2891225000000,350.0,Frango,Perna com Costa,1 un. = 300 g (aprox.),0.8,2.29,0,,€/Kg,,,https://driveimg1.intermarche.com/pt/Content/images/boitmal/produit/zoom/D1297D1CD095629263E582A65B4C3857.jpg,,,2025-01-08T23:59:59.999999999Z,PROSPECTUS,7,1,,
13893,2891043000000,1000.0,Porco,Entrecosto,Vendido ao peso a partir de 1 kg,6.28,6.28,0,,€/Kg,,,https://driveimg1.intermarche.com/pt/Content/images/boitmal/produit/zoom/AA05EE99D302D59771FCC108473E0700.jpg,,,2025-01-08T23:59:59.999999999Z,PROSPECTUS,7,1,,
19022,5603722509742,800.0,Agros,"Leite com chocolate, embalagem de 4 x 200 ml",,1.49,1.86,800,L,€/L,,,https://driveimg1.intermarche.com/pt/Content/images/boitmal/produit/zoom/86A34AF1051A1750347A4FF58912A923.jpg,,,2025-01-08T23:59:59.999999999Z,PROSPECTUS,7,1,,
11961,5603722505607,1000.0,Mimosa,"Leite sem lactose meio gordo, de 1l",,1.14,1.14,1000,L,€/L,,,https://driveimg1.intermarche.com/pt/Content/images/boitmal/produit/zoom/A98ED8A0E5E675A3AC1A551BCE75B0AB.jpg,https://driveimg1.intermarche.com/pt/Content/images/boitmal/produit/zoom/4E57BFE09E8D859BDBE1705476BB9F1B.jpg,https://driveimg1.intermarche.com/pt/Content/images/boitmal/produit/zoom/E1F70144AAFCC0EAEBFF05614177D009.jpg,2025-01-08T23:59:59.999999999Z,PROSPECTUS,7,1,,
13625,2893620000000,300.0,Peixaria,Salmão de viveiro à posta,1 un. = 300 g (aprox.),3.9,12.99,0,,€/Kg,,,https://driveimg1.intermarche.com/pt/Content/images/boitmal/produit/zoom/29B9DB2E73FB6AE756265DB326B65712.jpg,,,2025-01-08T23:59:59.999999999Z,PROSPECTUS,7,1,,
13894,2891044000000,1000.0,Porco,Entremeada sem Entrecosto,Vendido ao peso a partir de 1 kg,4.88,4.88,0,,€/Kg,,,https://driveimg1.intermarche.com/pt/Content/images/boitmal/produit/zoom/033DDCE7C7F9A9CD99F0A4BEB2F74462.jpg,,,2025-01-08T23:59:59.999999999Z,PROSPECTUS,7,1,,
13897,2891053000000,1000.0,Porco,Lombo sem Osso,Vendido ao peso a partir de 1 kg,4.49,4.49,0,,€/Kg,,,https://driveimg1.intermarche.com/pt/Content/images/boitmal/produit/zoom/415564DA70574ED3C1D7475F1F28BDB6.jpg,,,2025-01-08T23:59:59.999999999Z,PROSPECTUS,7,1,,
17272,2891375000000,800.0,Novilho,Carne p/ Estufar,Vendido ao peso a partir de 800 g,7.19,8.99,0,,€/Kg,,,https://driveimg1.intermarche.com/pt/Content/images/boitmal/produit/zoom/74A9E71258207F3FD300DB35B0F5BB18.jpg,,,2025-01-08T23:59:59.999999999Z,PROSPECTUS,7,1,,
5928,5604260256921,2000.0,PorSi,"Lava Tudo Perfumado Montanha, 2 l",,0.99,0.5,2000,L,€/L,,,https://driveimg1.intermarche.com/pt/Content/images/boitmal/produit/zoom/1025C53588751D93B22FC3DF4D839D3B.jpg,,,2025-01-08T23:59:59.999999999Z,PROSPECTUS,7,1,,
251,2696001000000,400.0,Padaria,Baguete,400 g,0.79,1.98,0,kg,€/Kg,,,https://driveimg1.intermarche.com/pt/Content/images/boitmal/produit/zoom/42C2E126B9E5B84C243F0668DEC3869F.jpg,,,2025-01-08T23:59:59.999999999Z,PROSPECTUS,7,1,,
1270,5601151023150,500.0,Compal,"Polpa de tomate com cebola e alho, embalagem de 500g",,1.39,2.78,0,kg,€/Kg,,,https://driveimg1.intermarche.com/pt/Content/images/boitmal/produit/zoom/195ABA90C0C8B2FE1D9EE0202B59D28C.jpg,,,2025-01-08T23:59:59.999999999Z,PROSPECTUS,7,1,,
12892,2892508000000,400.0,Legumes,Beringela,1 un=400 gr (aprox.),0.8,1.99,0,,€/Kg,,,https://driveimg1.intermarche.com/pt/Content/images/boitmal/produit/zoom/5B7B3A896213DE67893050A67A6D9D9B.jpg,,,2025-01-08T23:59:59.999999999Z,PROSPECTUS,7,1,,
1293,5601151398104,630.0,Compal,"Pack de 3 embalagens de polpa de tomate, embalagem de 630g",,1.49,2.37,0,kg,€/Kg,,,https://driveimg1.intermarche.com/pt/Content/images/boitmal/produit/zoom/BC7D38B0892D2B72B99AEECF05E81523.jpg,,,2025-01-08T23:59:59.999999999Z,PROSPECTUS,7,1,,
12996,2892526000000,250.0,Legumes,Chuchu,1 un = 250 gr  (aprox.),0.62,2.49,0,,€/Kg,,,https://driveimg1.intermarche.com/pt/Content/images/boitmal/produit/zoom/9B3515E273EECDE0B69B6402C7F1BEB4.jpg,,,2025-01-08T23:59:59.999999999Z,PROSPECTUS,7,1,,
13892,2891041000000,1000.0,Porco,Costeletas do Lombo,Vendido ao peso a partir de 1 kg,4.98,4.98,0,,€/Kg,,,https://driveimg1.intermarche.com/pt/Content/images/boitmal/produit/zoom/589E4AFE71E19AF7FEB32FB0C0E176FF.jpg,,,2025-01-08T23:59:59.999999999Z,PROSPECTUS,7,1,,
16105,5601146703463,7500.0,Sagres,"Cerveja com álcool, pack 30 x 0.25 l",,13.85,1.85,7500,L,€/L,,,https://driveimg1.intermarche.com/pt/Content/images/boitmal/produit/zoom/183EDEF7293ADA26BC14282051FE997C.jpg,,,2025-01-08T23:59:59.999999999Z,PROSPECTUS,7,1,,
34201,5601066401029,150.0,Nacional,"Bolachas com pepitas de chocolate my cookie!, 150g",,1.19,7.93,0,kg,€/Kg,,,https://driveimg1.intermarche.com/pt/Content/images/boitmal/produit/zoom/62E8A4FDEC6FCE6FCA9B1B71AEF816E1.jpg,,,2025-01-08T23:59:59.999999999Z,PROSPECTUS,7,1,,
47102,5603722520198,250.0,Mimosa,"Manteiga com sal e sem lactose, embalagem de 250g",,2.29,9.16,0,kg,€/Kg,,,https://driveimg1.intermarche.com/pt/Content/images/boitmal/produit/zoom/93C16F859411D0EBAFBF43E49FD1DA1B.jpg,https://driveimg1.intermarche.com/pt/Content/images/boitmal/produit/zoom/03F85375587D6FDFB4925819A11BDAE0.jpg,https://driveimg1.intermarche.com/pt/Content/images/boitmal/produit/zoom/851EE75BBBA7A9986AE9578DEC17E3F9.jpg,2025-01-08T23:59:59.999999999Z,PROSPECTUS,7,1,,
5522,5601692071429,1000.0,Bom sucesso,"Arroz carolino, embalagem de 1 kg",,1.49,1.49,0,kg,€/Kg,,,https://driveimg1.intermarche.com/pt/Content/images/boitmal/produit/zoom/64C611B9FD96C1B21C6DBAF861284476.jpg,,,2025-01-08T23:59:59.999999999Z,PROSPECTUS,7,1,,
5803,5604260055814,2000.0,PorSi,Lixívia tradicional,Embalagem de 2 l,0.9,0.45,2000,L,€/L,,,https://driveimg1.intermarche.com/pt/Content/images/boitmal/produit/zoom/8A2E6CEE5CE7CCA8FC288F09FA708EAE.jpg,,,2025-01-08T23:59:59.999999999Z,PROSPECTUS,7,1,,
994,5601038001400,240.0,Knorr,"Caldo de carne 24 cubos, embalagem de 240g",,2.49,10.38,0,kg,€/Kg,,,https://driveimg1.intermarche.com/pt/Content/images/boitmal/produit/zoom/111ACC6539DBD1BD4431EF700197763E.jpg,,,2025-01-08T23:59:59.999999999Z,PROSPECTUS,7,1,,
1188,5601119007970,200.0,Nobre,"Salsichas de porco, lata de 200g",,1.39,6.95,0,kg,€/Kg,,,https://driveimg1.intermarche.com/pt/Content/images/boitmal/produit/zoom/F480FC52D56464F3C1B867155F4A37B9.jpg,,,2025-01-08T23:59:59.999999999Z,PROSPECTUS,7,1,,
1189,5601119007987,250.0,Nobre,"Salsichas de porco, lata de 250g",,1.67,6.68,0,kg,€/Kg,,,https://driveimg1.intermarche.com/pt/Content/images/boitmal/produit/zoom/0B023C2ECBDBE7AB09A89A8810925D65.jpg,,,2025-01-08T23:59:59.999999999Z,PROSPECTUS,7,1,,
11963,5603722505775,250.0,Mimosa,"Manteiga sem sal, embalagem de 250g",,1.99,7.96,0,kg,€/Kg,,,https://driveimg1.intermarche.com/pt/Content/images/boitmal/produit/zoom/9BCF64C54A7D7626D65710EBF82436CC.jpg,https://driveimg1.intermarche.com/pt/Content/images/boitmal/produit/zoom/1EA90F949357E7F98D48732996035C6E.jpg,https://driveimg1.intermarche.com/pt/Content/images/boitmal/produit/zoom/1F0AD169BB42B947BB5B96F6E89FDECD.jpg,2025-01-08T23:59:59.999999999Z,PROSPECTUS,7,1,,
1310,5601151979969,140.0,Compal,"Compal da horta concentrado tomate, embalagem de 140g",,0.99,7.07,0,kg,€/Kg,,,https://driveimg1.intermarche.com/pt/Content/images/boitmal/produit/zoom/AFB213C2AE47899B42B45E2988A779B7.jpg,,,2025-01-08T23:59:59.999999999Z,PROSPECTUS,7,1,,
13817,2892582000000,250.0,Legumes,Pimento Verde,1 un = 250 gr  (aprox.),0.6,2.39,0,,€/Kg,,,https://driveimg1.intermarche.com/pt/Content/images/boitmal/produit/zoom/65E0131049B6BD4E669549F70B795EC0.jpg,,,2025-01-08T23:59:59.999999999Z,PROSPECTUS,7,1,,
1427,5601255322128,1000.0,Caçarola,"Arroz agulha, embalagem de 1 kg",,1.28,1.28,0,kg,€/Kg,,,https://driveimg1.intermarche.com/pt/Content/images/boitmal/produit/zoom/5909BD82C9A83624AB1295F48ED2D005.jpg,,,2025-01-08T23:59:59.999999999Z,PROSPECTUS,7,1,,
1460,5601286222787,500.0,Milaneza,"Massa de cotovelinhos, embalagem de 500g",,1.04,2.08,0,kg,€/Kg,,,https://driveimg1.intermarche.com/pt/Content/images/boitmal/produit/zoom/49B04C2917E036F30360190A48027326.jpg,,,2025-01-08T23:59:59.999999999Z,PROSPECTUS,7,1,,
14865,2696212000000,,Pastelaria,Folhado Misto 90 g,,0.69,0.69,0,,€/Unidade,,,https://driveimg1.intermarche.com/pt/Content/images/boitmal/produit/zoom/164C27A781A7C68A965295D85BB7D95F.jpg,,,2025-01-08T23:59:59.999999999Z,PROSPECTUS,7,1,,
18030,2696251000000,800.0,Pastelaria,Bolo rei,800 g,4.99,6.24,0,kg,€/Kg,,,https://driveimg1.intermarche.com/pt/Content/images/boitmal/produit/zoom/5797896372B1CA8FFFA288DDFDA8F828.jpg,,,2025-01-08T23:59:59.999999999Z,PROSPECTUS,7,1,,
19166,5604260274185,1000.0,PorSi,Kiwi,embalagem de 1Kg,1.99,1.99,0,kg,€/Kg,,,https://driveimg1.intermarche.com/pt/Content/images/boitmal/produit/zoom/4B3FD551DB4B491A1542FF19FDA92048.jpg,,,2025-01-08T23:59:59.999999999Z,PROSPECTUS,7,1,,
2306,5604260271672,800.0,PorSi,Bacalhau posta média,Embalagem de 800g,6.99,8.74,0,kg,€/Kg,,Tipo de stockagem,https://driveimg1.intermarche.com/pt/Content/images/boitmal/produit/zoom/7BFB91B2030DFA8C523A88F3C016C8D9.jpg,,,2025-01-08T23:59:59.999999999Z,PROSPECTUS,7,1,,
2369,5606669091783,450.0,Brasmar,Preparado para arroz de marisco,Embalagem de 450 g,3.89,8.64,0,kg,€/Kg,,Tipo de stockagem,https://driveimg1.intermarche.com/pt/Content/images/boitmal/produit/zoom/30AEE929F2CD61652544DDD9E550F719.jpg,https://driveimg1.intermarche.com/pt/Content/images/boitmal/produit/zoom/3DD300B3850A8A7396BC6133488A6CBF.jpg,,2025-01-08T23:59:59.999999999Z,PROSPECTUS,7,1,,
26047,8412600070994,650.0,Bimbo,Pão de forma s/ côdea,Embalagem de 650 g,2.14,3.29,0,kg,€/Kg,,,https://driveimg1.intermarche.com/pt/Content/images/boitmal/produit/zoom/29A6957961BACB180F45AAA47CD1FB78.jpg,,,2025-01-08T23:59:59.999999999Z,PROSPECTUS,7,1,,
26091,7613036115575,550.0,Nestlé,Cereais estrelitas,Embalagem de 550g,2.49,4.53,0,kg,€/Kg,,,https://driveimg1.intermarche.com/pt/Content/images/boitmal/produit/zoom/90505B63FB20AF187537F3B46DDB9B86.jpg,,,2025-01-08T23:59:59.999999999Z,PROSPECTUS,7,1,,
32408,5601050034967,600.0,Danone,"Danacol aveia, embalagem de 6 x 100g",,2.99,4.98,0,kg,€/Kg,,,https://driveimg1.intermarche.com/pt/Content/images/boitmal/produit/zoom/5CE656F263120C59B9C0953B21D516B7.jpg,,,2025-01-08T23:59:59.999999999Z,PROSPECTUS,7,1,,
37045,5601217132659,500.0,Cillitbang,"Spray bolor e sujidade, garrafa de 500 ml",,2.49,4.98,500,L,€/L,,,https://driveimg1.intermarche.com/pt/Content/images/boitmal/produit/zoom/2A51671BCEA4544BF377B06769DE1169.jpg,,,2025-01-08T23:59:59.999999999Z,PROSPECTUS,7,1,,
37773,5604260290352,800.0,PorSi,Choco limpo 20/40,Embalagem de 800 g,6.99,8.74,0,kg,€/Kg,,Tipo de stockagem,https://driveimg1.intermarche.com/pt/Content/images/boitmal/produit/zoom/A0DDCD5D96EEDB36BCCF9ED4C4346401.jpg,,,2025-01-08T23:59:59.999999999Z,PROSPECTUS,7,1,,
38148,5603722519123,1000.0,Milhafre,Leite de Pastagem Biológico Meio Gordo,1 litro,1.09,1.09,1000,L,€/L,,Produtos Bio,https://driveimg1.intermarche.com/pt/Content/images/boitmal/produit/zoom/DCB3EAE989BC2DDA8E3D76C140D59BA5.jpg,,,2025-01-08T23:59:59.999999999Z,PROSPECTUS,7,1,,
40739,5604260302666,2000.0,PorSi,"Lava Tudo Perfumado flor de laranjeira, embalagem de 2 l",,0.99,0.5,2000,L,€/L,,,https://driveimg1.intermarche.com/pt/Content/images/boitmal/produit/zoom/EC235B47803E16EEB9720D84212A145E.jpg,,,2025-01-08T23:59:59.999999999Z,PROSPECTUS,7,1,,
40833,8718951333482,1250.0,Ajax,"Detergente líquido lava-tudo festa das flores, 1.25 litros",,2.24,1.79,1250,L,€/L,,,https://driveimg1.intermarche.com/pt/Content/images/boitmal/produit/zoom/693F264420C4477C1D894CD0E8FEFC0A.jpg,,,2025-01-08T23:59:59.999999999Z,PROSPECTUS,7,1,,
40916,3083681107944,400.0,Bonduelle,"Salteado da horta, embalagem de 400g",,2.39,5.98,0,kg,€/Kg,,Tipo de stockagem,https://driveimg1.intermarche.com/pt/Content/images/boitmal/produit/zoom/8EC663DD06C540EF10455FD80FEDFFEF.jpg,,,2025-01-08T23:59:59.999999999Z,PROSPECTUS,7,1,,
438,8722700140139,20.0,Lipton,"20 saquetas infusão de cidreira, embalagem de 20g",,1.49,74.5,0,kg,€/Kg,,,https://driveimg1.intermarche.com/pt/Content/images/boitmal/produit/zoom/75772B648D442A3C0BB5D4E8A4601B76.jpg,,,2025-01-08T23:59:59.999999999Z,PROSPECTUS,7,1,,
46714,5604260318742,,PorSi,Papel higiénico branco folha tripla,12 rolos,3.79,3.79,0,,€/Unidade,,,https://driveimg1.intermarche.com/pt/Content/images/boitmal/produit/zoom/302F6B4FE48393BA7E5D666ED55E249B.jpg,,,2025-01-08T23:59:59.999999999Z,PROSPECTUS,7,1,,
46882,5604260319824,,PorSi,Papel higiénico 3 folhas perfumado,Embalagem de 12 unidades,4.69,4.69,12,,€/Unidade,,,https://driveimg1.intermarche.com/pt/Content/images/boitmal/produit/zoom/3FFC2D730C4EDC9A29F53A5EEAAF4D75.jpg,,,2025-01-08T23:59:59.999999999Z,PROSPECTUS,7,1,,
47045,8001665717328,250.0,Rana,"Ravioli de frango assado, 250g",,1.98,7.92,0,kg,€/Kg,,,https://driveimg1.intermarche.com/pt/Content/images/boitmal/produit/zoom/1F0ACDEB21866BBBC49D93A8B45C5FE3.jpg,,,2025-01-08T23:59:59.999999999Z,PROSPECTUS,7,1,,
50457,5603722520891,125.0,Mimosa,"Manteiga com salsa e alho, embalagem de 125g",,1.49,11.92,0,kg,€/Kg,,,https://driveimg1.intermarche.com/pt/Content/images/boitmal/produit/zoom/AD07C14D6EFB1FFAE444B8C7DD272173.jpg,https://driveimg1.intermarche.com/pt/Content/images/boitmal/produit/zoom/E035A762B58CBA6C1ACDD8E79E8BA0FE.jpg,https://driveimg1.intermarche.com/pt/Content/images/boitmal/produit/zoom/0BD538C4D562B7FA21A6743239B7FBB5.jpg,2025-01-08T23:59:59.999999999Z,PROSPECTUS,7,1,,
50458,5603722521003,160.0,Mimosa,"Manteiga com sal, 160g",,2.14,13.38,0,kg,€/Kg,,,https://driveimg1.intermarche.com/pt/Content/images/boitmal/produit/zoom/09C6645B0E41FE4C659D6FBAFCE3C138.jpg,,,2025-01-08T23:59:59.999999999Z,PROSPECTUS,7,1,,
5095,5601050026405,300.0,Danone,"Queijinho dadoninho petitdino de morango, embalagem de 6 x 50g",,1.99,6.63,0,kg,€/Kg,,,https://driveimg1.intermarche.com/pt/Content/images/boitmal/produit/zoom/285FD05A8135D405134AF6FB325A781F.jpg,,,2025-01-08T23:59:59.999999999Z,PROSPECTUS,7,1,,
5119,5601066200073,1000.0,Nacional,Farinha p/ bolos extra fina,Embalagem de 1 kg,1.09,1.09,0,kg,€/Kg,,,https://driveimg1.intermarche.com/pt/Content/images/boitmal/produit/zoom/CAC064713C07BACF659239959FBD0E0D.jpg,,,2025-01-08T23:59:59.999999999Z,PROSPECTUS,7,1,,
53215,7613287300423,,Nescafé,"Café cápsulas dolce gusto buondi, 48 unidades",,13.99,13.99,48,,€/Unidade,,,https://driveimg1.intermarche.com/pt/Content/images/boitmal/produit/zoom/73F032AF2523A2ECCDF55C3F8DC080E7.jpg,https://driveimg1.intermarche.com/pt/Content/images/boitmal/produit/zoom/8D8B92EE92A77C536C79B5FADFE86C51.jpg,https://driveimg1.intermarche.com/pt/Content/images/boitmal/produit/zoom/8D8B92EE92A77C536C79B5FADFE86C51.jpg,2025-01-08T23:59:59.999999999Z,PROSPECTUS,7,1,,
5926,5604260256907,2000.0,PorSi,"Lava Tudo Perfumado Lavanda, embalagem de 2 l",,0.99,0.5,2000,L,€/L,,,https://driveimg1.intermarche.com/pt/Content/images/boitmal/produit/zoom/01DD4B6F1EC514CE87AE4FA32F6F195B.jpg,,,2025-01-08T23:59:59.999999999Z,PROSPECTUS,7,1,,
8384,5601049133992,1000.0,Mimosa,"Leite uht magro, embalagem de 1litro",,0.86,0.86,1000,L,€/L,,,https://driveimg1.intermarche.com/pt/Content/images/boitmal/produit/zoom/128AB814EBA9C0783B386EB2E0A38CC9.jpg,https://driveimg1.intermarche.com/pt/Content/images/boitmal/produit/zoom/8C350978140C257D0AAD7365CD133F0C.jpg,https://driveimg1.intermarche.com/pt/Content/images/boitmal/produit/zoom/B9BED9F397071733FB4D36CBE39ECDBA.jpg,2025-01-08T23:59:59.999999999Z,PROSPECTUS,7,1,,
8520,5601119956490,120.0,Nobre,"Fiambre perna extra finissimos fatiado, embalagem de 120g",,1.99,16.58,0,kg,€/Kg,,,https://driveimg1.intermarche.com/pt/Content/images/boitmal/produit/zoom/15C8ADF2CEDA2C19A63D893348F1D7F5.jpg,,,2025-01-08T23:59:59.999999999Z,PROSPECTUS,7,1,,
978,5601024134136,750.0,Oliveira da Serra,Azeite,Embalagem de 750 ml,5.99,7.99,750,L,€/L,,,https://driveimg1.intermarche.com/pt/Content/images/boitmal/produit/zoom/9CC9A85673AA0BF0B09481F106398AA6.jpg,,,2025-01-08T23:59:59.999999999Z,PROSPECTUS,7,1,,
1010,5601038300091,240.0,Knorr,"Caldo de galinha 24 cubos, embalagem de 240g",,2.49,10.38,0,kg,€/Kg,,,https://driveimg1.intermarche.com/pt/Content/images/boitmal/produit/zoom/4E25834255892D5C9C1047A286FE9847.jpg,,,2025-01-08T23:59:59.999999999Z,PROSPECTUS,7,1,,
11466,5601018004605,200.0,Gresso,Nata uht para bater 200 ml,,0.79,3.95,200,L,€/L,,,https://driveimg1.intermarche.com/pt/Content/images/boitmal/produit/zoom/6D55411BE639B830632A68D20D002036.jpg,,,2025-01-08T23:59:59.999999999Z,PROSPECTUS,7,1,,
11501,5601049612084,125.0,Mimosa,"Manteiga com sal, embalagem de 130g",,1.29,10.32,0,kg,€/Kg,,,https://driveimg1.intermarche.com/pt/Content/images/boitmal/produit/zoom/C0A3DF0B7623AAEE8B7C1B9626AECDDA.jpg,https://driveimg1.intermarche.com/pt/Content/images/boitmal/produit/zoom/1207D37BB442FDD5C918BE023189F00C.jpg,,2025-01-08T23:59:59.999999999Z,PROSPECTUS,7,1,,
1187,5601119007963,120.0,Nobre,"6 salsichas de porco, lata de 120g",,1.59,13.25,0,kg,€/Kg,,,https://driveimg1.intermarche.com/pt/Content/images/boitmal/produit/zoom/024D21F90F760BFDC12CBD7EB02BECC6.jpg,,,2025-01-08T23:59:59.999999999Z,PROSPECTUS,7,1,,
1191,5601119009660,180.0,Nobre,"Mini salsichas cocktail, lata de 180g",,1.79,9.94,0,kg,€/Kg,,,https://driveimg1.intermarche.com/pt/Content/images/boitmal/produit/zoom/FEBC979069AC159E9B8E5F8DD02E763D.jpg,,,2025-01-08T23:59:59.999999999Z,PROSPECTUS,7,1,,
1279,5601151123362,1000.0,Bongo,"Néctar de 8 frutos, garrafa de 1l",,1.27,1.27,1000,L,€/L,,,https://driveimg1.intermarche.com/pt/Content/images/boitmal/produit/zoom/DDDD7150C72E25EE2FF7F3F4EC28BE9B.jpg,,,2025-01-08T23:59:59.999999999Z,PROSPECTUS,7,1,,
12909,2892005000000,250.0,Fruta,Laranja Económica,1 un = 250 gr  (aprox.),0.3,1.19,0,,€/Kg,,,https://driveimg1.intermarche.com/pt/Content/images/boitmal/produit/zoom/67E13FD34B36BCD37E12339EB836171D.jpg,,,2025-01-08T23:59:59.999999999Z,PROSPECTUS,7,1,,
12939,2892073000000,100.0,Legumes,Gengibre,1 un = 100 gr (aprox.),0.47,4.69,0,,€/Kg,,,https://driveimg1.intermarche.com/pt/Content/images/boitmal/produit/zoom/5DD27F4B431D4A23DEA88B654F1DDE48.jpg,,,2025-01-08T23:59:59.999999999Z,PROSPECTUS,7,1,,
1296,5601151543306,1000.0,Compal,"Néctar de pêra, embalagem de 1l",,1.19,1.19,1000,L,€/L,,,https://driveimg1.intermarche.com/pt/Content/images/boitmal/produit/zoom/20D6CCFACD44697943FB8CAF67B7E4F5.jpg,,,2025-01-08T23:59:59.999999999Z,PROSPECTUS,7,1,,
1301,5601151660751,410.0,Compal,"Feijão encarnado, lata de 410ml",,1.09,2.66,410,L,€/L,,,https://driveimg1.intermarche.com/pt/Content/images/boitmal/produit/zoom/8777874F846E4C62B1CDEE04A734A2E1.jpg,,,2025-01-08T23:59:59.999999999Z,PROSPECTUS,7,1,,
1305,5601151862155,500.0,Compal,Polpa de tomate 500g,,1.24,2.48,0,kg,€/Kg,,,https://driveimg1.intermarche.com/pt/Content/images/boitmal/produit/zoom/D9FD9B4F4905971874C5E4127C57C62E.jpg,,,2025-01-08T23:59:59.999999999Z,PROSPECTUS,7,1,,
1307,5601151962152,1000.0,Compal,"Polpa de tomate, embalagem de 1 kg",,2.09,2.09,0,kg,€/Kg,,,https://driveimg1.intermarche.com/pt/Content/images/boitmal/produit/zoom/7F25D2B47A4922FBF9D4F475FD193D2F.jpg,,,2025-01-08T23:59:59.999999999Z,PROSPECTUS,7,1,,
13242,2893227000000,200.0,Peixaria,Robalo de Viveiro,de 200 a 600 g (aprox.),1.2,5.99,0,,€/Kg,,,https://driveimg1.intermarche.com/pt/Content/images/boitmal/produit/zoom/A78EB4330416D93C926049780B1174CB.jpg,,,2025-01-08T23:59:59.999999999Z,PROSPECTUS,7,1,,
14308,5000116124138,204.0,Iglo,"2 crocantes frango recheio alho&ervas 204g, embalagem de 200g",,3.99,19.56,0,kg,€/Kg,,Tipo de stockagem,https://driveimg1.intermarche.com/pt/Content/images/boitmal/produit/zoom/1B167D9717576C9A214A9743C9477F6C.jpg,,,2025-01-08T23:59:59.999999999Z,PROSPECTUS,7,1,,
1447,5601283141500,250.0,Penha,"Caramelos de fruta, embalagem de 250g",,2.24,8.96,0,kg,€/Kg,,,https://driveimg1.intermarche.com/pt/Content/images/boitmal/produit/zoom/7EC5A442E9EF4DEED119DFDA6F572F35.jpg,,,2025-01-08T23:59:59.999999999Z,PROSPECTUS,7,1,,
1458,5601286220783,500.0,Milaneza,"Massa de cotovelos grossos, embalagem de 500g",,1.04,2.08,0,kg,€/Kg,,,https://driveimg1.intermarche.com/pt/Content/images/boitmal/produit/zoom/D93D679931815D69DD3322F399FB1B55.jpg,,,2025-01-08T23:59:59.999999999Z,PROSPECTUS,7,1,,
14711,5601286402332,180.0,Nacional,"Bolacha alfa, embalagem de 180g",,1.04,5.78,0,kg,€/Kg,,,https://driveimg1.intermarche.com/pt/Content/images/boitmal/produit/zoom/EEAED8EB73A6124CF9DC2D1D89DF265E.jpg,,,2025-01-08T23:59:59.999999999Z,PROSPECTUS,7,1,,
14884,2891116000000,1000.0,Aves,Galinha Pequena com Miúdos,1 un = 1 kg (aprox.),2.25,2.25,0,,€/Kg,,,https://driveimg1.intermarche.com/pt/Content/images/boitmal/produit/zoom/1EB78D77852C5A607BDFDBBED5FBDC51.jpg,,,2025-01-08T23:59:59.999999999Z,PROSPECTUS,7,1,,
1495,5601363100380,300.0,Pála-Pála,"Batata frita caseira rodela, embalagem de 300g",,1.79,5.97,0,kg,€/Kg,,,https://driveimg1.intermarche.com/pt/Content/images/boitmal/produit/zoom/2550CC98E3B2E3C63B7A972B31C2AB65.jpg,,,2025-01-08T23:59:59.999999999Z,PROSPECTUS,7,1,,
15010,2892545000000,1000.0,Programa Origens,Couve Flor,1 un = 1 kg (aprox.),1.69,1.69,0,,€/Kg,,,https://driveimg1.intermarche.com/pt/Content/images/boitmal/produit/zoom/93AF9BD404AC9C131A6A0C88150C31D1.jpg,,,2025-01-08T23:59:59.999999999Z,PROSPECTUS,7,1,,
15012,2892549000000,1000.0,PorSi,Couve Penca (Portuguesa) Programa Origens,1 un = 1 kg (aprox.),1.49,1.49,0,,€/Kg,,,https://driveimg1.intermarche.com/pt/Content/images/boitmal/produit/zoom/2D88A7369B0931B4598995700335AAA4.jpg,,,2025-01-08T23:59:59.999999999Z,PROSPECTUS,7,1,,
15503,8410500018931,400.0,Danonino Danone,"Iogurte líquido danonino tutti frutti, embalagem de 4 x 100 g",,1.99,4.98,0,kg,€/Kg,,,https://driveimg1.intermarche.com/pt/Content/images/boitmal/produit/zoom/49D4DFA8C6DABEB79926D4F0312C64D8.jpg,,,2025-01-08T23:59:59.999999999Z,PROSPECTUS,7,2,,
16599,2891414000000,200.0,Vitela,Bife Alcatra,1 un = 200 gr (aprox.),3.2,15.99,0,,€/Kg,,,https://driveimg1.intermarche.com/pt/Content/images/boitmal/produit/zoom/9D59FB71DAC2411FC84347888559BDF4.jpg,,,2025-01-08T23:59:59.999999999Z,PROSPECTUS,7,2,,
17207,8006540943687,1800.0,Fairy,Detergente manual de loiça limão,Embalagem de 2 x 900 ml,6.99,3.88,1800,L,€/L,,,https://driveimg1.intermarche.com/pt/Content/images/boitmal/produit/zoom/B2EE328B1B3FB1BA0162E77ED87C40E9.jpg,,,2025-01-08T23:59:59.999999999Z,PROSPECTUS,7,2,,
17969,8410104156695,,Air Wick,Recarga ambientador elétrico delícias de verão,,3.59,3.59,1,,€/Unidade,,,https://driveimg1.intermarche.com/pt/Content/images/boitmal/produit/zoom/6FDA4F526BE600B71E3CC2981419E972.jpg,,,2025-01-08T23:59:59.999999999Z,PROSPECTUS,7,2,,
19368,5606586000417,250.0,Legumes,Tomate Cherry,Embalagem de 250 g,1.29,5.16,0,kg,€/Kg,,,https://driveimg1.intermarche.com/pt/Content/images/boitmal/produit/zoom/069A452D96BB832E7E3CCB43CD96D923.jpg,,,2025-01-08T23:59:59.999999999Z,PROSPECTUS,7,2,,
19664,7613035655782,175.0,Nestlé,"Bebida de cereais e café mokambo intenso, embalagem de 180g",,4.09,23.37,0,kg,€/Kg,,,https://driveimg1.intermarche.com/pt/Content/images/boitmal/produit/zoom/1B5ECD51AB177A7D39D1661129EDF32C.jpg,,,2025-01-08T23:59:59.999999999Z,PROSPECTUS,7,2,,
20201,5603722516221,1500.0,Pleno,"Tisana chá camomila e romã, de 1,5 l",,1.59,1.06,1500,L,€/L,,,https://driveimg1.intermarche.com/pt/Content/images/boitmal/produit/zoom/7D295EE342D567A594A666D24B68A8E1.jpg,,,2025-01-08T23:59:59.999999999Z,PROSPECTUS,7,2,,
20221,8410500020071,460.0,Danone,"Iogurte activia aveia nozes, embalagem de 4 x 120g",,2.39,5.2,0,kg,€/Kg,,,https://driveimg1.intermarche.com/pt/Content/images/boitmal/produit/zoom/95DB5CF2D3415DECF98AD16FB13B5950.jpg,,,2025-01-08T23:59:59.999999999Z,PROSPECTUS,7,2,,
20264,5000116110872,180.0,Iglo,"Crocantes frango parmesão e ervas, embalagem de 180g",,3.74,20.78,0,kg,€/Kg,,Tipo de stockagem,https://driveimg1.intermarche.com/pt/Content/images/boitmal/produit/zoom/FA238D0C01D11590AA8A8E09CE288246.jpg,,,2025-01-08T23:59:59.999999999Z,PROSPECTUS,7,2,,
22535,4750021001109,700.0,Moskovskay,"Vodka, garrafa de 700 ml",,11.49,16.41,700,L,€/L,,,https://driveimg1.intermarche.com/pt/Content/images/boitmal/produit/zoom/7D2A37D3289DEF7B2EBA1EC6348DE307.jpg,,,2025-01-08T23:59:59.999999999Z,PROSPECTUS,7,2,,
23469,8410500020453,280.0,Danone,"Danonino para levar, polpa de morango, embalagem de 4 x 70 g",,2.14,7.64,0,kg,€/Kg,,,https://driveimg1.intermarche.com/pt/Content/images/boitmal/produit/zoom/3E7A122EA567C89446D113FF66BFA0AE.jpg,,,2025-01-08T23:59:59.999999999Z,PROSPECTUS,7,2,,
23524,5000204922851,750.0,Pato,"Líquido sanitário extra power, marinho, 750 ml",,1.69,2.25,750,L,€/L,,,https://driveimg1.intermarche.com/pt/Content/images/boitmal/produit/zoom/60268FF4016AF8FBA52DB6A9A88D181B.jpg,,,2025-01-08T23:59:59.999999999Z,PROSPECTUS,7,2,,
25513,8410063074924,320.0,Pescanova,"4 filetes de pescada tipo caseiro sem gluten, embalagem com 320 g",,3.79,11.84,0,kg,€/Kg,,Tipo de stockagem,https://driveimg1.intermarche.com/pt/Content/images/boitmal/produit/zoom/223B86A64722EA649978D9F45EF21399.jpg,,,2025-01-08T23:59:59.999999999Z,PROSPECTUS,7,2,,
25532,8410376046908,300.0,Gullón,"Bolacha vitalday crocante fruta & fibra, embalagem de 300g",,1.64,5.47,0,kg,€/Kg,,,https://driveimg1.intermarche.com/pt/Content/images/boitmal/produit/zoom/473F8651EAFD9E8ED0ACED0FCD074922.jpg,,,2025-01-08T23:59:59.999999999Z,PROSPECTUS,7,2,,
25735,5000116112173,208.0,Capitão Iglo,"10 nuggets peito de frango e queijo, embalagem de 210g",,2.99,14.38,0,kg,€/Kg,,Tipo de stockagem,https://driveimg1.intermarche.com/pt/Content/images/boitmal/produit/zoom/C51CDDEB144DBFB12E5D153B5560BAD5.jpg,,,2025-01-08T23:59:59.999999999Z,PROSPECTUS,7,2,,
25881,5601151155257,3000.0,Serra da estrela,"Água sem gás, pack 6 x 0,50 l",,1.75,0.58,3000,L,€/L,,,https://driveimg1.intermarche.com/pt/Content/images/boitmal/produit/zoom/984AE28FD91E1C697070D2BD18A4765A.jpg,,,2025-01-08T23:59:59.999999999Z,PROSPECTUS,7,2,,
26455,8006540830840,1250.0,Fairy,Detergente Líquido p/ Lavar Loiça Platinum Original,"Embalagem de 1,25 l",4.99,3.99,1250,L,€/L,,,https://driveimg1.intermarche.com/pt/Content/images/boitmal/produit/zoom/F9FB16396CA6333A721D98D1F2F69B67.jpg,,,2025-01-08T23:59:59.999999999Z,PROSPECTUS,7,2,,
2740,8410063016627,400.0,Pescanova,"4 filetes de pescada panados com limão, embalagem de 400g",,4.65,11.63,0,kg,€/Kg,,Tipo de stockagem,https://driveimg1.intermarche.com/pt/Content/images/boitmal/produit/zoom/793D04BEFB15F5DF82BA7896A4F9F018.jpg,,,2025-01-08T23:59:59.999999999Z,PROSPECTUS,7,2,,
2786,8410199150905,100.0,Cheetos,"Aperitivos rolitos, embalagem de 100g",,1.49,14.9,0,kg,€/Kg,,,https://driveimg1.intermarche.com/pt/Content/images/boitmal/produit/zoom/F470A36FD76D61EC69758C933CF291DA.jpg,,,2025-01-08T23:59:59.999999999Z,PROSPECTUS,7,2,,
2788,8410199790958,130.0,Cheetos,"Aperitivos futebolas, embalagem de 130g",,1.69,13.0,0,kg,€/Kg,,,https://driveimg1.intermarche.com/pt/Content/images/boitmal/produit/zoom/6E3E638A2C20F2794B685C451FDB40F7.jpg,,,2025-01-08T23:59:59.999999999Z,PROSPECTUS,7,2,,
282,0000080361497,85.0,Purina Gourmet,"Comida húmida para gato pedacinhos em molho com salmão, embalagem de 90g",,0.87,10.24,0,kg,€/Kg,,,https://driveimg1.intermarche.com/pt/Content/images/boitmal/produit/zoom/F3269BDBEA9617D986C45DC8EC354AB3.jpg,,,2025-01-08T23:59:59.999999999Z,PROSPECTUS,7,2,,
29366,8710447376133,435.0,Cif,"Spray fornos e grelhadores, 435 ml",,2.49,5.72,435,L,€/L,,,https://driveimg1.intermarche.com/pt/Content/images/boitmal/produit/zoom/0983FC0F3C1B5D9C271D56B3C7E3A30E.jpg,,,2025-01-08T23:59:59.999999999Z,PROSPECTUS,7,2,,
29899,2696008000000,,Padaria,Bola Rústica,85 g,0.27,0.27,0,,€/Unidade,,,https://driveimg1.intermarche.com/pt/Content/images/boitmal/produit/zoom/06C705452DA793A390CC49C0690F6BDD.jpg,,,2025-01-08T23:59:59.999999999Z,PROSPECTUS,7,2,,
29967,8410104888169,,Air Wick,Recarga ambientador automático lavanda,,4.99,4.99,1,,€/Unidade,,,https://driveimg1.intermarche.com/pt/Content/images/boitmal/produit/zoom/FEE7BF6FFDD6AEEB8488E6103005BF64.jpg,,,2025-01-08T23:59:59.999999999Z,PROSPECTUS,7,2,,
31141,3073781094930,140.0,A Vaca Que Ri,"Queijo fundido palitos light 140g, embalagem de 140g",,1.99,14.21,0,kg,€/Kg,,,https://driveimg1.intermarche.com/pt/Content/images/boitmal/produit/zoom/B5D6C4ED5C97B9ABEEF5182E77489B3B.jpg,,,2025-01-08T23:59:59.999999999Z,PROSPECTUS,7,2,,
31436,5607233508829,750.0,Panrico,Pão de forma especial torradas,Embalagem de 750g,1.95,2.6,0,kg,€/Kg,,,https://driveimg1.intermarche.com/pt/Content/images/boitmal/produit/zoom/E55F9FC30ED3A9561F136B69689D41FE.jpg,,,2025-01-08T23:59:59.999999999Z,PROSPECTUS,7,2,,
32152,5000116124145,204.0,Iglo,"2 crocantes frango recheio queijo e fiambre, embalagem de 200g",,3.99,19.56,0,kg,€/Kg,,Tipo de stockagem,https://driveimg1.intermarche.com/pt/Content/images/boitmal/produit/zoom/B55FB32E2D0253D230455DF61EB5AE0A.jpg,,,2025-01-08T23:59:59.999999999Z,PROSPECTUS,7,2,,
32363,8412857001253,,Humydry,"Cabide Anti-Humidade, 450 g",,5.99,5.99,0,,€/Unidade,,,https://driveimg1.intermarche.com/pt/Content/images/boitmal/produit/zoom/BE0C9D104F206D29749930FF5DE0D83B.jpg,,,2025-01-08T23:59:59.999999999Z,PROSPECTUS,7,2,,
32399,5000204018059,36.0,Pato,"Gel Activo Lavanda WC Discos, 2 x 36 ml",,3.49,96.94,36,L,€/L,,,https://driveimg1.intermarche.com/pt/Content/images/boitmal/produit/zoom/B72D863D0E6868872226363DBAB2B1DF.jpg,,,2025-01-08T23:59:59.999999999Z,PROSPECTUS,7,2,,
32545,5601119261402,180.0,Nobre,"Salsichas de aves cocktail, lata de 180g",,1.79,9.94,0,kg,€/Kg,,,https://driveimg1.intermarche.com/pt/Content/images/boitmal/produit/zoom/6ECD962C9294DE9D5B22F94D8DE001C0.jpg,,,2025-01-08T23:59:59.999999999Z,PROSPECTUS,7,2,,
34199,3083680905008,700.0,Bonduelle,"Salteado mediterrâneo, embalagem de 750 g",,4.09,5.84,0,kg,€/Kg,,Tipo de stockagem,https://driveimg1.intermarche.com/pt/Content/images/boitmal/produit/zoom/B23675E7CD8B0377798B2F686A375FC0.jpg,,,2025-01-08T23:59:59.999999999Z,PROSPECTUS,7,2,,
35549,5053990124961,70.0,Pringles,"Snack batata original, embalagem de 70g",,1.49,21.29,0,kg,€/Kg,,,https://driveimg1.intermarche.com/pt/Content/images/boitmal/produit/zoom/2AEE1AFBA820638E1917945C99E8B143.jpg,,,2025-01-08T23:59:59.999999999Z,PROSPECTUS,7,2,,
37701,5601066401036,300.0,Nacional,"Bolacha de aveia e chia, embalagem de 300 g",,1.64,5.47,0,kg,€/Kg,,,https://driveimg1.intermarche.com/pt/Content/images/boitmal/produit/zoom/096982C138B83CFC07467D26BCF59A58.jpg,,,2025-01-08T23:59:59.999999999Z,PROSPECTUS,7,2,,
40963,3083681108323,400.0,Bonduelle,"Salteado rústico, embalagem de 400g",,2.39,5.98,0,kg,€/Kg,,Tipo de stockagem,https://driveimg1.intermarche.com/pt/Content/images/boitmal/produit/zoom/D2BF04E30820A884E11F497F9EA9FC40.jpg,,,2025-01-08T23:59:59.999999999Z,PROSPECTUS,7,2,,
41078,8718951333420,1250.0,Ajax,"Detergente líquido lava-tudo festa das flores primavera, 1.25 litros",,2.24,1.79,1250,L,€/L,,,https://driveimg1.intermarche.com/pt/Content/images/boitmal/produit/zoom/67E1C6EE2E3883C90BF505A7EA63B51E.jpg,,,2025-01-08T23:59:59.999999999Z,PROSPECTUS,7,2,,
42518,8001841677194,,Dodot,Fralda cueca T5 | 12 a 17 kg,Embalagem com 30 unidades,7.98,7.98,0,,€/Unidade,,,https://driveimg1.intermarche.com/pt/Content/images/boitmal/produit/zoom/CD52966267B9BDE508D8314F6FB7A801.jpg,,,2025-01-08T23:59:59.999999999Z,PROSPECTUS,7,2,,
4335,3600540829160,50.0,Narta men,"Desodorizante roll-on, invisimax",Embalagem de 50 ml,4.49,89.8,50,L,€/L,,,https://driveimg1.intermarche.com/pt/Content/images/boitmal/produit/zoom/A48BB816DCCE142F5DC4F8D9E2CEC850.jpg,,,2025-01-08T23:59:59.999999999Z,PROSPECTUS,7,2,,
4362,3600541221147,200.0,Fructis,Creme tratamento hydra caracóis,Embalagem de 200 ml,3.49,17.45,200,L,€/L,,,https://driveimg1.intermarche.com/pt/Content/images/boitmal/produit/zoom/F41E1F1598E3D0E982BDFB3924B8C2FB.jpg,,,2025-01-08T23:59:59.999999999Z,PROSPECTUS,7,2,,
44665,8711327488069,1000.0,Lipton,"Ice tea pêssego zero açúcar, garrafa de 1l",,1.39,1.39,1000,L,€/L,,,https://driveimg1.intermarche.com/pt/Content/images/boitmal/produit/zoom/622DEE19E0BF974598DA26024FB08C2F.jpg,,,2025-01-08T23:59:59.999999999Z,PROSPECTUS,7,2,,
44702,5053990155354,175.0,Pringles,"Snacks batata sour cream & onion, embalagem de 175g",,2.39,13.66,0,kg,€/Kg,,,https://driveimg1.intermarche.com/pt/Content/images/boitmal/produit/zoom/0C0E56E5BC42C468A1D6A594D5BD0C63.jpg,https://driveimg1.intermarche.com/pt/Content/images/boitmal/produit/zoom/3743B152C095FACA5BB155343DC8A7EE.jpg,https://driveimg1.intermarche.com/pt/Content/images/boitmal/produit/zoom/3743B152C095FACA5BB155343DC8A7EE.jpg,2025-01-08T23:59:59.999999999Z,PROSPECTUS,7,2,https://driveimg1.intermarche.com/pt/Content/images/boitmal/produit/zoom/3743B152C095FACA5BB155343DC8A7EE.jpg,https://driveimg1.intermarche.com/pt/Content/images/boitmal/produit/zoom/3743B152C095FACA5BB155343DC8A7EE.jpg
44730,3083681122312,750.0,Bonduelle,"Salteado do campo, embalagem de 750g",,4.25,5.67,0,kg,€/Kg,,Tipo de stockagem,https://driveimg1.intermarche.com/pt/Content/images/boitmal/produit/zoom/5C79A9ADE266240E779C75965887A3A9.jpg,,,2025-01-08T23:59:59.999999999Z,PROSPECTUS,7,2,,
44764,5606669238249,700.0,Brasmar,"Caldeirada de peixe, 700g",,4.75,6.79,0,kg,€/Kg,,Tipo de stockagem,https://driveimg1.intermarche.com/pt/Content/images/boitmal/produit/zoom/8C49F805F8BDC217ACA870CA35D0FEE0.jpg,,,2025-01-08T23:59:59.999999999Z,PROSPECTUS,7,2,,
44765,5606669246152,800.0,Brasmar,"Prepar arroz marisco sem gluten, 800g",,5.99,7.49,0,kg,€/Kg,,Tipo de stockagem,https://driveimg1.intermarche.com/pt/Content/images/boitmal/produit/zoom/CD791D1D70BEE453DB7DDD0679C9766D.jpg,,,2025-01-08T23:59:59.999999999Z,PROSPECTUS,7,2,,
45773,5054563087829,75.0,Aquafresh,"Pasta dentífrica eucalipto, lima e menta",Embalagem de 75ml,1.85,24.67,75,L,€/L,,,https://driveimg1.intermarche.com/pt/Content/images/boitmal/produit/zoom/1F94A046F2A6C727F7B6BE2D468B428F.jpg,,,2025-01-08T23:59:59.999999999Z,PROSPECTUS,7,2,,
46162,3083681106480,400.0,Bonduelle,"Salteado parisino, embalagem de 400g",,2.59,6.48,0,kg,€/Kg,,Tipo de stockagem,https://driveimg1.intermarche.com/pt/Content/images/boitmal/produit/zoom/4DE85AF2C08839F22568D1C815770BA6.jpg,,,2025-01-08T23:59:59.999999999Z,PROSPECTUS,7,2,,
46228,7613287530813,300.0,Nestlé,Cereais chocolate,Embalagem de 300g,1.94,6.47,0,kg,€/Kg,,,https://driveimg1.intermarche.com/pt/Content/images/boitmal/produit/zoom/F97E591C38F55CB2175E550B1869F227.jpg,,,2025-01-08T23:59:59.999999999Z,PROSPECTUS,7,2,,
46715,5604260318759,,PorSi,Papel higiénico branco folha quadrupla,12 rolos,5.03,5.03,0,,€/Unidade,,,https://driveimg1.intermarche.com/pt/Content/images/boitmal/produit/zoom/71B84E02290AD35D82ACC6CF2D01690A.jpg,,,2025-01-08T23:59:59.999999999Z,PROSPECTUS,7,2,,
46788,5604260319596,,PorSi,Papel higiénico acolchoado folha tripla,Embalagem de 9 rolos,4.49,4.49,0,,€/Unidade,,,https://driveimg1.intermarche.com/pt/Content/images/boitmal/produit/zoom/57B1963333803CB13989FA0FC627B14F.jpg,,,2025-01-08T23:59:59.999999999Z,PROSPECTUS,7,2,,
47145,5601008201120,200.0,Vieira,"Sortido princesa, embalagem de 200g",,2.09,10.45,0,kg,€/Kg,,,https://driveimg1.intermarche.com/pt/Content/images/boitmal/produit/zoom/C6A3ABED1C8504402615C3B1B3027054.jpg,,,2025-01-08T23:59:59.999999999Z,PROSPECTUS,7,2,,
483,3033710046645,400.0,Nestlé,"Fruta para bebé maçã manga +6 meses, embalagem de 4 x 100g",,2.44,6.1,0,kg,€/Kg,,,https://driveimg1.intermarche.com/pt/Content/images/boitmal/produit/zoom/B957252E4468B4428B54FDF0DEC950C2.jpg,,,2025-01-08T23:59:59.999999999Z,PROSPECTUS,7,2,,
48737,7613287785886,100.0,Yogolino,Nestle yogolino alimento lacteo banana +6m 90g,Embalagem de 100g,0.95,9.5,0,kg,€/Kg,,,https://driveimg1.intermarche.com/pt/Content/images/boitmal/produit/zoom/91B503F7B2097A66BF911F102857520B.jpg,,,2025-01-08T23:59:59.999999999Z,PROSPECTUS,7,2,,
50378,7613031300655,375.0,Nestlé,"Cereais Nestlé Multicheerios, 375g",,3.74,9.97,0,kg,€/Kg,,,https://driveimg1.intermarche.com/pt/Content/images/boitmal/produit/zoom/8274ECF7D20252BA262D6F0987D5E737.jpg,,,2025-01-08T23:59:59.999999999Z,PROSPECTUS,7,2,,
50629,5603722521454,1208.0,Mimosa,"Iogurte magro liquido de morango e framboesa, 8 x 151ml",,3.09,2.56,1208,L,€/L,,,https://driveimg1.intermarche.com/pt/Content/images/boitmal/produit/zoom/AB607BD866F448FA21D3247580B1F4C6.jpg,,,2025-01-08T23:59:59.999999999Z,PROSPECTUS,7,2,,
50954,8006540767689,,Fairy,Detergente Loiça Máquina Ultra,53 pastilhas,13.99,13.99,0,,€/Unidade,,,https://driveimg1.intermarche.com/pt/Content/images/boitmal/produit/zoom/B8715491007747823440062BA929A0DC.jpg,,,2025-01-08T23:59:59.999999999Z,PROSPECTUS,7,2,,
5096,5601050026429,300.0,Danonino Danone,"Queijinho danonino petitdino de morango/banana, embalagem de 6 x 50g",,1.99,6.63,0,kg,€/Kg,,,https://driveimg1.intermarche.com/pt/Content/images/boitmal/produit/zoom/FA8D1A9125B498992C62B9745CC5DD3D.jpg,,,2025-01-08T23:59:59.999999999Z,PROSPECTUS,7,2,,
51045,8410436430333,,Persil,Detergente máquina roupa 4 em 1 cores,40 cápsulas,9.99,9.99,0,,€/Unidade,,,https://driveimg1.intermarche.com/pt/Content/images/boitmal/produit/zoom/A4CD99179E6F027B25DC7D76AB24FFD6.jpg,,,2025-01-08T23:59:59.999999999Z,PROSPECTUS,7,2,,
51383,8434165608023,150.0,Cuétara,Cuet marinheiros chia-quinoa-lin *9,Embalagem de 150g,1.49,9.93,0,kg,€/Kg,,,https://driveimg1.intermarche.com/pt/Content/images/boitmal/produit/zoom/12296D3DBC6CE8CBB7918AE72A6F0B1F.jpg,,,2025-01-08T23:59:59.999999999Z,PROSPECTUS,7,2,,
51751,8720181338502,435.0,Cif,"Spray remove bolores, 435 ml",,2.49,5.72,435,L,€/L,,,https://driveimg1.intermarche.com/pt/Content/images/boitmal/produit/zoom/380C503403FDBF9BBCD37132FDE8F56E.jpg,,,2025-01-08T23:59:59.999999999Z,PROSPECTUS,7,2,,
51917,8410500020644,280.0,Danone,Iogurte infantil danonino morango banana 4x70g,,2.14,7.64,0,kg,€/Kg,,,https://driveimg1.intermarche.com/pt/Content/images/boitmal/produit/zoom/3220973BC3DB4CAD23E73E6374D1D5D5.jpg,,,2025-01-08T23:59:59.999999999Z,PROSPECTUS,7,2,,
51955,5601151966518,1000.0,Compal,"Clássico néctar maçã, embalagem de 1 l",,1.19,1.19,1000,L,€/L,,,https://driveimg1.intermarche.com/pt/Content/images/boitmal/produit/zoom/AAC2B38FB8DA9D096749B1C613B9605A.jpg,,,2025-01-08T23:59:59.999999999Z,PROSPECTUS,7,2,,
52297,3023290072134,160.0,Lindahls,"Iogurte sólido proteico pêssego maracujá, embalagem de 160 g",,1.09,6.81,0,kg,€/Kg,,,https://driveimg1.intermarche.com/pt/Content/images/boitmal/produit/zoom/8E044D245812210B87881DDCE4C62971.jpg,,,2025-01-08T23:59:59.999999999Z,PROSPECTUS,7,2,,
52299,3023290072035,160.0,Lindahls,"Iogurte sólido proteico morango lima, embalagem de 160 g",,1.09,6.81,0,kg,€/Kg,,,https://driveimg1.intermarche.com/pt/Content/images/boitmal/produit/zoom/3FA8DBA052D28654C7C833F137C987A5.jpg,,,2025-01-08T23:59:59.999999999Z,PROSPECTUS,7,2,,
5243,5601151170755,410.0,Compal,"Feijão preto, lata de 410 ml",,1.09,2.66,410,L,€/L,,,https://driveimg1.intermarche.com/pt/Content/images/boitmal/produit/zoom/DF73EAA1B2C44B1F4CECF535DE17EB7C.jpg,,,2025-01-08T23:59:59.999999999Z,PROSPECTUS,7,2,,
52837,5606439001660,100.0,Rialto,"Croutons redondos naturais, 100g",,0.84,8.4,0,kg,€/Kg,,,https://driveimg1.intermarche.com/pt/Content/images/boitmal/produit/zoom/9BCCB5F2084CA873785B77BC370E8921.jpg,,,2025-01-08T23:59:59.999999999Z,PROSPECTUS,7,2,,
52934,5603722522550,600.0,Agros,"Bebida láctea café, 3 x 200ml",,1.85,3.08,600,L,€/L,,,https://driveimg1.intermarche.com/pt/Content/images/boitmal/produit/zoom/933624CF1FEE0BDFC20D8185815B8800.jpg,,,2025-01-08T23:59:59.999999999Z,PROSPECTUS,7,2,,
53021,8445290502476,85.0,Purina Gourmet,"Comida Húmida para Gato Delícias Suculentas Frango, 85g",,0.87,10.24,0,kg,€/Kg,,,https://driveimg1.intermarche.com/pt/Content/images/boitmal/produit/zoom/3A51A0F14BC4724833E1E109F79F3E4E.jpg,https://driveimg1.intermarche.com/pt/Content/images/boitmal/produit/zoom/DF2FEBDB05BF47D3015BFCA5E9C4EC1B.jpg,https://driveimg1.intermarche.com/pt/Content/images/boitmal/produit/zoom/DF2FEBDB05BF47D3015BFCA5E9C4EC1B.jpg,2025-01-08T23:59:59.999999999Z,PROSPECTUS,7,2,,
53232,8445290759207,600.0,Nesquik,"Achocolatado em Pó, 600g",,3.99,6.65,0,kg,€/Kg,,,https://driveimg1.intermarche.com/pt/Content/images/boitmal/produit/zoom/8142D9ABDD247C983EB9286F596F2E87.jpg,https://driveimg1.intermarche.com/pt/Content/images/boitmal/produit/zoom/1E8F61743B1B3F44416834AAF4EBE584.jpg,https://driveimg1.intermarche.com/pt/Content/images/boitmal/produit/zoom/1E8F61743B1B3F44416834AAF4EBE584.jpg,2025-01-08T23:59:59.999999999Z,PROSPECTUS,7,2,https://driveimg1.intermarche.com/pt/Content/images/boitmal/produit/zoom/1E8F61743B1B3F44416834AAF4EBE584.jpg,
54538,8006540763582,,Fairy,"Detergente Máquina Loiça Pastilhas Original Tudo em 1 Limão, 71D",,13.99,13.99,0,,€/Unidade,,,https://driveimg1.intermarche.com/pt/Content/images/boitmal/produit/zoom/937EB01E1BF93392425BD6CC2ABF2650.jpg,,,2025-01-08T23:59:59.999999999Z,PROSPECTUS,7,2,,
5806,5604260055845,2000.0,PorSi,Lixivia perfumada,Garrafa de 2 l,1.19,0.6,2000,L,€/L,,,https://driveimg1.intermarche.com/pt/Content/images/boitmal/produit/zoom/D3C8A34DE2760DD39F6CC21A071491A4.jpg,,,2025-01-08T23:59:59.999999999Z,PROSPECTUS,7,2,,
5927,5604260256914,2000.0,PorSi,"Lava Tudo Perfumado Herbal, embalagem de 2 l",,0.99,0.5,2000,L,€/L,,,https://driveimg1.intermarche.com/pt/Content/images/boitmal/produit/zoom/D0BC6E0F8FB6EE1D6C3B7DBC82D3AD1E.jpg,,,2025-01-08T23:59:59.999999999Z,PROSPECTUS,7,2,,
6267,8016825926687,75.0,Aquafresh,Pasta dentífrica menta fresca,Embalagem de 75 ml,1.85,24.67,75,L,€/L,,,https://driveimg1.intermarche.com/pt/Content/images/boitmal/produit/zoom/5AF61545461116CEF40994D7E37A4C54.jpg,,,2025-01-08T23:59:59.999999999Z,PROSPECTUS,7,2,,
7143,2895066000000,1100.0,Paiva,Queijo Curado Amanteigado,"1 un = 1,1 kg (aprox.)",10.88,9.89,0,,€/Kg,,,https://driveimg1.intermarche.com/pt/Content/images/boitmal/produit/zoom/40A4EED51E63B3C8D3B6401ED95BDDC3.jpg,,,2025-01-08T23:59:59.999999999Z,PROSPECTUS,7,2,,
7244,3073781050196,140.0,A Vaca Que Ri,"Queijo em palitos, embalagem de 140g",,1.99,14.21,0,kg,€/Kg,,,https://driveimg1.intermarche.com/pt/Content/images/boitmal/produit/zoom/59688D92D0C575A8192F1081AFBE3DC1.jpg,,,2025-01-08T23:59:59.999999999Z,PROSPECTUS,7,2,,
8397,5601050016017,600.0,Danone,"Danacol morango, embalagem de 6 x 100 g",,2.99,4.98,0,kg,€/Kg,,,https://driveimg1.intermarche.com/pt/Content/images/boitmal/produit/zoom/F76543BD64340CC9668C447CAE3F75A1.jpg,,,2025-01-08T23:59:59.999999999Z,PROSPECTUS,7,2,,
9299,5603722497254,1500.0,Pleno,"Tisana chá de cidreira e tília, garrafa de 1,5 l",,1.59,1.06,1500,L,€/L,,,https://driveimg1.intermarche.com/pt/Content/images/boitmal/produit/zoom/192748706F742E810B6FDFE78ABDE277.jpg,,,2025-01-08T23:59:59.999999999Z,PROSPECTUS,7,2,,
931,5601001228100,300.0,Nestum,Nestum flocos de cereais com mel,Embalagem de 300g,2.24,7.47,0,kg,€/Kg,,,https://driveimg1.intermarche.com/pt/Content/images/boitmal/produit/zoom/82B368094FF4C269D04DE75FB30D7775.jpg,,,2025-01-08T23:59:59.999999999Z,PROSPECTUS,7,2,,
9311,5603722502064,250.0,Mimosa,"Manteiga fácil de barrar, embalagem de 250g",,2.09,8.36,0,kg,€/Kg,,,https://driveimg1.intermarche.com/pt/Content/images/boitmal/produit/zoom/FEF75CFD36A5CE8709DF5D4930F11917.jpg,https://driveimg1.intermarche.com/pt/Content/images/boitmal/produit/zoom/A8C47E9F1F12DFE2439D3530C38E2D87.jpg,https://driveimg1.intermarche.com/pt/Content/images/boitmal/produit/zoom/2EE410FD3A0147BBB442FA96902FFF46.jpg,2025-01-08T23:59:59.999999999Z,PROSPECTUS,7,2,,
9315,5603722509544,1000.0,Mimosa,"Leite 0% lactose magro, de 1l",,1.14,1.14,1000,L,€/L,,,https://driveimg1.intermarche.com/pt/Content/images/boitmal/produit/zoom/0350D0DE44A653A9AB01722B06443E94.jpg,https://driveimg1.intermarche.com/pt/Content/images/boitmal/produit/zoom/DC5219EC1E15E09529E323B7D196FADA.jpg,https://driveimg1.intermarche.com/pt/Content/images/boitmal/produit/zoom/DC48BFFA4281D8016E9FB40168ED4485.jpg,2025-01-08T23:59:59.999999999Z,PROSPECTUS,7,2,,
944,5601001339301,200.0,Nestlé,"Mistura solúvel mokambo, embalagem de 200g",,4.19,20.95,0,kg,€/Kg,,,https://driveimg1.intermarche.com/pt/Content/images/boitmal/produit/zoom/7654D4A8AEB526591EE0FD0D1A7BE478.jpg,,,2025-01-08T23:59:59.999999999Z,PROSPECTUS,7,2,,
986,5601029001273,120.0,Pitéu,"Lulas recheadas, embalagem de 120g",,2.16,18.0,0,kg,€/Kg,,,https://driveimg1.intermarche.com/pt/Content/images/boitmal/produit/zoom/9698C20F36BF6990D59E676F8A1CB41D.jpg,,,2025-01-08T23:59:59.999999999Z,PROSPECTUS,7,2,,
989,5601029004014,120.0,Bom Petisco,"Atum posta em óleo, embalagem de 120g",,1.18,9.83,0,kg,€/Kg,,,https://driveimg1.intermarche.com/pt/Content/images/boitmal/produit/zoom/0EDE399096BE62933DCF2A734D746C1A.jpg,,,2025-01-08T23:59:59.999999999Z,PROSPECTUS,7,2,,
41822,7613039868300,270.0,Nestlé,Cereais estrelitas,Embalagem de 270 g,1.79,6.63,0,kg,€/Kg,,,https://driveimg1.intermarche.com/pt/Content/images/boitmal/produit/zoom/8ED5B2AE951DD00B9C8D9B0148834738.jpg,,,2025-01-08T23:59:59.999999999Z,PROSPECTUS,7,2,,
5925,5604260256891,2000.0,PorSi,"Lava Tudo Perfumado Floral, embalagem de 2 l",,0.99,0.5,2000,L,€/L,,,https://driveimg1.intermarche.com/pt/Content/images/boitmal/produit/zoom/F01E0A9A550FA76DA5066F589EA8BBFA.jpg,,,2025-01-08T23:59:59.999999999Z,PROSPECTUS,7,2,,
13844,2891011000000,800.0,Novilho,Carne p/ Assar,Vendido ao peso a partir de 800 g,7.67,9.59,0,,€/Kg,,,https://driveimg1.intermarche.com/pt/Content/images/boitmal/produit/zoom/142925C351A68598D5F08763C55C20FE.jpg,,,2025-01-08T23:59:59.999999999Z,PROSPECTUS,7,2,,
36708,5604260296767,250.0,PorSi,Queijo fresco clássico,Embalagem de 4 x 62.5 g,1.99,7.96,0,kg,€/Kg,,,https://driveimg1.intermarche.com/pt/Content/images/boitmal/produit/zoom/808A63EFAEF8DEF4BD0506202DEB45EF.jpg,,,2025-01-08T23:59:59.999999999Z,PROSPECTUS,7,2,,
13896,2891049000000,1000.0,Porco,Fígado,Vendido ao peso a partir de 1 kg,2.99,2.99,0,,€/Kg,,,https://driveimg1.intermarche.com/pt/Content/images/boitmal/produit/zoom/5F0E3D04B0DBB043B98FC650B4149C34.jpg,,,2025-01-08T23:59:59.999999999Z,PROSPECTUS,7,2,,
1035,5601045105313,6000.0,Serra da estrela,"Água mineral sem gás, pack 4 x 1.5 l",,1.79,0.3,6000,L,€/L,,,https://driveimg1.intermarche.com/pt/Content/images/boitmal/produit/zoom/0358268AAE386D7F610EBE003FAAE9E0.jpg,,,2025-01-08T23:59:59.999999999Z,PROSPECTUS,7,2,,
5272,5601164902312,4800.0,Super Bock,"Cerveja com álcool, pack 24 x 0.20 l",,9.99,2.08,4800,L,€/L,,,https://driveimg1.intermarche.com/pt/Content/images/boitmal/produit/zoom/A98E5FF8E5DDF166F2B333F0EE0114E7.jpg,https://driveimg1.intermarche.com/pt/Content/images/boitmal/produit/zoom/C2C2858ADC421F33AF17C6115D108100.jpg,,2025-01-08T23:59:59.999999999Z,PROSPECTUS,7,2,,
49762,5601050037562,460.0,Danone,"Iogurte com cereais activia, 4x115g",,2.39,5.2,0,kg,€/Kg,,,https://driveimg1.intermarche.com/pt/Content/images/boitmal/produit/zoom/51EAF4A53D8366A31634F35574981BCB.jpg,,,2025-01-08T23:59:59.999999999Z,PROSPECTUS,7,2,,
16022,5601146703609,5000.0,Sagres,Cerveja Mini,20 x 0.25 l,9.99,2.0,5000,L,€/L,,,https://driveimg1.intermarche.com/pt/Content/images/boitmal/produit/zoom/DB02895A50A259FB6B3AB495851D234D.jpg,,,2025-01-08T23:59:59.999999999Z,PROSPECTUS,7,2,,
44701,5053990156009,175.0,Pringles,"Snacks batata original, embalagem de 175g",,2.39,13.66,0,kg,€/Kg,,,https://driveimg1.intermarche.com/pt/Content/images/boitmal/produit/zoom/BE87AADF1BA674A5818FDF008937F90A.jpg,https://driveimg1.intermarche.com/pt/Content/images/boitmal/produit/zoom/843E1395B62C4B40E91467CF90852642.jpg,https://driveimg1.intermarche.com/pt/Content/images/boitmal/produit/zoom/843E1395B62C4B40E91467CF90852642.jpg,2025-01-08T23:59:59.999999999Z,PROSPECTUS,7,2,https://driveimg1.intermarche.com/pt/Content/images/boitmal/produit/zoom/843E1395B62C4B40E91467CF90852642.jpg,
17873,8718951037885,500.0,Ajax,"Limpa vidros recarga tripla ação, 500 ml",,1.79,3.58,500,L,€/L,,,https://driveimg1.intermarche.com/pt/Content/images/boitmal/produit/zoom/D0A7A0C399BF07DEEA9FD446034A3D4F.jpg,,,2025-01-08T23:59:59.999999999Z,PROSPECTUS,7,2,,
15879,5601164902282,3000.0,Super Bock,"Cerveja com álcool mini, pack 15 x 0.20 l",,6.99,2.33,3000,L,€/L,,,https://driveimg1.intermarche.com/pt/Content/images/boitmal/produit/zoom/F51CB7668EA2A2D5B4B811ABB528133B.jpg,,,2025-01-08T23:59:59.999999999Z,PROSPECTUS,7,2,,
28640,5054563030948,75.0,Aquafresh,Dentífrico Tripla Proteção,Embalagem de 75 ml,1.85,24.67,75,L,€/L,,,https://driveimg1.intermarche.com/pt/Content/images/boitmal/produit/zoom/3F822B9D22CAC67DC8DBD8698E3FBBBD.jpg,,,2025-01-08T23:59:59.999999999Z,PROSPECTUS,7,2,,
8391,5601049159992,1000.0,Mimosa,"Leite especial cálcio + vitamina d magro, de 1l",,0.98,0.98,1000,L,€/L,,,https://driveimg1.intermarche.com/pt/Content/images/boitmal/produit/zoom/22E6964D6A2F2B922BCB40BB341AE902.jpg,,,2025-01-08T23:59:59.999999999Z,PROSPECTUS,7,2,,
1328,5601165005760,15.0,Lipton,"10 saquetas infusão de cidreira, embalagem de 20g",,0.74,49.33,0,kg,€/Kg,,,https://driveimg1.intermarche.com/pt/Content/images/boitmal/produit/zoom/8EA72609B2FBFE9A06C9099CA2FDB5E1.jpg,,,2025-01-08T23:59:59.999999999Z,PROSPECTUS,7,2,,
1468,5601286250780,500.0,Milaneza,"Massa maçarronete riscado, embalagem de 500g",,1.04,2.08,0,kg,€/Kg,,,https://driveimg1.intermarche.com/pt/Content/images/boitmal/produit/zoom/BA4109E5185276DFC6B9D6597899335A.jpg,,,2025-01-08T23:59:59.999999999Z,PROSPECTUS,7,2,,
9255,5603124024140,545.0,Mistolin,"Tira gorduras recarga, de 550 ml",,2.34,4.29,545,L,€/L,,,https://driveimg1.intermarche.com/pt/Content/images/boitmal/produit/zoom/687EAA7C10E8372C470B9350CC205D49.jpg,,,2025-01-08T23:59:59.999999999Z,PROSPECTUS,7,2,,
1274,5601151070758,410.0,Compal,"Feijão manteiga, lata de 410 ml",,1.09,2.66,410,L,€/L,,,https://driveimg1.intermarche.com/pt/Content/images/boitmal/produit/zoom/F168BC675838A1B24B473123F714EAB2.jpg,,,2025-01-08T23:59:59.999999999Z,PROSPECTUS,7,2,,
49763,5601050037579,460.0,Danone,"Iogurte activia fibras aveia & frutos secos, 4x115g",,2.39,5.2,0,kg,€/Kg,,,https://driveimg1.intermarche.com/pt/Content/images/boitmal/produit/zoom/D3105D0A7021B60785802EF13F61AE8F.jpg,,,2025-01-08T23:59:59.999999999Z,PROSPECTUS,7,2,,
51113,8720181262784,500.0,Cif,"Limpa casa banho spray higiene c/ lixívia, 500 ml",,1.99,3.98,500,L,€/L,,,https://driveimg1.intermarche.com/pt/Content/images/boitmal/produit/zoom/8CA4C0BAC8A169ADEC56BAD426803345.jpg,,,2025-01-08T23:59:59.999999999Z,PROSPECTUS,7,3,,
9300,5603722497261,1500.0,Pleno,"Tisana chá verde/limão, garrafa de 1,5 l",,1.59,1.06,1500,L,€/L,,,https://driveimg1.intermarche.com/pt/Content/images/boitmal/produit/zoom/7EF2B204E50EAE71668E7C4A97DD36C7.jpg,,,2025-01-08T23:59:59.999999999Z,PROSPECTUS,7,3,,
17892,5601082039800,220.0,Delta Q,Café xl qalidus cápsulas,Embalagem de 220g,15.49,70.41,0,kg,€/Kg,,,https://driveimg1.intermarche.com/pt/Content/images/boitmal/produit/zoom/CC1942C4B68078F0368F602F327C039D.jpg,,,2025-01-08T23:59:59.999999999Z,PROSPECTUS,7,3,,
2518,7613033814693,400.0,Nestlé,"Fruta para bebé 7 frutos +6 meses, embalagem de 4 x 100g",,2.44,6.1,0,kg,€/Kg,,,https://driveimg1.intermarche.com/pt/Content/images/boitmal/produit/zoom/18CF4010C8E037B64FBADB6A5A35AF8F.jpg,,,2025-01-08T23:59:59.999999999Z,PROSPECTUS,7,3,,
25262,5000116112166,208.0,Capitão Iglo,"10 nuggets de frango, embalagem de 210g",,2.99,14.38,0,kg,€/Kg,,Tipo de stockagem,https://driveimg1.intermarche.com/pt/Content/images/boitmal/produit/zoom/CF1467DF1CD91C352F5C2C303E0557A7.jpg,,,2025-01-08T23:59:59.999999999Z,PROSPECTUS,7,3,,
44914,5601119345379,160.0,Nobre,"Vegalia especialidade vegetariana de soja, lata com 8 unidades",,2.09,13.06,0,kg,€/Kg,,,https://driveimg1.intermarche.com/pt/Content/images/boitmal/produit/zoom/8AC478A6669D2DB4609CB7280CA417C4.jpg,,,2025-01-08T23:59:59.999999999Z,PROSPECTUS,7,3,,
939,5601001315107,200.0,Nestlé,"Mistura solúvel tofina despertar, embalagem de 200g",,2.89,14.45,0,kg,€/Kg,,,https://driveimg1.intermarche.com/pt/Content/images/boitmal/produit/zoom/CC5A47735407D4C3B415883C0C674337.jpg,,,2025-01-08T23:59:59.999999999Z,PROSPECTUS,7,3,,
15810,3094900059593,75.0,Aquafresh,Pasta Dentífrica Menta Suave,Embalagem de 75 ml,1.85,24.67,75,L,€/L,,,https://driveimg1.intermarche.com/pt/Content/images/boitmal/produit/zoom/23BC1431AAB789532FD2967AA69D21DC.jpg,,,2025-01-08T23:59:59.999999999Z,PROSPECTUS,7,3,,
17523,2891246000000,1000.0,Porco,Pá York c/ Osso c/ Couro,Vendido ao peso a partir de 1 kg,4.08,4.08,0,,€/Kg,,,https://driveimg1.intermarche.com/pt/Content/images/boitmal/produit/zoom/B1774B7150E1E65399A00A5F3DC93922.jpg,,,2025-01-08T23:59:59.999999999Z,PROSPECTUS,7,3,,
24410,8710908859502,750.0,Cif,"Spray power&shine multiusos com lixívia, de 750 ml",,2.69,3.59,750,L,€/L,,,https://driveimg1.intermarche.com/pt/Content/images/boitmal/produit/zoom/BC1FC8E39B43E72D32F4657C6D001534.jpg,,,2025-01-08T23:59:59.999999999Z,PROSPECTUS,7,3,,
26062,5601082041742,220.0,Delta,Café moagem universal timor,Embalagem de 220g,2.89,13.14,0,kg,€/Kg,,,https://driveimg1.intermarche.com/pt/Content/images/boitmal/produit/zoom/1A3EA6EE2397FA350913A71DB568B354.jpg,,,2025-01-08T23:59:59.999999999Z,PROSPECTUS,7,3,,
45405,3023290053508,150.0,Lindahls,"Pudim de baunilha + proteína, 150g",,1.69,11.27,0,kg,€/Kg,,,https://driveimg1.intermarche.com/pt/Content/images/boitmal/produit/zoom/CD482C5BF61320A2B85EA62D20469CB9.jpg,,,2025-01-08T23:59:59.999999999Z,PROSPECTUS,7,3,,
1287,5601151260753,410.0,Compal,"Grão de bico, lata de 410 ml",,1.09,2.66,410,L,€/L,,,https://driveimg1.intermarche.com/pt/Content/images/boitmal/produit/zoom/731C3C517063722402F07A7D8ECB2B92.jpg,,,2025-01-08T23:59:59.999999999Z,PROSPECTUS,7,3,,
18079,5601066400923,180.0,Nacional,"Bolacha shortcake, embalagem de 180g",,1.24,6.89,0,kg,€/Kg,,,https://driveimg1.intermarche.com/pt/Content/images/boitmal/produit/zoom/4B79AC637369F03F42CAF309849AA6E9.jpg,,,2025-01-08T23:59:59.999999999Z,PROSPECTUS,7,3,,
19046,5000116110414,480.0,Capitão Iglo,"8 hamburguers sem glúten frango, embalagem de 480g",,7.99,16.65,0,kg,€/Kg,,Tipo de stockagem,https://driveimg1.intermarche.com/pt/Content/images/boitmal/produit/zoom/B74DC0C9C4A898B602612BD394B808F5.jpg,,,2025-01-08T23:59:59.999999999Z,PROSPECTUS,7,3,,
20512,5601070000539,500.0,Cristal,"Vinagre de sidra, garrafa de 500 ml",,0.89,1.78,500,L,€/L,,,https://driveimg1.intermarche.com/pt/Content/images/boitmal/produit/zoom/088D2E6C27D5043C18AD10EB75A50F4E.jpg,,,2025-01-08T23:59:59.999999999Z,PROSPECTUS,7,3,,
37992,5601027943551,650.0,Bimbo,"Pão de forma sem côdea 10 cereais, embalagem 650 g",,2.29,3.52,0,kg,€/Kg,,,https://driveimg1.intermarche.com/pt/Content/images/boitmal/produit/zoom/7704A462544713D57921F589D2B7493D.jpg,,,2025-01-08T23:59:59.999999999Z,PROSPECTUS,7,3,,
49761,8410500024574,460.0,Danone,"Iogurte bifidus activia chia amêndoa 0%, embalagem 4x120g",,2.39,5.2,0,kg,€/Kg,,,https://driveimg1.intermarche.com/pt/Content/images/boitmal/produit/zoom/3B9FB91C5154914AE2B2128ACA4CA281.jpg,,,2025-01-08T23:59:59.999999999Z,PROSPECTUS,7,3,,
5807,5604260055852,2000.0,PorSi,Lixívia com detergente,Embalagem de 2 l,1.19,0.6,2000,L,€/L,,,https://driveimg1.intermarche.com/pt/Content/images/boitmal/produit/zoom/5F470598FD01ED421660D86CAC111329.jpg,,,2025-01-08T23:59:59.999999999Z,PROSPECTUS,7,3,,
16493,8718951037939,500.0,Ajax,"Limpa vidros pistola, cristal, embalagem de 500 ml",,1.97,3.94,500,L,€/L,,,https://driveimg1.intermarche.com/pt/Content/images/boitmal/produit/zoom/B2152E81252C8B3ECCDB87063FC44E64.jpg,,,2025-01-08T23:59:59.999999999Z,PROSPECTUS,7,3,,
41895,5000116125784,220.0,Capitão Iglo,"12 nuggets frango polme americano, embalagem de 220g",,2.99,13.59,0,kg,€/Kg,,Tipo de stockagem,https://driveimg1.intermarche.com/pt/Content/images/boitmal/produit/zoom/E342C1C812C93A809F88301C9A1AFE84.jpg,,,2025-01-08T23:59:59.999999999Z,PROSPECTUS,7,3,,
44797,5601151971444,1000.0,Pepsi,"Refrigerante com gás lima, garrafa de 1l",,0.99,0.99,1000,L,€/L,,,https://driveimg1.intermarche.com/pt/Content/images/boitmal/produit/zoom/F6139B7864676362B5646663C891FB0D.jpg,,,2025-01-08T23:59:59.999999999Z,PROSPECTUS,7,3,,
44804,3023290048924,150.0,Lindahls,"Pudim de chocolate + proteína, 150g",,1.69,11.27,0,kg,€/Kg,,,https://driveimg1.intermarche.com/pt/Content/images/boitmal/produit/zoom/989B5F16D9E5F4A7EB2B3AE42115DF4A.jpg,,,2025-01-08T23:59:59.999999999Z,PROSPECTUS,7,3,,
28507,8006540618752,,Dodot,Fraldas Bebé Seco Extra +14kg T6,Embalagem c/ 48 un.,13.49,13.49,0,,€/Unidade,,,https://driveimg1.intermarche.com/pt/Content/images/boitmal/produit/zoom/3B2C8C276E6D8600A83CC88CD26B6A19.jpg,,,2025-01-08T23:59:59.999999999Z,PROSPECTUS,7,3,,
43520,8411300478116,400.0,Elvive,Champô argila cabelos normais,Embalagem com 400ml,3.99,9.98,400,L,€/L,,,https://driveimg1.intermarche.com/pt/Content/images/boitmal/produit/zoom/638A557615C1C43E87F50B5AF3FB796E.jpg,,,2025-01-08T23:59:59.999999999Z,PROSPECTUS,7,3,,
50630,5603722521461,1208.0,Mimosa,"Iogurte magro liquido de ananas e manga, 8x151ml",,3.09,2.56,1208,L,€/L,,,https://driveimg1.intermarche.com/pt/Content/images/boitmal/produit/zoom/391469C60827762112BDD90CD5A7ACC1.jpg,,,2025-01-08T23:59:59.999999999Z,PROSPECTUS,7,3,,
51516,5000204242676,750.0,Pato,"Líquido Sanitário Biodegradável, 750 ml",,1.69,2.25,750,L,€/L,,,https://driveimg1.intermarche.com/pt/Content/images/boitmal/produit/zoom/8C1893E905FC06A67CD929B9867A4141.jpg,,,2025-01-08T23:59:59.999999999Z,PROSPECTUS,7,3,,
10842,2895207000000,250.0,Santiago,Queijo 3 Igrejas Cura 2m Pimentão,Vendido ao peso a partir de 250 gr,3.0,11.99,0,,€/Kg,,,https://driveimg1.intermarche.com/pt/Content/images/boitmal/produit/zoom/2F11F4EC63EB49EF2522FB61028743A0.jpg,,,2025-01-08T23:59:59.999999999Z,PROSPECTUS,7,3,,
11503,5601050019100,600.0,Danone,"Danacol frutos exóticos, embalagem de 6 x 100 g",,2.99,4.98,0,kg,€/Kg,,,https://driveimg1.intermarche.com/pt/Content/images/boitmal/produit/zoom/2A16EAD58E7A10ECD338C77C33D25273.jpg,,,2025-01-08T23:59:59.999999999Z,PROSPECTUS,7,3,,
11960,5603722505300,250.0,Mimosa,"Manteiga magra, embalagem de 250g",,1.99,7.96,0,kg,€/Kg,,,https://driveimg1.intermarche.com/pt/Content/images/boitmal/produit/zoom/C74CBDA10A089507D586E060E46ABF03.jpg,https://driveimg1.intermarche.com/pt/Content/images/boitmal/produit/zoom/C2F91C79228A3ADF27E4AEC55908D66D.jpg,https://driveimg1.intermarche.com/pt/Content/images/boitmal/produit/zoom/8234260C017BAB3AE2C659FDE5BBED44.jpg,2025-01-08T23:59:59.999999999Z,PROSPECTUS,7,3,,
1469,5601286251787,500.0,Milaneza,"Massa de maçarrão, embalagem de 500g",,1.04,2.08,0,kg,€/Kg,,,https://driveimg1.intermarche.com/pt/Content/images/boitmal/produit/zoom/684581E08A7B473B6F7C59B6AD72C932.jpg,,,2025-01-08T23:59:59.999999999Z,PROSPECTUS,7,3,,
16693,5601066400916,120.0,Nacional,"Bolacha chocomax mini, embalagem de 120g",,1.04,8.67,0,kg,€/Kg,,,https://driveimg1.intermarche.com/pt/Content/images/boitmal/produit/zoom/3DB56A546076CEE7A0263616FFAC5173.jpg,,,2025-01-08T23:59:59.999999999Z,PROSPECTUS,7,3,,
17114,5000116110148,320.0,Capitão Iglo,"4 hamburguers vaca sem glúten, embalagem de 320g",,4.49,14.03,0,kg,€/Kg,,Tipo de stockagem,https://driveimg1.intermarche.com/pt/Content/images/boitmal/produit/zoom/F31F98EC751272F860D1F790EE53DF35.jpg,,,2025-01-08T23:59:59.999999999Z,PROSPECTUS,7,3,,
2503,7613033156212,85.0,Purina Gourmet,"Comida húmida para gato mousse com salmão, embalagem de 90g",,0.87,10.24,0,kg,€/Kg,,,https://driveimg1.intermarche.com/pt/Content/images/boitmal/produit/zoom/BCD32627F59A029C2931D459EC84583E.jpg,,,2025-01-08T23:59:59.999999999Z,PROSPECTUS,7,3,,
25275,5775345121578,700.0,Sunquick,Concentrado de laranja,Garrafa de 700 ml,5.19,7.41,700,L,€/L,,,https://driveimg1.intermarche.com/pt/Content/images/boitmal/produit/zoom/60CE4BBE254D671FC1E542A0A73849E2.jpg,,,2025-01-08T23:59:59.999999999Z,PROSPECTUS,7,3,,
4236,3600521519479,400.0,Elvive,Champô color-vive,Embalagem de 400 ml,3.99,9.98,400,L,€/L,,,https://driveimg1.intermarche.com/pt/Content/images/boitmal/produit/zoom/B741E6BD8D506F6AF7B6C5B1B3D10A5F.jpg,,,2025-01-08T23:59:59.999999999Z,PROSPECTUS,7,3,,
44664,8711327488052,1000.0,Lipton,"Ice tea limão zero açúcar, garrafa de 1l",,1.39,1.39,1000,L,€/L,,,https://driveimg1.intermarche.com/pt/Content/images/boitmal/produit/zoom/03733E8A9603AAB1349B8892D732D6AA.jpg,,,2025-01-08T23:59:59.999999999Z,PROSPECTUS,7,3,,
45396,5053827176057,600.0,KelloggS,"Cereais krave trésor avelã, embalagem de 600g",,3.89,6.48,0,kg,€/Kg,,,https://driveimg1.intermarche.com/pt/Content/images/boitmal/produit/zoom/22414DB827D28782C0C570A1BF19C3BD.jpg,,,2025-01-08T23:59:59.999999999Z,PROSPECTUS,7,3,,
46518,5000204208856,750.0,Pato,"Líquido sanitário ação total menta, 750 ml",,1.94,2.59,750,L,€/L,,,https://driveimg1.intermarche.com/pt/Content/images/boitmal/produit/zoom/8D02BC7C70B0CBFEDA11FE724DDAAE84.jpg,,,2025-01-08T23:59:59.999999999Z,PROSPECTUS,7,3,,
4716,5000204593242,72.0,Pato,Discos Sanitários Activos Recarga Lima,Embalagem de 2x36 ml,3.49,48.47,72,L,€/L,,,https://driveimg1.intermarche.com/pt/Content/images/boitmal/produit/zoom/6E8BEEF9B9E1E763C6D9B6E49B0D85F6.jpg,,,2025-01-08T23:59:59.999999999Z,PROSPECTUS,7,3,,
47635,8412600018316,300.0,Bimbo,Bimbo® bagels clássico 4 un.,Embalagem de 300g,2.34,7.8,0,kg,€/Kg,,,https://driveimg1.intermarche.com/pt/Content/images/boitmal/produit/zoom/E29B7F13889FE8AF18A9C1C0F8DAA10D.jpg,,,2025-01-08T23:59:59.999999999Z,PROSPECTUS,7,3,,
47648,5601119355378,120.0,Nobre,"Fiambre perna extra braseado finissimas, embalagem de 120g",,1.99,16.58,0,kg,€/Kg,,,https://driveimg1.intermarche.com/pt/Content/images/boitmal/produit/zoom/A268D38DBDCD3538A067D252174C096B.jpg,,,2025-01-08T23:59:59.999999999Z,PROSPECTUS,7,3,,
543,3228881083241,30.0,Lipton,"20 saquetas chá digestão fácil, embalagem de 30g",,2.09,69.67,0,kg,€/Kg,,,https://driveimg1.intermarche.com/pt/Content/images/boitmal/produit/zoom/62C3C7BA99F1F998410EDAE6BAC40CDF.jpg,,,2025-01-08T23:59:59.999999999Z,PROSPECTUS,7,3,,
7140,2895062000000,250.0,Santiago,Queijo tres igrejas cura 2 meses,Vendido ao peso a partir de 250 gr,3.0,11.99,0,,€/Kg,,,https://driveimg1.intermarche.com/pt/Content/images/boitmal/produit/zoom/23C77AA648CADC2DCC87B3557E21073E.jpg,,,2025-01-08T23:59:59.999999999Z,PROSPECTUS,7,3,,
8398,5601050016024,600.0,Danone,"Danacol natural, embalagem de 6 x 100g",,2.99,4.98,0,kg,€/Kg,,,https://driveimg1.intermarche.com/pt/Content/images/boitmal/produit/zoom/E05E5353FD11FB2707504DEA431D86EA.jpg,,,2025-01-08T23:59:59.999999999Z,PROSPECTUS,7,3,,
10091,8410100059839,360.0,Nestlé,"Queijinho petit nesquik, embalagem de 6 x 60g",,2.79,7.75,0,kg,€/Kg,,,https://driveimg1.intermarche.com/pt/Content/images/boitmal/produit/zoom/88B248C453A669F7E350B1DDEC2F3C33.jpg,,,2025-01-08T23:59:59.999999999Z,PROSPECTUS,7,3,,
25906,8412600071144,650.0,Bimbo,"Pão de forma especial torradas s/ côdea, 650g",,2.09,3.22,0,kg,€/Kg,,,https://driveimg1.intermarche.com/pt/Content/images/boitmal/produit/zoom/4F48B1F91D04E92346A1FF1EEEE9277E.jpg,,,2025-01-08T23:59:59.999999999Z,PROSPECTUS,7,3,,
26061,5601082041735,220.0,Delta,Café moagem universal angola,Embalagem de 220g,2.89,13.14,0,kg,€/Kg,,,https://driveimg1.intermarche.com/pt/Content/images/boitmal/produit/zoom/5D337D3866314BE280A581C05FCA725F.jpg,,,2025-01-08T23:59:59.999999999Z,PROSPECTUS,7,3,,
27891,3600523586387,400.0,Elvive,Champô Reconstrutor Dream Long,Embalagem de 400 ml,3.99,9.98,400,L,€/L,,,https://driveimg1.intermarche.com/pt/Content/images/boitmal/produit/zoom/F40EB01B8603C8C6E60C4732FA3B4049.jpg,,,2025-01-08T23:59:59.999999999Z,PROSPECTUS,7,3,,
44795,5601151971437,1000.0,Pepsi,"Refrigerante com gás, garrafa de 1l",,0.99,0.99,1000,L,€/L,,,https://driveimg1.intermarche.com/pt/Content/images/boitmal/produit/zoom/06485FC8AB0FFA567627AA53F8FE6729.jpg,,,2025-01-08T23:59:59.999999999Z,PROSPECTUS,7,3,,
46517,5000204208917,750.0,Pato,"Líquido sanitário ação total pinho, 750 ml",,1.94,2.59,750,L,€/L,,,https://driveimg1.intermarche.com/pt/Content/images/boitmal/produit/zoom/08C17A1F547C898E2E6E9CBB3441BB2A.jpg,,,2025-01-08T23:59:59.999999999Z,PROSPECTUS,7,3,,
1278,5601151123249,1000.0,Bongo,"Néctar de laranja, garrafa de 1l",,1.27,1.27,1000,L,€/L,,,https://driveimg1.intermarche.com/pt/Content/images/boitmal/produit/zoom/672D0A07886BEB39BB9774C402A9D6C9.jpg,,,2025-01-08T23:59:59.999999999Z,PROSPECTUS,7,3,,
15504,5601050031669,480.0,Danone,"Iogurte activia cremoso frutos silvestres,  4 x 120 g",,1.99,4.15,0,kg,€/Kg,,,https://driveimg1.intermarche.com/pt/Content/images/boitmal/produit/zoom/026F552D6926173F10573B7F8F21FD44.jpg,,,2025-01-08T23:59:59.999999999Z,PROSPECTUS,7,3,,
15889,5000116112180,208.0,Capitão Iglo,"10 nuggets de frango com cereais integrais, embalagem de 208 g",,2.99,14.38,0,kg,€/Kg,,Tipo de stockagem,https://driveimg1.intermarche.com/pt/Content/images/boitmal/produit/zoom/A3B56B43D7DCCFA80725BB4E8335CE2C.jpg,,,2025-01-08T23:59:59.999999999Z,PROSPECTUS,7,3,,
18535,5601066400947,180.0,Nacional,"Bolacha shortcake chocolate, embalagem de 180g",,1.24,6.89,0,kg,€/Kg,,,https://driveimg1.intermarche.com/pt/Content/images/boitmal/produit/zoom/CBFE7AF5F924BE5497638A69DF62503A.jpg,,,2025-01-08T23:59:59.999999999Z,PROSPECTUS,7,3,,
24458,5600258596451,750.0,Mistolin,"Tira gorduras dia a dia, de 750 ml",,2.79,3.72,750,L,€/L,,,https://driveimg1.intermarche.com/pt/Content/images/boitmal/produit/zoom/BFC9AA5046634B670383ABF29DB35829.jpg,,,2025-01-08T23:59:59.999999999Z,PROSPECTUS,7,3,,
2780,8410199002303,96.0,Cheetos,"Aperitivos palitos, embalagem de 100g",,1.49,15.52,0,kg,€/Kg,,,https://driveimg1.intermarche.com/pt/Content/images/boitmal/produit/zoom/35C90C106FCD999188F46A491D275892.jpg,,,2025-01-08T23:59:59.999999999Z,PROSPECTUS,7,3,,
283,0000080393313,85.0,Purina Gourmet,"Comida húmida para gato mousse com peixe do oceano, embalagem de 90g",,0.87,10.24,0,kg,€/Kg,,,https://driveimg1.intermarche.com/pt/Content/images/boitmal/produit/zoom/1C1FA938089F82A59F34DAEE218383B9.jpg,,,2025-01-08T23:59:59.999999999Z,PROSPECTUS,7,3,,
284,0000080393320,85.0,Purina Gourmet,"Comida húmida para gato mousse com vaca, embalagem de 90g",,0.87,10.24,0,kg,€/Kg,,,https://driveimg1.intermarche.com/pt/Content/images/boitmal/produit/zoom/999600DE38174FC22F21A586B409CFE0.jpg,,,2025-01-08T23:59:59.999999999Z,PROSPECTUS,7,3,,
37702,5601066401043,300.0,Nacional,"Bolacha de alfarroba e chocolate, embalagem de 300 g",,1.64,5.47,0,kg,€/Kg,,,https://driveimg1.intermarche.com/pt/Content/images/boitmal/produit/zoom/36ABCC872A89CF9C5752678274C0768F.jpg,,,2025-01-08T23:59:59.999999999Z,PROSPECTUS,7,3,,
41341,8711327391475,270.0,Magnum,"Gelado salted caramel & glazed almonds, embalagem de 3 x 90 ml",,3.29,12.19,270,L,€/L,,Tipo de stockagem,https://driveimg1.intermarche.com/pt/Content/images/boitmal/produit/zoom/B061834E1B04490C2C977A69794BF2B4.jpg,,,2025-01-08T23:59:59.999999999Z,PROSPECTUS,7,3,,
41447,5601082047812,,Delta Q,Café mythiq,Embalagem com 40 cápsulas,15.49,15.49,0,,€/Unidade,,,https://driveimg1.intermarche.com/pt/Content/images/boitmal/produit/zoom/B58BECEDE4BA3A9AAD2A25898792041E.jpg,,,2025-01-08T23:59:59.999999999Z,PROSPECTUS,7,3,,
43780,5900020036988,300.0,Nestlé,"Cereais de aveia cheerios, embalagem de 300g",,2.99,9.97,0,kg,€/Kg,,,https://driveimg1.intermarche.com/pt/Content/images/boitmal/produit/zoom/3CA38EDA05B7EB510885558D8C7C8029.jpg,,,2025-01-08T23:59:59.999999999Z,PROSPECTUS,7,3,,
47038,5010338200039,120.0,Bluedragon,"Molho para saltear agridoce blue dragon, embalagem de 120g",,1.69,14.08,0,kg,€/Kg,,,https://driveimg1.intermarche.com/pt/Content/images/boitmal/produit/zoom/279414B97F22AC4861EE1956658F0587.jpg,,,2025-01-08T23:59:59.999999999Z,PROSPECTUS,7,3,,
47636,8412600018323,300.0,Bimbo,Bimbo® bagels sementes 4 un.,Embalagem de 300g,2.34,7.8,0,kg,€/Kg,,,https://driveimg1.intermarche.com/pt/Content/images/boitmal/produit/zoom/BF6C29E8954E6CC8FE9F7A9ADC699919.jpg,,,2025-01-08T23:59:59.999999999Z,PROSPECTUS,7,3,,
48472,7613035442535,85.0,Purina Gourmet,"Comida húmida gato tartelette com carne de frango/cenoura, 85g",,0.87,10.24,0,kg,€/Kg,,,https://driveimg1.intermarche.com/pt/Content/images/boitmal/produit/zoom/FE2BFA3A67FA184C824076A0562D4232.jpg,,,2025-01-08T23:59:59.999999999Z,PROSPECTUS,7,3,,
1273,5601151060759,410.0,Compal,Feijão branco,Lata de 410 ml,1.09,2.66,410,L,€/L,,,https://driveimg1.intermarche.com/pt/Content/images/boitmal/produit/zoom/5A6C3794FCB1D8B69BF6A56555458115.jpg,,,2025-01-08T23:59:59.999999999Z,PROSPECTUS,7,3,,
1304,5601151860755,410.0,Compal,"Feijão frade, lata de 410 ml",,1.09,2.66,410,L,€/L,,,https://driveimg1.intermarche.com/pt/Content/images/boitmal/produit/zoom/1437F4C9CFF88AA158F19E7D53775E22.jpg,,,2025-01-08T23:59:59.999999999Z,PROSPECTUS,7,3,,
1552,5601517181104,250.0,Paladin,"Vinagre balsâmico, spray",Garrafa de 250 ml,1.35,5.4,250,L,€/L,,,https://driveimg1.intermarche.com/pt/Content/images/boitmal/produit/zoom/F6A79509E79FD898F8F0846270BA2BEA.jpg,,,2025-01-08T23:59:59.999999999Z,PROSPECTUS,7,3,,
20263,5000116110889,180.0,Iglo,"Crocantes de frango original, embalagem de 180g",,3.74,20.78,0,kg,€/Kg,,Tipo de stockagem,https://driveimg1.intermarche.com/pt/Content/images/boitmal/produit/zoom/9B2BC0EEC5724C42D02D0AAA44CCBB50.jpg,,,2025-01-08T23:59:59.999999999Z,PROSPECTUS,7,3,,
20911,5600390412787,750.0,Rio Real,Vinho doc douro tinto,Garrafa de 0.75 l,3.19,4.25,750,L,€/L,,,https://driveimg1.intermarche.com/pt/Content/images/boitmal/produit/zoom/FA7F8D8825ACA9BD4A18AF1A6CAA55E1.jpg,,,2025-01-08T23:59:59.999999999Z,PROSPECTUS,7,3,,
24579,3600541946309,400.0,Fructis,Champô força e brilho,Embalagem com 400 ml,3.89,9.73,400,L,€/L,,,https://driveimg1.intermarche.com/pt/Content/images/boitmal/produit/zoom/B318411B1A658517F85A242ED66D26E5.jpg,,,2025-01-08T23:59:59.999999999Z,PROSPECTUS,7,3,,
2459,7613031497096,400.0,Nestlé,"Fruta para bebé maçã pera +4 meses, embalagem de 4 x 100g",,2.44,6.1,0,kg,€/Kg,,,https://driveimg1.intermarche.com/pt/Content/images/boitmal/produit/zoom/A3657AC5DA61941E17EE1AD603103EE0.jpg,,,2025-01-08T23:59:59.999999999Z,PROSPECTUS,7,3,,
25859,8001665123815,250.0,Rana,"Tortellini ricotta/espinafres, 250g",,2.27,9.08,0,kg,€/Kg,,,https://driveimg1.intermarche.com/pt/Content/images/boitmal/produit/zoom/5E05AF293FEAEEF994070C81D04FDDD4.jpg,,,2025-01-08T23:59:59.999999999Z,PROSPECTUS,7,3,,
30566,5601066401005,180.0,Nacional,"Bolachas my cookies xl com pepitas de chocolate de leite, 180g",,2.15,11.94,0,kg,€/Kg,,,https://driveimg1.intermarche.com/pt/Content/images/boitmal/produit/zoom/1E1488DFFD8ECC63E1BA6182AB6CEE60.jpg,,,2025-01-08T23:59:59.999999999Z,PROSPECTUS,7,3,,
34760,7613036912709,28.0,Maggi,"Suculento no forno ervas, embalagem de 40g",,0.89,31.79,0,kg,€/Kg,,,https://driveimg1.intermarche.com/pt/Content/images/boitmal/produit/zoom/76C2A3A48D30703422BAF9E59F656EBB.jpg,,,2025-01-08T23:59:59.999999999Z,PROSPECTUS,7,3,,
35473,8410063079042,400.0,Pescanova,"Filete de pescada ervas aromáticas, embalagem de 400 g",,4.65,11.63,0,kg,€/Kg,,Tipo de stockagem,https://driveimg1.intermarche.com/pt/Content/images/boitmal/produit/zoom/F52A9B43F1EF9EBAC9E7A9F36EC96E0B.jpg,,,2025-01-08T23:59:59.999999999Z,PROSPECTUS,7,3,,
40670,5000116125449,1440.0,Capitão Iglo,"18 hamburguers sem glúten vaca, pack familiar com 1.4 kg",,16.99,11.8,0,kg,€/Kg,,Tipo de stockagem,https://driveimg1.intermarche.com/pt/Content/images/boitmal/produit/zoom/080130715FD0824001550733A3631559.jpg,,,2025-01-08T23:59:59.999999999Z,PROSPECTUS,7,3,,
42519,8001841677231,,Dodot,Fralda cueca T6 | +15 kg,Embalagem com 27 unidades,7.98,7.98,0,,€/Unidade,,,https://driveimg1.intermarche.com/pt/Content/images/boitmal/produit/zoom/1657DACDD9AB5B5A455490FE8D8D8077.jpg,,,2025-01-08T23:59:59.999999999Z,PROSPECTUS,7,3,,
4322,3600540623911,50.0,Narta,"Desodorizante Roll'On Invisivel, 50 ml",,4.49,89.8,50,L,€/L,,,https://driveimg1.intermarche.com/pt/Content/images/boitmal/produit/zoom/7B358F90E8AB938D60B2A3E4BFA91BD4.jpg,,,2025-01-08T23:59:59.999999999Z,PROSPECTUS,7,3,,
4323,3600540623959,50.0,Narta,Desodorizante Roll'On Bio Eficácia,Embalagem de 50 ml,4.49,89.8,50,L,€/L,,Produtos Bio,https://driveimg1.intermarche.com/pt/Content/images/boitmal/produit/zoom/DD8AA7994F81DF8B6C1997FC0ED10C60.jpg,,,2025-01-08T23:59:59.999999999Z,PROSPECTUS,7,3,,
4409,3600550266917,200.0,Narta,"Desodorizante spray, protect.5",Embalagem de 200 ml,4.49,22.45,200,L,€/L,,,https://driveimg1.intermarche.com/pt/Content/images/boitmal/produit/zoom/7C71A1978C10610C24EF8E897CF38176.jpg,,,2025-01-08T23:59:59.999999999Z,PROSPECTUS,7,3,,
47895,0000042182627,50.0,Vaseline,"Vaselina Original, 50ml",50 ml,1.49,29.8,50,L,€/L,,,https://driveimg1.intermarche.com/pt/Content/images/boitmal/produit/zoom/E0EB13990B782E556D3F0DA6E2E82981.jpg,,,2025-01-08T23:59:59.999999999Z,PROSPECTUS,7,3,,
544,3228881083326,30.0,Lipton,"20 saquetas chá noite tranquila, embalagem de 30g",,2.09,69.67,0,kg,€/Kg,,,https://driveimg1.intermarche.com/pt/Content/images/boitmal/produit/zoom/918429936BF1A7F518EA4E4A9580CA69.jpg,,,2025-01-08T23:59:59.999999999Z,PROSPECTUS,7,3,,
8457,5601066600118,375.0,Nacional,"Cereais corn flakes zero, embalagem de 375 g",,1.94,5.17,0,kg,€/Kg,,,https://driveimg1.intermarche.com/pt/Content/images/boitmal/produit/zoom/96E528B06E3C6DB5A90CC133A280FDF2.jpg,,,2025-01-08T23:59:59.999999999Z,PROSPECTUS,7,3,,
11935,5603124023273,545.0,Mistolin,"Tira gorduras pistola, 550 ml",,2.43,4.46,545,L,€/L,,,https://driveimg1.intermarche.com/pt/Content/images/boitmal/produit/zoom/61307002E6EA5352BB9A64A39F439A9A.jpg,,,2025-01-08T23:59:59.999999999Z,PROSPECTUS,7,3,,
1196,5601119942608,200.0,Nobre,"Salsichas de aves, lata de 200g",,1.39,6.95,0,kg,€/Kg,,,https://driveimg1.intermarche.com/pt/Content/images/boitmal/produit/zoom/C3D289F4C441D4785985F7C225CA4543.jpg,,,2025-01-08T23:59:59.999999999Z,PROSPECTUS,7,3,,
1285,5601151160060,410.0,Compal,"Ervilhas, lata com 410 ml",,1.09,2.66,410,L,€/L,,,https://driveimg1.intermarche.com/pt/Content/images/boitmal/produit/zoom/5A637F1F1A9D6D5D73CF74D3CBF9A0F4.jpg,,,2025-01-08T23:59:59.999999999Z,PROSPECTUS,7,3,,
1472,5601286256782,500.0,Milaneza,"Massa de ondas, embalagem de 500g",,1.04,2.08,0,kg,€/Kg,,,https://driveimg1.intermarche.com/pt/Content/images/boitmal/produit/zoom/DB70E545A30F062DF52F7A55D883D748.jpg,,,2025-01-08T23:59:59.999999999Z,PROSPECTUS,7,3,,
17115,5000116110155,640.0,Capitão Iglo,8 hamburguers s/ glúten vaca,Embalagem de 640g,7.99,12.48,0,kg,€/Kg,,Tipo de stockagem,https://driveimg1.intermarche.com/pt/Content/images/boitmal/produit/zoom/6FAFE9FC4DDEB6CE7DCD2D721BE41E81.jpg,,,2025-01-08T23:59:59.999999999Z,PROSPECTUS,7,3,,
18324,5601008200062,400.0,Vieira,"Sortido bolacha princesa, embalagem de 400g",,3.39,8.48,0,kg,€/Kg,,,https://driveimg1.intermarche.com/pt/Content/images/boitmal/produit/zoom/BDDBE098694F079E98874687F28E35B0.jpg,,,2025-01-08T23:59:59.999999999Z,PROSPECTUS,7,3,,
22414,7613035268364,123.0,Nestlé,"Tablete de chocolate extra fina leite/avelã, embalagem de 120g",,1.85,15.04,0,kg,€/Kg,,,https://driveimg1.intermarche.com/pt/Content/images/boitmal/produit/zoom/9808E888C4001F4745E47DCC68B9FDA8.jpg,,,2025-01-08T23:59:59.999999999Z,PROSPECTUS,7,3,,
24583,3600541946262,400.0,Fructis,Champô hidra caracóis,Embalagem de 400 ml,3.89,9.73,400,L,€/L,,,https://driveimg1.intermarche.com/pt/Content/images/boitmal/produit/zoom/F45C286B6B8330CEB5E45C88E611688B.jpg,,,2025-01-08T23:59:59.999999999Z,PROSPECTUS,7,3,,
25276,5775345121585,700.0,Sunquick,"Concentrado de frutas tropicais, garrafa de 700 ml",,5.19,7.41,700,L,€/L,,,https://driveimg1.intermarche.com/pt/Content/images/boitmal/produit/zoom/CD328D03EDEF01B544BB4E814586A67D.jpg,,,2025-01-08T23:59:59.999999999Z,PROSPECTUS,7,3,,
26485,3600542034074,400.0,Fructis,Champô Hidraliso,Embalagem de 400 ml,3.89,9.73,400,L,€/L,,,https://driveimg1.intermarche.com/pt/Content/images/boitmal/produit/zoom/0A5BF6BD4C0B7CE0E1D33260CCEBEAEB.jpg,,,2025-01-08T23:59:59.999999999Z,PROSPECTUS,7,3,,
2776,8410168195586,85.0,Purina Gourmet,"Comida húmida para gato mousse com frango, embalagem de 90g",,0.87,10.24,0,kg,€/Kg,,,https://driveimg1.intermarche.com/pt/Content/images/boitmal/produit/zoom/AD2543EBC7042F310644AC95CA7E3983.jpg,,,2025-01-08T23:59:59.999999999Z,PROSPECTUS,7,3,,
3493,0000056003703,80.0,Pitéu,Filete de anchovas em azeite,Embalagem de 80 g,2.88,36.0,0,kg,€/Kg,,,https://driveimg1.intermarche.com/pt/Content/images/boitmal/produit/zoom/BE573B29E6CEB71A0582FD9364F1002E.jpg,,,2025-01-08T23:59:59.999999999Z,PROSPECTUS,7,3,,
3642,3059943009080,250.0,Air Wick,"Ambientador recarga lavanda, de 250 ml",,3.59,14.36,250,L,€/L,,,https://driveimg1.intermarche.com/pt/Content/images/boitmal/produit/zoom/1B5D8D27BED08EFB10F243DEB281D401.jpg,,,2025-01-08T23:59:59.999999999Z,PROSPECTUS,7,3,,
38002,8410199810656,75.0,Cheetos,"Snack de milho com queijo, embalagem de 75g",,1.49,19.87,0,kg,€/Kg,,,https://driveimg1.intermarche.com/pt/Content/images/boitmal/produit/zoom/A93518F637D0B70B9FA1BE29869B4223.jpg,,,2025-01-08T23:59:59.999999999Z,PROSPECTUS,7,3,,
38330,7613036886994,400.0,Yogolino,Yogolino pêssego banana 0% açúcares adicionados 4x100g,Embalagem de 400g,2.54,6.35,0,kg,€/Kg,,,https://driveimg1.intermarche.com/pt/Content/images/boitmal/produit/zoom/46F9E1E8ECDF4D5D7026305EEF6FB459.jpg,,,2025-01-08T23:59:59.999999999Z,PROSPECTUS,7,3,,
43877,5604260313709,460.0,PorSi,Hambúrguer de peru,Embalagem de 460g,3.29,7.15,0,kg,€/Kg,,,https://driveimg1.intermarche.com/pt/Content/images/boitmal/produit/zoom/FA2BACD08CF4C4CAB5BDA1CEE9BC706D.jpg,,,2025-01-08T23:59:59.999999999Z,PROSPECTUS,7,4,,
44241,5601050036886,120.0,Danone,"Iogrute twix, embalagem de 120g",,0.99,8.25,0,kg,€/Kg,,,https://driveimg1.intermarche.com/pt/Content/images/boitmal/produit/zoom/E4E89664DF24BCB428B25457942D3E4C.jpg,,,2025-01-08T23:59:59.999999999Z,PROSPECTUS,7,4,,
44704,5053990155941,175.0,Pringles,"Snacks batata hot & spicy, embalagem de 175g",,2.39,13.66,0,kg,€/Kg,,,https://driveimg1.intermarche.com/pt/Content/images/boitmal/produit/zoom/41DF960E12D56D310EB0CF45988973FA.jpg,https://driveimg1.intermarche.com/pt/Content/images/boitmal/produit/zoom/6928ADB37A9D879D8A1130CADC9B4CD3.jpg,https://driveimg1.intermarche.com/pt/Content/images/boitmal/produit/zoom/6928ADB37A9D879D8A1130CADC9B4CD3.jpg,2025-01-08T23:59:59.999999999Z,PROSPECTUS,7,4,https://driveimg1.intermarche.com/pt/Content/images/boitmal/produit/zoom/6928ADB37A9D879D8A1130CADC9B4CD3.jpg,
44736,5601119354296,220.0,Nobre,"Fiambre da perna extra fatias finas, embalagem de 220g",,3.29,14.95,0,kg,€/Kg,,,https://driveimg1.intermarche.com/pt/Content/images/boitmal/produit/zoom/4A56BA492C24F9CA3A987E9B4C367F7A.jpg,,,2025-01-08T23:59:59.999999999Z,PROSPECTUS,7,4,,
44796,5601151989531,1000.0,Pepsi,"Refrigerante com gás, garrafa de 1l",,0.99,0.99,1000,L,€/L,,,https://driveimg1.intermarche.com/pt/Content/images/boitmal/produit/zoom/031E6B99C9BCC792F67281C081D59C6C.jpg,,,2025-01-08T23:59:59.999999999Z,PROSPECTUS,7,4,,
45551,8001841993904,300.0,H&S,Champô anti-caspa limpeza profunda e alívio da comichão,300 ml,5.99,19.97,300,L,€/L,,,https://driveimg1.intermarche.com/pt/Content/images/boitmal/produit/zoom/9FA08CE8B7148F99D8590BEFB5A74C20.jpg,,,2025-01-08T23:59:59.999999999Z,PROSPECTUS,7,4,,
4715,5000204593198,72.0,Pato,Discos Sanitários Activos Recarga Marinho,Embalagem de 2x36 ml,3.49,48.47,72,L,€/L,,,https://driveimg1.intermarche.com/pt/Content/images/boitmal/produit/zoom/CCC21E7CD2CBE6B4EF157DF845CFFD44.jpg,,,2025-01-08T23:59:59.999999999Z,PROSPECTUS,7,4,,
48011,5603722520068,800.0,Agros,"Leite com chocolate meio gordo sem lactose, 4 x 200 ml",,1.99,2.49,800,L,€/L,,,https://driveimg1.intermarche.com/pt/Content/images/boitmal/produit/zoom/534AAD13A7F896FDBA98EB7001B680B9.jpg,,,2025-01-08T23:59:59.999999999Z,PROSPECTUS,7,4,,
48473,7613036226868,85.0,Purina Gourmet,"Comida húmida gato fondant frango, 85g",,0.87,10.24,0,kg,€/Kg,,,https://driveimg1.intermarche.com/pt/Content/images/boitmal/produit/zoom/074F76544249F751DC1D7D13566965F8.jpg,,,2025-01-08T23:59:59.999999999Z,PROSPECTUS,7,4,,
50027,5775345203373,700.0,Sunquick,"Concentrado laranja e pêssego, garrafa de 700 ml",,5.19,7.41,700,L,€/L,,,https://driveimg1.intermarche.com/pt/Content/images/boitmal/produit/zoom/2B7B8A70FBAF0A6CD4EF7DCD3A798DD6.jpg,,,2025-01-08T23:59:59.999999999Z,PROSPECTUS,7,4,,
50277,8410436429443,,Persil,Detergente máquina roupa 4 em 1,40 cápsulas,9.99,9.99,0,,€/Unidade,,,https://driveimg1.intermarche.com/pt/Content/images/boitmal/produit/zoom/24973D94F20D9012C6C46FC53A9E8545.jpg,,,2025-01-08T23:59:59.999999999Z,PROSPECTUS,7,4,,
50297,5604260324187,750.0,Labell,Gel Banho Glamour Fresh,Embalagem com 750 ml,1.99,2.65,750,L,€/L,,,https://driveimg1.intermarche.com/pt/Content/images/boitmal/produit/zoom/F82CC10C22B4E89B6A4BBE414698CC98.jpg,https://driveimg1.intermarche.com/pt/Content/images/boitmal/produit/zoom/BB4B4E3B90A4467E5D7685963931E65C.jpg,,2025-01-08T23:59:59.999999999Z,PROSPECTUS,7,4,,
50394,8720181192111,150.0,Axe,"Desodorizante aero epic fresh, de 150 ml",,3.59,23.93,150,L,€/L,,,https://driveimg1.intermarche.com/pt/Content/images/boitmal/produit/zoom/3C80774091E79B2789B93D66067912AF.jpg,,,2025-01-08T23:59:59.999999999Z,PROSPECTUS,7,4,,
50477,8410063087016,400.0,Pescanova,"Filetes de pescada com alho e salsa, 400g",,4.65,11.63,0,kg,€/Kg,,Tipo de stockagem,https://driveimg1.intermarche.com/pt/Content/images/boitmal/produit/zoom/1D8DBC2ECA1AA6FEC5E899EA860B48E6.jpg,,,2025-01-08T23:59:59.999999999Z,PROSPECTUS,7,4,,
51047,8410436430364,,Persil,Detergente máquina roupa 4 em 1 lavanda,40 cápsulas,9.99,9.99,0,,€/Unidade,,,https://driveimg1.intermarche.com/pt/Content/images/boitmal/produit/zoom/15660BE4AEBA274BC0EAF3D67CCF47F8.jpg,,,2025-01-08T23:59:59.999999999Z,PROSPECTUS,7,4,,
51370,5000116127085,1080.0,Capitão Iglo,"50 nuggets de frango queijo, embalagem de 1.08 kg",,12.99,12.03,0,kg,€/Kg,,Tipo de stockagem,https://driveimg1.intermarche.com/pt/Content/images/boitmal/produit/zoom/01D800E519FFA7F5AD97F2A12D06E0B0.jpg,,,2025-01-08T23:59:59.999999999Z,PROSPECTUS,7,4,,
52024,8711327580343,330.0,Magnum,"Gelados mini double sunlover, embalagem de 330 ml",,4.19,12.7,330,L,€/L,,Tipo de stockagem,https://driveimg1.intermarche.com/pt/Content/images/boitmal/produit/zoom/072DE7ACC63CE75B8E6E3C11FAC99F00.jpg,,,2025-01-08T23:59:59.999999999Z,PROSPECTUS,7,4,,
53077,8711327483071,255.0,Magnum,"Gelado double gold caramelo billionaire, 3 x 85ml",,3.29,12.9,255,L,€/L,,Tipo de stockagem,https://driveimg1.intermarche.com/pt/Content/images/boitmal/produit/zoom/42B8EC9CDDC9A5A64A8B9BF8DDBBF480.jpg,https://driveimg1.intermarche.com/pt/Content/images/boitmal/produit/zoom/74238D995E9DE969AA617757BB3DA134.jpg,https://driveimg1.intermarche.com/pt/Content/images/boitmal/produit/zoom/74238D995E9DE969AA617757BB3DA134.jpg,2025-01-08T23:59:59.999999999Z,PROSPECTUS,7,4,https://driveimg1.intermarche.com/pt/Content/images/boitmal/produit/zoom/74238D995E9DE969AA617757BB3DA134.jpg,
6580,8412400193015,1000.0,Mr. Muscle,"Desentupidor canos, 1 l",,5.99,5.99,1000,L,€/L,,,https://driveimg1.intermarche.com/pt/Content/images/boitmal/produit/zoom/E4CBB8829ACC4E9939AAEA434FE9EF72.jpg,,,2025-01-08T23:59:59.999999999Z,PROSPECTUS,7,4,,
767,4005500030287,400.0,Yogolino,Sobremesa láctea banana 4x100g,,2.24,5.6,0,kg,€/Kg,,,https://driveimg1.intermarche.com/pt/Content/images/boitmal/produit/zoom/A0BB60E9F5E33B5B09F3E17A632208B0.jpg,,,2025-01-08T23:59:59.999999999Z,PROSPECTUS,7,4,,
8845,5601283141302,100.0,Penha,"Caramelos de fruta, embalagem de 100g",,1.09,10.9,0,kg,€/Kg,,,https://driveimg1.intermarche.com/pt/Content/images/boitmal/produit/zoom/C98C9A92B1D16EB19A2B55E341D898E4.jpg,,,2025-01-08T23:59:59.999999999Z,PROSPECTUS,7,4,,
947,5601001355905,200.0,Nestlé,"Mistura solúvel brasa, embalagem de 200g",,2.69,13.45,0,kg,€/Kg,,,https://driveimg1.intermarche.com/pt/Content/images/boitmal/produit/zoom/E7DC37D0206CA279E0EB2E5F3678B88F.jpg,,,2025-01-08T23:59:59.999999999Z,PROSPECTUS,7,4,,
987,5601029001303,120.0,Pitéu,"Iguarias pota com alho, embalagem de 120g",,1.86,15.5,0,kg,€/Kg,,,https://driveimg1.intermarche.com/pt/Content/images/boitmal/produit/zoom/2F692BFC7D95B81EC69DDF741CECACCD.jpg,,,2025-01-08T23:59:59.999999999Z,PROSPECTUS,7,4,,
9914,7613034515643,400.0,Yogolino,"Nestlé iogolino prep iog bolacha 100g, de 400g",,2.54,6.35,0,kg,€/Kg,,,https://driveimg1.intermarche.com/pt/Content/images/boitmal/produit/zoom/B0BA73C0FBE2C88DEE2C886D5849C070.jpg,,,2025-01-08T23:59:59.999999999Z,PROSPECTUS,7,4,,
9915,7613034515667,400.0,Yogolino,"Nestlé iogolino prep iog baunilha 100g, de 400g",,2.54,6.35,0,kg,€/Kg,,,https://driveimg1.intermarche.com/pt/Content/images/boitmal/produit/zoom/93D854C9817D9D32644809667C60F85C.jpg,,,2025-01-08T23:59:59.999999999Z,PROSPECTUS,7,4,,
12199,5606439000205,100.0,Rustica,Biscottina com alho e salsa,Embalagem de 100 g,1.49,14.9,0,kg,€/Kg,,,https://driveimg1.intermarche.com/pt/Content/images/boitmal/produit/zoom/37A6FB016717F1C46CAEDC72B84AFC65.jpg,,,2025-01-08T23:59:59.999999999Z,PROSPECTUS,7,4,,
13158,2893143000000,100.0,Peixaria,Lula Descongelada,1 un= 100 gr (aprox.),1.0,9.99,0,,€/Kg,,,https://driveimg1.intermarche.com/pt/Content/images/boitmal/produit/zoom/ED50EDDD473B6F16081950AF9B5B4382.jpg,,,2025-01-08T23:59:59.999999999Z,PROSPECTUS,7,4,,
14971,3083681022803,400.0,Bonduelle,"Brocolos natur pré-preparados, congelados",Embalagem de 400g,1.69,4.23,0,kg,€/Kg,,Tipo de stockagem,https://driveimg1.intermarche.com/pt/Content/images/boitmal/produit/zoom/BAD37548AE8D4A0D4C5D58D6BD0B7B47.jpg,,,2025-01-08T23:59:59.999999999Z,PROSPECTUS,7,4,,
1558,5601517311419,80.0,Paladin,"Piripiri sacana, extra forte",Garrafa de 80 ml,1.49,18.63,80,L,€/L,,,https://driveimg1.intermarche.com/pt/Content/images/boitmal/produit/zoom/CEFDAA1DD4836275B6F55392B06CF7D8.jpg,,,2025-01-08T23:59:59.999999999Z,PROSPECTUS,7,4,,
16723,8410376041002,265.0,Gullón,"Bolacha vitalday crocante original, embalagem de 270g",,1.64,6.19,0,kg,€/Kg,,,https://driveimg1.intermarche.com/pt/Content/images/boitmal/produit/zoom/1F006617D1D0A76F1AD1074F91D2D364.jpg,,,2025-01-08T23:59:59.999999999Z,PROSPECTUS,7,4,,
1676,5602711001304,1000.0,Rar,"Açúcar granulado, 1kg",,1.69,1.69,0,kg,€/Kg,,,https://driveimg1.intermarche.com/pt/Content/images/boitmal/produit/zoom/AB41D357504046A91D49881E05A1C76F.jpg,,,2025-01-08T23:59:59.999999999Z,PROSPECTUS,7,4,,
17893,5601082039817,220.0,Delta Q,Café xl qharacter cápsulas,40 Cápsulas,15.49,70.41,0,kg,€/Kg,,,https://driveimg1.intermarche.com/pt/Content/images/boitmal/produit/zoom/A33D46B8BEAE0A6886B2052A87431B6E.jpg,,,2025-01-08T23:59:59.999999999Z,PROSPECTUS,7,4,,
22840,7613035268388,125.0,Nestlé,"Tablete de chocolate leite, embalagem de 130g",,1.85,14.8,0,kg,€/Kg,,,https://driveimg1.intermarche.com/pt/Content/images/boitmal/produit/zoom/AA1F9149962828BE7A13B8577DE5A654.jpg,,,2025-01-08T23:59:59.999999999Z,PROSPECTUS,7,4,,
2456,7613030924302,400.0,Nestlé,"Yogolino pera sem glúten, 4x100g",,2.24,5.6,0,kg,€/Kg,,,https://driveimg1.intermarche.com/pt/Content/images/boitmal/produit/zoom/84C9916E028C32BE041433875EAC981C.jpg,,,2025-01-08T23:59:59.999999999Z,PROSPECTUS,7,4,,
2460,7613031501649,400.0,Nestlé,"Fruta para bebé maçã banana +4 meses, embalagem de 4 x 100g",,2.44,6.1,0,kg,€/Kg,,,https://driveimg1.intermarche.com/pt/Content/images/boitmal/produit/zoom/4A8A0DFCA0CA8581AB62B34FED196414.jpg,,,2025-01-08T23:59:59.999999999Z,PROSPECTUS,7,4,,
24810,8714100289983,440.0,Magnum,"Gelado pint amêndoas, embalagem de 440 ml",,3.69,8.39,440,L,€/L,,Tipo de stockagem,https://driveimg1.intermarche.com/pt/Content/images/boitmal/produit/zoom/3A13A62312A4E6B689883F50A6265AFD.jpg,https://driveimg1.intermarche.com/pt/Content/images/boitmal/produit/zoom/CAF47DA081A9FA3D88EC863A18BD3DDE.jpg,https://driveimg1.intermarche.com/pt/Content/images/boitmal/produit/zoom/CAF47DA081A9FA3D88EC863A18BD3DDE.jpg,2025-01-08T23:59:59.999999999Z,PROSPECTUS,7,4,,
26414,5000116110919,1042.0,Capitão Iglo,"50 nuggets de frango, embalagem de 1042g",,12.99,12.47,0,kg,€/Kg,,Tipo de stockagem,https://driveimg1.intermarche.com/pt/Content/images/boitmal/produit/zoom/D97E3080A57234D7462734347713E694.jpg,,,2025-01-08T23:59:59.999999999Z,PROSPECTUS,7,4,,
27776,8410500019846,480.0,Danone,"Activia 0% cocktail de fruta cremoso,  4 x 120 g",,1.99,4.15,0,kg,€/Kg,,,https://driveimg1.intermarche.com/pt/Content/images/boitmal/produit/zoom/7CC150437B783AE2941504E21A7F86A0.jpg,,,2025-01-08T23:59:59.999999999Z,PROSPECTUS,7,4,,
30567,5601066400992,180.0,Nacional,"Bolachas cookies xl com pepitas de chocolate e alfarroba, 180g",,2.15,11.94,0,kg,€/Kg,,,https://driveimg1.intermarche.com/pt/Content/images/boitmal/produit/zoom/6A39196D27EE739E98C0839A608FB875.jpg,,,2025-01-08T23:59:59.999999999Z,PROSPECTUS,7,4,,
30713,8714100637562,330.0,Magnum,"Magnum mini intense dark 70%, embalagem de 6 x 55 ml",,3.99,12.09,330,L,€/L,,Tipo de stockagem,https://driveimg1.intermarche.com/pt/Content/images/boitmal/produit/zoom/B6FEDC1DE92C93F96A9F10C84FBE1B5A.jpg,https://driveimg1.intermarche.com/pt/Content/images/boitmal/produit/zoom/D57F829433EB7CA6987F1C9E83A03E1B.jpg,https://driveimg1.intermarche.com/pt/Content/images/boitmal/produit/zoom/D57F829433EB7CA6987F1C9E83A03E1B.jpg,2025-01-08T23:59:59.999999999Z,PROSPECTUS,7,4,https://driveimg1.intermarche.com/pt/Content/images/boitmal/produit/zoom/D57F829433EB7CA6987F1C9E83A03E1B.jpg,
33564,5603722517396,1500.0,Pleno,"Pleno chá verde & mirtilo 1,5l, garrafa de 1,5 l",,1.59,1.06,1500,L,€/L,,,https://driveimg1.intermarche.com/pt/Content/images/boitmal/produit/zoom/BC3947DBD960E163232CBE5917F7EBF9.jpg,,,2025-01-08T23:59:59.999999999Z,PROSPECTUS,7,4,,
36658,5601217132680,500.0,Cillitbang,"Spray tira gorduras, garrafa de 500 ml",,2.49,4.98,500,L,€/L,,,https://driveimg1.intermarche.com/pt/Content/images/boitmal/produit/zoom/4D381FD6E4284388FB353BA45D1B9045.jpg,,,2025-01-08T23:59:59.999999999Z,PROSPECTUS,7,4,,
36790,8410376055740,280.0,Gullón,"Bolacha vitalday crocante, embalagem de 280 g",,1.64,5.86,0,kg,€/Kg,,,https://driveimg1.intermarche.com/pt/Content/images/boitmal/produit/zoom/311728C27855FFA53B8039949C165E5E.jpg,,,2025-01-08T23:59:59.999999999Z,PROSPECTUS,7,4,,
4410,3600550266993,50.0,Narta,Desodorizante Roll'On Protect 5,Embalagem de 50 ml,4.49,89.8,50,L,€/L,,,https://driveimg1.intermarche.com/pt/Content/images/boitmal/produit/zoom/44A2019BAA638096BCCB45A6174E65F4.jpg,,,2025-01-08T23:59:59.999999999Z,PROSPECTUS,7,4,,
45552,8001841993874,300.0,H&S,Champô anti-caspa limpeza profunda purificante,300 ml,5.99,19.97,300,L,€/L,,,https://driveimg1.intermarche.com/pt/Content/images/boitmal/produit/zoom/FED3036BF20B35505F86BCE81850D069.jpg,,,2025-01-08T23:59:59.999999999Z,PROSPECTUS,7,4,,
47945,3600551049113,50.0,Narta men,Desodorizante roll-on invisível 0%,Embalagem de 50 ml,4.49,89.8,50,L,€/L,,,https://driveimg1.intermarche.com/pt/Content/images/boitmal/produit/zoom/07163EF0A2B2A1957A50A10CA355352B.jpg,,,2025-01-08T23:59:59.999999999Z,PROSPECTUS,7,4,,
48474,7613036227124,85.0,Purina Gourmet,"Comida húmida gato fondant atum, 85g",,0.87,10.24,0,kg,€/Kg,,,https://driveimg1.intermarche.com/pt/Content/images/boitmal/produit/zoom/74EB0F4476A21CF0446AFE5C5B1EBE75.jpg,,,2025-01-08T23:59:59.999999999Z,PROSPECTUS,7,4,,
48731,8410376055702,100.0,Gullon,"Tortitas milho s/ açúcar chocolate negro, de 100g",,2.54,25.4,0,kg,€/Kg,,,https://driveimg1.intermarche.com/pt/Content/images/boitmal/produit/zoom/DE65AD855C9C8B6E15F1953130D5DE8B.jpg,,,2025-01-08T23:59:59.999999999Z,PROSPECTUS,7,4,,
50020,8719200231832,225.0,ProActiv,"Creme vegetal para barrar, embalagem de 225g",,2.79,12.4,0,kg,€/Kg,,,https://driveimg1.intermarche.com/pt/Content/images/boitmal/produit/zoom/F94DBCC3BE2E0CDFC23A23D9C701C359.jpg,,,2025-01-08T23:59:59.999999999Z,PROSPECTUS,7,4,,
50386,8445290290014,30.0,Maggi,"Molho suculento frango no forno com alho e cebola em saqueta, 30g",,0.89,29.67,0,kg,€/Kg,,,https://driveimg1.intermarche.com/pt/Content/images/boitmal/produit/zoom/0DEECC66FD9482A59A0436C06913C5D2.jpg,,,2025-01-08T23:59:59.999999999Z,PROSPECTUS,7,4,,
50498,5775345202918,700.0,Sunquick,"Concentrado laranja e manga, garrafa de 700 ml",,5.19,7.41,700,L,€/L,,,https://driveimg1.intermarche.com/pt/Content/images/boitmal/produit/zoom/A3803759170143DBE40106674B25806B.jpg,,,2025-01-08T23:59:59.999999999Z,PROSPECTUS,7,4,,
51382,8434165608030,150.0,Cuétara,Cuetara marinheiros classicas  *9,Embalagem de 150g,1.49,9.93,0,kg,€/Kg,,,https://driveimg1.intermarche.com/pt/Content/images/boitmal/produit/zoom/3333EEF869CDC53A2CB138941A0845C5.jpg,,,2025-01-08T23:59:59.999999999Z,PROSPECTUS,7,4,,
51954,5601151966501,1000.0,Compal,"Clássico néctar banana, embalagem de 1 l",,1.19,1.19,1000,L,€/L,,,https://driveimg1.intermarche.com/pt/Content/images/boitmal/produit/zoom/4AD4A949412C7056E69269DA8122DA04.jpg,,,2025-01-08T23:59:59.999999999Z,PROSPECTUS,7,4,,
52806,8711327608153,400.0,Magnum,"Gelado chocolate branco com morango, 400 ml",,3.29,8.23,400,L,€/L,,Tipo de stockagem,https://driveimg1.intermarche.com/pt/Content/images/boitmal/produit/zoom/D8E3D5651D942B9134970E7747D188FF.jpg,,,2025-01-08T23:59:59.999999999Z,PROSPECTUS,7,4,,
52904,8445290926029,84.0,Nestlé,"Chocolate Extrafino Filipinos Branco, 84g",,1.29,15.36,0,kg,€/Kg,,,https://driveimg1.intermarche.com/pt/Content/images/boitmal/produit/zoom/289C907A40BF00E8E421FBF919CB9F70.jpg,,,2025-01-08T23:59:59.999999999Z,PROSPECTUS,7,4,,
53219,8445290771858,83.0,Nestlé,"Chocolate Extrafino Dulce de Leche, 83g",,1.29,15.54,0,kg,€/Kg,,,https://driveimg1.intermarche.com/pt/Content/images/boitmal/produit/zoom/91987E806E18D9C7ED8D6778B030F715.jpg,,,2025-01-08T23:59:59.999999999Z,PROSPECTUS,7,4,,
