identifier,produitEan13,capacite,marque,libelle,conditionnement,prix,unitPrice,volume,typeProduit_uniteByCode,unit_value,pictogrammes_0,pictogrammes_libelleCategorie,images_0,images_1,images_2,images_3,images_4,images_5,avantages_dateFin,avantages_categorie,nro_paginas,page,images_6
49061,5000204073492,269.0,Glade,Ambientador Automático Relaxing Zen + Recarga,269 ml,7.19,26.73,269,L,€/L,,,https://driveimg1.intermarche.com/pt/Content/images/boitmal/produit/zoom/8A5070D52D8ED141CDE8FC654964DE1F.jpg,,,,,,2026-03-18T23:59:59Z,PROSPECTUS,16,1,
19022,5603722509742,800.0,Agros,"Leite com chocolate, embalagem de 4 x 200 ml",,1.49,1.86,800,L,€/L,,,https://driveimg1.intermarche.com/pt/Content/images/boitmal/produit/zoom/86A34AF1051A1750347A4FF58912A923.jpg,,,,,,2026-03-11T23:59:59Z,PROSPECTUS,16,1,
1012,5601043111026,1000.0,Branca de neve,"Farinha de Trigo Super Fina com Fermento, emb. 1 kg",,1.59,1.59,0,kg,€/Kg,,,https://driveimg1.intermarche.com/pt/Content/images/boitmal/produit/zoom/2C1F82D915B4FA8DB609B4607A05BC7E.jpg,,,,,,2026-03-11T23:59:59Z,PROSPECTUS,16,1,
53163,8445291099418,,Buondi,"Café original nespresso, 10 cápsulas",,2.95,2.95,10,,€/Unidade,,,https://driveimg1.intermarche.com/pt/Content/images/boitmal/produit/zoom/6E46F1C9FB77DF7B2C9479B336DCC810.jpg,,,,,,2026-03-11T23:59:59Z,PROSPECTUS,16,1,
6059,5608527000524,750.0,Dom Campos,"Vinho Branco Região Península Setúbal, garrafa 75 cl",Garrafa 0.75L,1.89,2.52,750,L,€/L,,,https://driveimg1.intermarche.com/pt/Content/images/boitmal/produit/zoom/6CFEBAE3F7C01E0EE0EAB2B82395D3EA.jpg,,,,,,2026-03-11T23:59:59Z,PROSPECTUS,16,1,
44474,3600523923588,,Excellence,Coloração Permanente Nº 7.7 Caramelo,1 unidade,7.99,7.99,0,,€/Unidade,,,https://driveimg1.intermarche.com/pt/Content/images/boitmal/produit/zoom/2D1DB045A94535F2A53A65508F5AF8AD.jpg,,,,,,2026-03-11T23:59:59Z,PROSPECTUS,16,1,
11942,5603533492202,1000.0,Frize,"Água com gás groselha, pack 4 x 0.25 l",,1.99,1.99,1000,L,€/L,,,https://driveimg1.intermarche.com/pt/Content/images/boitmal/produit/zoom/9F272D120CD1620A52E8FDFD1398797A.jpg,,,,,,2026-03-11T23:59:59Z,PROSPECTUS,16,1,
1226,5601146001507,1500.0,Joi,"Refrigerante sem gás de manga/laranja, garrafa de 1,5 l",,1.15,0.77,1500,L,€/L,,,https://driveimg1.intermarche.com/pt/Content/images/boitmal/produit/zoom/DB9CD865FA14B43795929B354A61BA32.jpg,,,,,,2026-03-11T23:59:59Z,PROSPECTUS,16,1,
1451,5601286201782,500.0,Milaneza,"Massa esparguete, embalagem de 500g",,0.79,1.58,0,kg,€/Kg,,,https://driveimg1.intermarche.com/pt/Content/images/boitmal/produit/zoom/FF90DF8806B7F52F8AD5ECEED9AAA2FA.jpg,,,,,,2026-03-11T23:59:59Z,PROSPECTUS,16,1,
38634,5060639121915,500.0,Monster,"Bebida Energética Mango Loco, emb. 50 cl",,1.29,2.58,500,L,€/L,,,https://driveimg1.intermarche.com/pt/Content/images/boitmal/produit/zoom/4F4B4D9575A74844B519A2C1EA42C17E.jpg,,,,,,2026-03-11T23:59:59Z,PROSPECTUS,16,1,
45600,4005900648181,750.0,Nivea,"Gel de Banho Aloe, emb. 750 ml",,2.99,3.99,750,L,€/L,,,https://driveimg1.intermarche.com/pt/Content/images/boitmal/produit/zoom/38ED25B3E1B734D9B60438B2D4D4A6D2.jpg,,,,,,2026-03-11T23:59:59Z,PROSPECTUS,16,1,
980,5601024134488,750.0,Oliveira da Serra,Azeite virgem extra clássico,Embalagem de 750 ml,4.29,5.72,750,L,€/L,,,https://driveimg1.intermarche.com/pt/Content/images/boitmal/produit/zoom/01EF39EFE8396CC9ACA95DC25E9D3412.jpg,,,,,,2026-03-11T23:59:59Z,PROSPECTUS,16,1,
52161,5604260326617,,PorSi,Fralda Incontinência Plus M - 20 Unidades Dispositivo Médico,,5.99,5.99,0,,€/Unidade,,,https://driveimg1.intermarche.com/pt/Content/images/boitmal/produit/zoom/8E03781670349E934CC2568DF9BDFD60.jpg,,,,,,2026-03-11T23:59:59Z,PROSPECTUS,16,1,
951,5601010131217,120.0,Ramirez,"Atum em Óleo, emb. 120 gr",,1.09,9.08,0,kg,€/Kg,,,https://driveimg1.intermarche.com/pt/Content/images/boitmal/produit/zoom/A9FA65BDF4D5D30164F11C66D8B5677D.jpg,,,,,,2026-03-11T23:59:59Z,PROSPECTUS,16,1,
26165,5029053566122,,Scottex,"Papel Higiénico Gigante Ultra Compacto, emb. 18 rolos = 54 rolos",18 Rolos = 54 Rolos,9.79,9.79,0,,€/Unidade,,,https://driveimg1.intermarche.com/pt/Content/images/boitmal/produit/zoom/0B3DC32EEB060521F3FC27E231F242CB.jpg,,,,,,2026-03-11T23:59:59Z,PROSPECTUS,16,1,
35888,5601151973752,3500.0,Sumol,"Refrigerante com gás de ananás, 2 x 1.75 l",,2.59,0.74,3500,L,€/L,,,https://driveimg1.intermarche.com/pt/Content/images/boitmal/produit/zoom/088D8DA34921F50F39B725B4135D000A.jpg,,,,,,2026-03-11T23:59:59Z,PROSPECTUS,16,1,
5273,5601164902343,7920.0,Super Bock,"Cerveja com Álcool, emb. 24 x 33 cl",,17.49,2.21,7920,L,€/L,,,https://driveimg1.intermarche.com/pt/Content/images/boitmal/produit/zoom/B20818C9DD1836C39491D27565F038C6.jpg,,,,,,2026-03-11T23:59:59Z,PROSPECTUS,16,1,
11688,5601244202318,200.0,Terra Nostra,"Queijo flamengo em fatias, embalagem de 200g",,2.19,10.95,0,kg,€/Kg,,,https://driveimg1.intermarche.com/pt/Content/images/boitmal/produit/zoom/51C5114F8500F311C1E44953A540868A.jpg,,,,,,2026-03-11T23:59:59Z,PROSPECTUS,16,1,
13886,2891108000000,1000.0,Frango,Bife de Frango,Vendido ao peso a partir de 1 kg,5.99,5.99,0,,€/Kg,,,https://driveimg1.intermarche.com/pt/Content/images/boitmal/produit/zoom/519BDC237EE2CC43FB5B010D4FF5A15B.jpg,,,,,,2026-03-11T23:59:59Z,PROSPECTUS,16,1,
13934,2891062000000,250.0,Porco,Rojões,1 un = 250 gr  (aprox.),1.0,3.99,0,,€/Kg,,,https://driveimg1.intermarche.com/pt/Content/images/boitmal/produit/zoom/925F2FDC1F925A7FD71EE6165315B22E.jpg,,,,,,2026-03-11T23:59:59Z,PROSPECTUS,16,1,
9691,5604260270613,500.0,PorSi,Queijo Flamengo Fatiado 500g,,3.99,7.98,0,kg,€/Kg,,,https://driveimg1.intermarche.com/pt/Content/images/boitmal/produit/zoom/C8998B7CDC65CD8030539E0414C45C30.jpg,,,,,,2026-03-11T23:59:59Z,PROSPECTUS,16,1,
13866,2891048000000,1000.0,Porco,Bifanas,Vendido ao peso a partir de 1 kg,3.99,3.99,0,,€/Kg,,,https://driveimg1.intermarche.com/pt/Content/images/boitmal/produit/zoom/72DE0DA6B485199AC995C629E3E4D279.jpg,,,,,,2026-03-11T23:59:59Z,PROSPECTUS,16,1,
8383,5601049132995,1000.0,Mimosa,"Leite uht meio gordo, embalagem de 1litro",,0.9,0.9,1000,L,€/L,,,https://driveimg1.intermarche.com/pt/Content/images/boitmal/produit/zoom/6FB52C843F677BD37D399D45BB10B38B.jpg,https://driveimg1.intermarche.com/pt/Content/images/boitmal/produit/zoom/AE810093A08CEBD60415DCC626CF5804.jpg,https://driveimg1.intermarche.com/pt/Content/images/boitmal/produit/zoom/A0562293538F541B1B99592AA046327B.jpg,,,,2026-03-11T23:59:59Z,PROSPECTUS,16,1,
13897,2891053000000,1000.0,Porco,Lombo sem Osso,Vendido ao peso a partir de 1 kg,4.99,4.99,0,,€/Kg,,,https://driveimg1.intermarche.com/pt/Content/images/boitmal/produit/zoom/415564DA70574ED3C1D7475F1F28BDB6.jpg,,,,,,2026-03-11T23:59:59Z,PROSPECTUS,16,1,
13954,2891192000000,500.0,Porco,Tiras da Costela/Piano,1 un = 500 gr (aprox.),3.3,6.59,0,,€/Kg,,,https://driveimg1.intermarche.com/pt/Content/images/boitmal/produit/zoom/7D0B09E93398DFB0B31D06D5AFBD6B99.jpg,,,,,,2026-03-11T23:59:59Z,PROSPECTUS,16,1,
13894,2891044000000,1000.0,Porco,Entremeada sem Entrecosto,Vendido ao peso a partir de 1 kg,4.89,4.89,0,,€/Kg,,,https://driveimg1.intermarche.com/pt/Content/images/boitmal/produit/zoom/033DDCE7C7F9A9CD99F0A4BEB2F74462.jpg,,,,,,2026-03-11T23:59:59Z,PROSPECTUS,16,1,
40750,5604260304165,1000.0,PorSi,Detergente Loiça Limão 1l,Garrafa de 1 litro,0.89,0.89,1000,L,€/L,,,https://driveimg1.intermarche.com/pt/Content/images/boitmal/produit/zoom/2532D260202FF646D416E5D63E3F4DF5.jpg,,,,,,2026-03-18T23:59:59Z,PROSPECTUS,16,1,
48040,5604260320615,640.0,Porsi Vivabem,Iogurte Líquido Magro Frutos Vermelhos 4x160g,,1.29,2.02,0,kg,€/Kg,,,https://driveimg1.intermarche.com/pt/Content/images/boitmal/produit/zoom/A4279AEF35ED360CFDE5A7B8499B9C67.jpg,https://driveimg1.intermarche.com/pt/Content/images/boitmal/produit/zoom/8BCFC316C76164C4EB30E1CA8663C5AA.jpg,,,,,2026-03-11T23:59:59Z,PROSPECTUS,16,1,
13561,2893555000000,400.0,Peixaria,Red Fish Congelado,,1.6,3.99,0,,€/Kg,,Avantages !,https://driveimg1.intermarche.com/pt/Content/images/boitmal/produit/zoom/6B51C5A0022242B4A2691EFB27EE24DC.jpg,,,,,,2026-03-11T23:59:59Z,PROSPECTUS,16,1,
13821,2892597000000,200.0,Legumes,Tomate Cacho,1 un = 200 gr (aprox.),0.38,1.89,0,,€/Kg,,,https://driveimg1.intermarche.com/pt/Content/images/boitmal/produit/zoom/FD67F77AFAB450B6A4FA38E0279E6686.jpg,,,,,,2026-03-11T23:59:59Z,PROSPECTUS,16,1,
36745,2892275000000,300.0,Fruta,Pera conference categoria: II,Vendido ao peso a partir de 300 g,0.6,1.99,0,,€/Kg,,,https://driveimg1.intermarche.com/pt/Content/images/boitmal/produit/zoom/8BF458478FD63452D2100C106D192E00.jpg,,,,,,2026-03-11T23:59:59Z,PROSPECTUS,16,1,
56395,5604260334636,640.0,Porsi Vivabem,Iogurte Líquido Magro Piña Colada 4x160g,,1.35,2.11,0,kg,€/Kg,,,https://driveimg1.intermarche.com/pt/Content/images/boitmal/produit/zoom/56E2584E43311EB3153172BA46A745DF.jpg,,,,,,2026-03-11T23:59:59Z,PROSPECTUS,16,1,
8319,5601028017305,,Renova,Papel Higiénico Olé Branco 2 Folhas,38 Rolos + 10 Rolos Grátis,6.99,6.99,0,,€/Unidade,,,https://driveimg1.intermarche.com/pt/Content/images/boitmal/produit/zoom/5F618AB20DB350B94A7783BCF08F8F6B.jpg,,,,,,2026-03-11T23:59:59Z,PROSPECTUS,16,1,
8396,5601049614330,250.0,Milhafre,"Manteiga com sal, embalagem de 250g",,2.19,8.76,0,kg,€/Kg,,,https://driveimg1.intermarche.com/pt/Content/images/boitmal/produit/zoom/8DCB9F2F3B36086D35B7173891ABA268.jpg,,,,,,2026-03-11T23:59:59Z,PROSPECTUS,16,1,
11961,5603722505607,1000.0,Mimosa,"Leite sem lactose meio gordo, de 1l",,1.14,1.14,1000,L,€/L,,,https://driveimg1.intermarche.com/pt/Content/images/boitmal/produit/zoom/A98ED8A0E5E675A3AC1A551BCE75B0AB.jpg,https://driveimg1.intermarche.com/pt/Content/images/boitmal/produit/zoom/4E57BFE09E8D859BDBE1705476BB9F1B.jpg,https://driveimg1.intermarche.com/pt/Content/images/boitmal/produit/zoom/E1F70144AAFCC0EAEBFF05614177D009.jpg,,,,2026-03-11T23:59:59Z,PROSPECTUS,16,1,
19415,5601028019798,,Renova,"Rolo de cozinha design xxl, 3 rolos",,1.99,1.99,3,,€/Unidade,,,https://driveimg1.intermarche.com/pt/Content/images/boitmal/produit/zoom/9A25E60B9B6B556C2D19CB0AC3EE543B.jpg,,,,,,2026-03-18T23:59:59Z,PROSPECTUS,16,1,
53886,5604260328635,200.0,PorSi,Salsichas Frankfurt Lata 8 Unidades,,0.95,4.75,0,kg,€/Kg,,,https://driveimg1.intermarche.com/pt/Content/images/boitmal/produit/zoom/31082215F673730ADB8637807346D57D.jpg,,,,,,2026-03-11T23:59:59Z,PROSPECTUS,16,1,
1433,5601260036102,1000.0,Cigala,"Arroz carolino, embalagem de 1 kg",,1.14,1.14,0,kg,€/Kg,,,https://driveimg1.intermarche.com/pt/Content/images/boitmal/produit/zoom/D96A08349D04F12B168FA774344BCEF6.jpg,,,,,,2026-03-11T23:59:59Z,PROSPECTUS,16,1,
17272,2891375000000,800.0,Novilho,Carne p/ Estufar,Vendido ao peso a partir de 800 g,9.99,12.49,0,,€/Kg,,,https://driveimg1.intermarche.com/pt/Content/images/boitmal/produit/zoom/74A9E71258207F3FD300DB35B0F5BB18.jpg,,,,,,2026-03-11T23:59:59Z,PROSPECTUS,16,1,
30958,5449000957955,3500.0,Coca-Cola,"Refrigerante com Gás Cola Zero, emb. 2 x 1,75 lt",,3.29,0.94,3500,L,€/L,,,https://driveimg1.intermarche.com/pt/Content/images/boitmal/produit/zoom/F2EAD17F7ACB8ABDBC63DEE76B961767.jpg,,,,,,2026-03-11T23:59:59Z,PROSPECTUS,16,1,
47678,5604260319572,96.0,PorSi,Cápsulas Café Velutatto Cdgx16,,3.85,40.1,0,kg,€/Kg,,,https://driveimg1.intermarche.com/pt/Content/images/boitmal/produit/zoom/BE18676367C8B5BB22F7EEF5D41DB56F.jpg,,,,,,2026-03-11T23:59:59Z,PROSPECTUS,16,1,
54646,8720181542121,,Skip,"Detergente Máquina Roupa Líquido Active Clean, 100D",,14.99,14.99,0,,€/Unidade,,,https://driveimg1.intermarche.com/pt/Content/images/boitmal/produit/zoom/D3E9B1DE5F09D8B3FD221502F3C133F1.jpg,,,,,,2026-03-18T23:59:59Z,PROSPECTUS,16,1,
56190,5604260337491,200.0,PorSi,Batatas Fritas Palha Fina 200g,,1.09,5.45,0,kg,€/Kg,,,https://driveimg1.intermarche.com/pt/Content/images/boitmal/produit/zoom/9208BA6719DBDC25994E7345CE7621EB.jpg,,,,,,2026-03-11T23:59:59Z,PROSPECTUS,16,1,
927,5601001180903,380.0,Nestlé,Cereais chocapic,Embalagem de 375 g,2.24,5.89,0,kg,€/Kg,,,https://driveimg1.intermarche.com/pt/Content/images/boitmal/produit/zoom/EA69C754779AF0C6F4DD36E6F3A8C272.jpg,,,,,,2026-03-11T23:59:59Z,PROSPECTUS,16,1,
929,5601001187803,625.0,Nestlé,"Cereais Chocapic, emb. 625 gr",,3.74,5.98,0,kg,€/Kg,,,https://driveimg1.intermarche.com/pt/Content/images/boitmal/produit/zoom/8DB31C1F3066D48D593AE11B75516670.jpg,,,,,,2026-03-11T23:59:59Z,PROSPECTUS,16,1,
23276,5604260281299,175.0,Porsi Programa Origens,Salada Gourmet 175 G,,0.99,5.66,0,kg,€/Kg,,,https://driveimg1.intermarche.com/pt/Content/images/boitmal/produit/zoom/4B8FE4793F676EB4D411F04A36543FE6.jpg,,,,,,2026-03-11T23:59:59Z,PROSPECTUS,16,1,
251,2696001000000,400.0,Padaria,Baguete,400 g,0.79,1.98,0,kg,€/Kg,,,https://driveimg1.intermarche.com/pt/Content/images/boitmal/produit/zoom/42C2E126B9E5B84C243F0668DEC3869F.jpg,,,,,,2026-03-11T23:59:59Z,PROSPECTUS,16,1,
36170,5604260295654,1000.0,PorSi,Batata Pré-frita Palitos 1kg,Embalagem de 1 kg,1.85,1.85,0,kg,€/Kg,,Tipo de stockagem,https://driveimg1.intermarche.com/pt/Content/images/boitmal/produit/zoom/3CCF0DFFCA76AEE7F401DF2681D9A02B.jpg,,,,,,2026-03-11T23:59:59Z,PROSPECTUS,16,1,
49380,5604260323586,150.0,PorSi,Tiras de Bacon 2x75g,,1.59,10.6,0,kg,€/Kg,,,https://driveimg1.intermarche.com/pt/Content/images/boitmal/produit/zoom/C81C7CF2D06D55EFA730F249BB879140.jpg,,,,,,2026-03-11T23:59:59Z,PROSPECTUS,16,1,
53044,8720181368769,4320.0,Omo,"Detergente roupa máquina líquido, 96 doses",,8.99,2.08,4320,L,€/L,,,https://driveimg1.intermarche.com/pt/Content/images/boitmal/produit/zoom/30BA46CDC8291B3E0F7206BAD1197FAE.jpg,,,,,,2026-03-18T23:59:59Z,PROSPECTUS,16,1,
5804,5604260055821,5000.0,PorSi,Lixívia Tradicional 5l,,1.69,0.34,5000,L,€/L,,,https://driveimg1.intermarche.com/pt/Content/images/boitmal/produit/zoom/E909BD5C18EE74B0FEB14034B22BB05A.jpg,,,,,,2026-03-18T23:59:59Z,PROSPECTUS,16,1,
10095,8435257040899,640.0,Nestlé,"Iogurte líquido yoggi morango, embalagem de 4 x 160g",,1.65,2.58,0,kg,€/Kg,,,https://driveimg1.intermarche.com/pt/Content/images/boitmal/produit/zoom/BCBB1C4518CDF8045B46EB41CD173E54.jpg,,,,,,2026-03-11T23:59:59Z,PROSPECTUS,16,1,
11466,5601018004605,200.0,Gresso,Nata uht para bater 200 ml,,0.85,4.25,200,L,€/L,,,https://driveimg1.intermarche.com/pt/Content/images/boitmal/produit/zoom/6D55411BE639B830632A68D20D002036.jpg,,,,,,2026-03-11T23:59:59Z,PROSPECTUS,16,1,
12107,5604260266609,320.0,PorSi,Napolitanas Creme de Cacau,,1.77,5.53,0,kg,€/Kg,,,https://driveimg1.intermarche.com/pt/Content/images/boitmal/produit/zoom/7E715318E7923DFB0EA8242531AE3823.jpg,,,,,,2026-03-11T23:59:59Z,PROSPECTUS,16,1,
13048,2893561000000,250.0,Marisco,Ameijoa Branca Vietnamita Congelada,Vendido a partir de 250 gr  (aprox.),0.5,1.99,0,,€/Kg,,Avantages !,https://driveimg1.intermarche.com/pt/Content/images/boitmal/produit/zoom/EB1BC296FF41180E6F3E1626AD4F78AA.jpg,,,,,,2026-03-11T23:59:59Z,PROSPECTUS,16,1,
14847,2892476000000,100.0,Programa Origens,Alho Seco,Vendido a partir de 100 gr,0.57,5.69,0,,€/Kg,,,https://driveimg1.intermarche.com/pt/Content/images/boitmal/produit/zoom/CFA3B1E723D71FB9BFAE5D5B250C3BB3.jpg,,,,,,2026-03-11T23:59:59Z,PROSPECTUS,16,1,
18489,5600744051020,198.0,Saborosa,"Bolacha de manteiga belga com chocolate, embalagem de 200g",,1.64,8.28,0,kg,€/Kg,,,https://driveimg1.intermarche.com/pt/Content/images/boitmal/produit/zoom/96C31A82D017146C1ADBA7AC747D4690.jpg,,,,,,2026-03-11T23:59:59Z,PROSPECTUS,16,1,
23278,5604260281282,250.0,Porsi Programa Origens,Salada Toscana 250 G,,1.19,4.76,0,kg,€/Kg,,,https://driveimg1.intermarche.com/pt/Content/images/boitmal/produit/zoom/829819BF310BA689C7002E0655E64BF5.jpg,,,,,,2026-03-11T23:59:59Z,PROSPECTUS,16,1,
3526,2894034000000,150.0,Nobre,Fiambre da Perna Extra,1 un = 150 gr (aprox.),2.4,15.99,0,,€/Kg,,,https://driveimg1.intermarche.com/pt/Content/images/boitmal/produit/zoom/C76D05EF052819EDC79567520AD2D260.jpg,,,,,,2026-03-11T23:59:59Z,PROSPECTUS,16,1,
57463,5604260344055,1000.0,Páturages,Leite Uht Meio-gordo sem Lactose 1l,,1.08,1.08,1000,L,€/L,,,https://driveimg1.intermarche.com/pt/Content/images/boitmal/produit/zoom/5EADBA6D1F5C02D071136EC85D799A57.jpg,,,,,,2026-03-11T23:59:59Z,PROSPECTUS,16,1,
7039,2894063000000,150.0,PorSi,Fiambre da Pá,1 un = 150 gr (aprox.),1.2,7.99,0,,€/Kg,,,https://driveimg1.intermarche.com/pt/Content/images/boitmal/produit/zoom/B263AAD24D8655825D397EE88CE54C25.jpg,,,,,,2026-03-11T23:59:59Z,PROSPECTUS,16,1,
9315,5603722509544,1000.0,Mimosa,"Leite 0% lactose magro, de 1l",,1.14,1.14,1000,L,€/L,,,https://driveimg1.intermarche.com/pt/Content/images/boitmal/produit/zoom/0350D0DE44A653A9AB01722B06443E94.jpg,https://driveimg1.intermarche.com/pt/Content/images/boitmal/produit/zoom/DC5219EC1E15E09529E323B7D196FADA.jpg,https://driveimg1.intermarche.com/pt/Content/images/boitmal/produit/zoom/DC48BFFA4281D8016E9FB40168ED4485.jpg,,,,2026-03-11T23:59:59Z,PROSPECTUS,16,1,
1709,5604055111060,6000.0,Fastio,"Água mineral sem gás, embalagem de 6 l",,1.59,0.27,6000,L,€/L,,,https://driveimg1.intermarche.com/pt/Content/images/boitmal/produit/zoom/6EFB8FD4D0614752BB5925C1048B82B3.jpg,,,,,,2026-03-11T23:59:59Z,PROSPECTUS,16,1,
1726,5604260000272,250.0,PorSi,Massa Pevide 250g,,0.48,1.92,0,kg,€/Kg,,,https://driveimg1.intermarche.com/pt/Content/images/boitmal/produit/zoom/A4A2080D7D2A6FF3E0E1E1CA80D0F6AC.jpg,,,,,,2026-03-11T23:59:59Z,PROSPECTUS,16,1,
18488,5600744051013,220.0,Saborosa,"Bolacha de manteiga belga original, embalagem de 220g",,1.59,7.23,0,kg,€/Kg,,,https://driveimg1.intermarche.com/pt/Content/images/boitmal/produit/zoom/435E3C8EAE2EA4A45A8BB3A81B14CF20.jpg,,,,,,2026-03-11T23:59:59Z,PROSPECTUS,16,1,
31516,8435257039107,1280.0,Nestlé,"Yoggi liquido morango, embalagem de 8x160g",,3.89,3.04,0,kg,€/Kg,,,https://driveimg1.intermarche.com/pt/Content/images/boitmal/produit/zoom/919C3780A665F064AD1803A3631A5911.jpg,,,,,,2026-03-11T23:59:59Z,PROSPECTUS,16,1,
36704,5604260300655,270.0,PorSi,Atum Posta Ao Natural 385g,,2.67,9.89,0,kg,€/Kg,,,https://driveimg1.intermarche.com/pt/Content/images/boitmal/produit/zoom/6E8F48924D1C68054BF8CC7FA6C97A49.jpg,,,,,,2026-03-11T23:59:59Z,PROSPECTUS,16,1,
48893,5604260318735,,PorSi,Papel Higiénico Branco Ultra Compacto 2 Folhas 4 Rolos,,2.09,2.09,0,,€/Unidade,,,https://driveimg1.intermarche.com/pt/Content/images/boitmal/produit/zoom/64D5B92D15C4E36C20D810B890EA4FF7.jpg,,,,,,2026-03-11T23:59:59Z,PROSPECTUS,16,1,
53361,5029053580753,,Scottex,"Papel Higienico Senitive, emb. 18 rolos",,5.99,5.99,0,,€/Unidade,,,https://driveimg1.intermarche.com/pt/Content/images/boitmal/produit/zoom/9968833B676A4DAAFF241D4D3185820C.jpg,https://driveimg1.intermarche.com/pt/Content/images/boitmal/produit/zoom/449A7C060AED192A33CF62B9797621C7.jpg,https://driveimg1.intermarche.com/pt/Content/images/boitmal/produit/zoom/449A7C060AED192A33CF62B9797621C7.jpg,https://driveimg1.intermarche.com/pt/Content/images/boitmal/produit/zoom/449A7C060AED192A33CF62B9797621C7.jpg,https://driveimg1.intermarche.com/pt/Content/images/boitmal/produit/zoom/449A7C060AED192A33CF62B9797621C7.jpg,https://driveimg1.intermarche.com/pt/Content/images/boitmal/produit/zoom/449A7C060AED192A33CF62B9797621C7.jpg,2026-03-11T23:59:59Z,PROSPECTUS,16,1,
9292,5603722493812,250.0,Matinal,"Manteiga magra, embalagem de 250g",,2.49,9.96,0,kg,€/Kg,,,https://driveimg1.intermarche.com/pt/Content/images/boitmal/produit/zoom/AA91DFCE88DA98DA1BB05E606B3C1FF9.jpg,,,,,,2026-03-11T23:59:59Z,PROSPECTUS,16,1,
13566,2893560000000,250.0,Congelado de Aquicultura,Camarão Congelado 20/30,1 un = 250 gr  (aprox.),2.25,8.99,0,,€/Kg,,Avantages !,https://driveimg1.intermarche.com/pt/Content/images/boitmal/produit/zoom/863DB9F10BE616A55736AB7A17BC6BB5.jpg,,,,,,2026-03-11T23:59:59Z,PROSPECTUS,16,1,
13915,2891249000000,2000.0,Peru,Perna com Osso,Vendido ao peso,8.98,4.49,0,,€/Kg,,,https://driveimg1.intermarche.com/pt/Content/images/boitmal/produit/zoom/EA6C55F440DB29FDE55EB019973B1FE5.jpg,,,,,,2026-03-11T23:59:59Z,PROSPECTUS,16,1,
1427,5601255322128,1000.0,Caçarola,"Arroz Agulha Extra Longo, emb. 1 kg",,1.35,1.35,0,kg,€/Kg,,,https://driveimg1.intermarche.com/pt/Content/images/boitmal/produit/zoom/890B51848ABBB7681A83F53B93FE7282.jpg,,,,,,2026-03-11T23:59:59Z,PROSPECTUS,16,1,
16427,5604260277407,2000.0,PorSi,Lixívia Delicada 2l,,1.19,0.6,2000,L,€/L,,,https://driveimg1.intermarche.com/pt/Content/images/boitmal/produit/zoom/04D235A82CA5C93C045F731FF2ACAE42.jpg,,,,,,2026-03-18T23:59:59Z,PROSPECTUS,16,1,
17207,8006540943687,1800.0,Fairy,Detergente manual de loiça limão,Embalagem de 2 x 900 ml,6.99,3.88,1800,L,€/L,,,https://driveimg1.intermarche.com/pt/Content/images/boitmal/produit/zoom/B2EE328B1B3FB1BA0162E77ED87C40E9.jpg,,,,,,2026-03-18T23:59:59Z,PROSPECTUS,16,1,
2282,5604260270125,420.0,PorSi,Feijoada 420g,,2.49,5.93,0,kg,€/Kg,,,https://driveimg1.intermarche.com/pt/Content/images/boitmal/produit/zoom/1550146A03450A86199E288248628A63.jpg,,,,,,2026-03-11T23:59:59Z,PROSPECTUS,16,1,
22953,8411660670236,750.0,Sanytol,Desinfetante Multiusos,Embalagem de 750 ml,2.49,3.32,750,L,€/L,,,https://driveimg1.intermarche.com/pt/Content/images/boitmal/produit/zoom/1EEAA97664C33C6BEBEA4FA4B7290F03.jpg,,,,,,2026-03-18T23:59:59Z,PROSPECTUS,16,1,
29899,2696008000000,,Padaria,Bola Rústica,85 g,0.24,0.24,0,,€/Unidade,,,https://driveimg1.intermarche.com/pt/Content/images/boitmal/produit/zoom/06C705452DA793A390CC49C0690F6BDD.jpg,,,,,,2026-03-11T23:59:59Z,PROSPECTUS,16,1,
30414,4015400917304,480.0,Fairy,Detergente Liquido Loiça Original,480 ml,2.54,5.29,480,L,€/L,,,https://driveimg1.intermarche.com/pt/Content/images/boitmal/produit/zoom/BDA62A6B9333A70897E09AEAD0B62BBF.jpg,,,,,,2026-03-18T23:59:59Z,PROSPECTUS,16,1,
37571,5604260300648,250.0,PorSi,Atum Posta em Azeite 385g,,3.29,13.16,0,kg,€/Kg,,,https://driveimg1.intermarche.com/pt/Content/images/boitmal/produit/zoom/FBF27B44B34B58FECE4729425D4D9194.jpg,,,,,,2026-03-11T23:59:59Z,PROSPECTUS,16,1,
40739,5604260302666,2000.0,PorSi,Lava Tudo Perfumado Camomila & Flor de Laranjeira,,0.99,0.5,2000,L,€/L,,,https://driveimg1.intermarche.com/pt/Content/images/boitmal/produit/zoom/EC235B47803E16EEB9720D84212A145E.jpg,,,,,,2026-03-18T23:59:59Z,PROSPECTUS,16,1,
41124,5604260305988,150.0,PorSi,Queijo Cheddar Fatiado 150g,,1.59,10.6,0,kg,€/Kg,,,https://driveimg1.intermarche.com/pt/Content/images/boitmal/produit/zoom/BDB2BA9B6253EA7519F25AA9747927C8.jpg,,,,,,2026-03-11T23:59:59Z,PROSPECTUS,16,1,
49545,2706799000000,1100.0,PorSi,Frango aberto para churrasco,Embalagem com 1.1 kg (aprox.),3.83,3.48,0,,€/Kg,,,https://driveimg1.intermarche.com/pt/Content/images/boitmal/produit/zoom/A425BFFF084B4530B695FF575C8E0B34.jpg,,,,,,2026-03-11T23:59:59Z,PROSPECTUS,16,1,
53470,5601028031288,,Renova,"Papel Higiénico Húmido, 60 unidades",,1.56,1.56,60,,€/Unidade,,,https://driveimg1.intermarche.com/pt/Content/images/boitmal/produit/zoom/9829A7AAA374301D47766A923A3E4F3B.jpg,,,,,,2026-03-11T23:59:59Z,PROSPECTUS,16,1,
57468,5604260342174,640.0,Páturages,Iogurte Líquido Morango e Banana 4x160g,,1.29,2.02,640,L,€/L,,,https://driveimg1.intermarche.com/pt/Content/images/boitmal/produit/zoom/AF962B5B7425BD12DA385970302D932E.jpg,,,,,,2026-03-11T23:59:59Z,PROSPECTUS,16,1,
8384,5601049133992,1000.0,Mimosa,"Leite uht magro, embalagem de 1litro",,0.9,0.9,1000,L,€/L,,,https://driveimg1.intermarche.com/pt/Content/images/boitmal/produit/zoom/128AB814EBA9C0783B386EB2E0A38CC9.jpg,https://driveimg1.intermarche.com/pt/Content/images/boitmal/produit/zoom/8C350978140C257D0AAD7365CD133F0C.jpg,https://driveimg1.intermarche.com/pt/Content/images/boitmal/produit/zoom/B9BED9F397071733FB4D36CBE39ECDBA.jpg,,,,2026-03-11T23:59:59Z,PROSPECTUS,16,1,
8800,5601244201922,200.0,Terra Nostra,"Queijo em fatias redução de gordura, embalagem de 200g",,2.19,10.95,0,kg,€/Kg,,,https://driveimg1.intermarche.com/pt/Content/images/boitmal/produit/zoom/4D3628F49627348D2ED37AEDC80914E5.jpg,,,,,,2026-03-11T23:59:59Z,PROSPECTUS,16,1,
9279,5603533652002,1000.0,Frize,"Água com gás limão, pack 4 x 0.25 l",,1.99,1.99,1000,L,€/L,,,https://driveimg1.intermarche.com/pt/Content/images/boitmal/produit/zoom/11B7A1FE3C8011649267813E9487639D.jpg,,,,,,2026-03-11T23:59:59Z,PROSPECTUS,16,1,
1135,5601082022758,250.0,Delta,"Café Moído Torrado Moagem Máquina Lote Chávena Int 12, emb. 250 gr",Embalagem de 250g,3.99,15.96,0,kg,€/Kg,,,https://driveimg1.intermarche.com/pt/Content/images/boitmal/produit/zoom/13E9F03FF8FB53EE57516E14277CD628.jpg,,,,,,2026-03-11T23:59:59Z,PROSPECTUS,16,1,
12943,2892087000000,1500.0,Fruta,Mamão,"1 un = 1,5 kg (aprox.)",5.84,3.89,0,,€/Kg,,,https://driveimg1.intermarche.com/pt/Content/images/boitmal/produit/zoom/E92859558CF3617793775ADAD1A11B14.jpg,,,,,,2026-03-11T23:59:59Z,PROSPECTUS,16,1,
15060,2892453000000,1000.0,Programa Origens,Abóbora Butternut,1 un = 1 kg (aprox.),0.99,0.99,0,,€/Kg,,,https://driveimg1.intermarche.com/pt/Content/images/boitmal/produit/zoom/B52C2C8A1B11C26BA2F358A3355C1A17.jpg,,,,,,2026-03-11T23:59:59Z,PROSPECTUS,16,1,
16022,5601146703609,5000.0,Sagres,"Cerveja com Álcool, emb. 20 x 25 cl",20 x 0.25 l,9.95,1.99,5000,L,€/L,,,https://driveimg1.intermarche.com/pt/Content/images/boitmal/produit/zoom/CF0AC3A8EDB171FA4E35FF0504CF12A8.jpg,,,,,,2026-03-11T23:59:59Z,PROSPECTUS,16,1,
17112,5604260319589,,PorSi,Papel Higiénico 2 Folhas Compacto 24 Rolos,,8.29,8.29,0,,€/Unidade,,,https://driveimg1.intermarche.com/pt/Content/images/boitmal/produit/zoom/C3591F9DBEF2F62E15D213A80066E204.jpg,,,,,,2026-03-11T23:59:59Z,PROSPECTUS,16,1,
1725,5604260000265,250.0,PorSi,Massa Bagos 250g,,0.48,1.92,0,kg,€/Kg,,,https://driveimg1.intermarche.com/pt/Content/images/boitmal/produit/zoom/974FF28C753808191257D3DE1EC63B00.jpg,,,,,,2026-03-11T23:59:59Z,PROSPECTUS,16,1,
20202,5601151976456,1000.0,Frize,"Água com gás limão/pepino/gengibre, pack 4 x 0.25 l",,1.99,1.99,1000,L,€/L,,,https://driveimg1.intermarche.com/pt/Content/images/boitmal/produit/zoom/8CC607BECDA933771553297655559077.jpg,,,,,,2026-03-11T23:59:59Z,PROSPECTUS,16,1,
22335,5000116110940,420.0,Capitão Iglo,"15 douradinhos, embalagem de 420g",,4.99,11.88,0,kg,€/Kg,,Tipo de stockagem,https://driveimg1.intermarche.com/pt/Content/images/boitmal/produit/zoom/3973A8C90F686ECB72E76C3B0A0492D4.jpg,,,,,,2026-03-11T23:59:59Z,PROSPECTUS,16,1,
23277,5604260281268,150.0,Porsi Programa Origens,Salada Aromática 150 G,,1.19,7.93,0,kg,€/Kg,,,https://driveimg1.intermarche.com/pt/Content/images/boitmal/produit/zoom/C822174AC715DAAEACE1CDBB865D9449.jpg,,,,,,2026-03-11T23:59:59Z,PROSPECTUS,16,1,
26047,8412600070994,650.0,Bimbo,Pão de forma s/ côdea,Embalagem de 650 g,2.14,3.29,0,kg,€/Kg,,,https://driveimg1.intermarche.com/pt/Content/images/boitmal/produit/zoom/5D9620F17746A1D49642D0DCBD72A2D3.jpg,,,,,,2026-03-11T23:59:59Z,PROSPECTUS,16,1,
26091,7613036115575,550.0,Nestlé,Cereais estrelitas,Embalagem de 550g,2.49,4.53,0,kg,€/Kg,,,https://driveimg1.intermarche.com/pt/Content/images/boitmal/produit/zoom/90505B63FB20AF187537F3B46DDB9B86.jpg,,,,,,2026-03-11T23:59:59Z,PROSPECTUS,16,1,
29613,5604260283538,1000.0,Porsi Vivabem,Bebida de Aveia 0% Açúcares Adicionados 1l,,0.99,0.99,1000,L,€/L,,,https://driveimg1.intermarche.com/pt/Content/images/boitmal/produit/zoom/1EE40BC1DA49C5CE3D084214B1D3D3B9.jpg,,,,,,2026-03-11T23:59:59Z,PROSPECTUS,16,1,
40749,5604260304158,1000.0,PorSi,Detergente Loiça Clássico 1l,Garrafa de 1 litro,0.89,0.89,1000,L,€/L,,,https://driveimg1.intermarche.com/pt/Content/images/boitmal/produit/zoom/AF2F1189F25F58E20EE8C7BA2141119A.jpg,,,,,,2026-03-18T23:59:59Z,PROSPECTUS,16,2,
42149,5604260303830,500.0,PorSi,Tomate Triturado 500g,,0.98,1.96,0,kg,€/Kg,,,https://driveimg1.intermarche.com/pt/Content/images/boitmal/produit/zoom/8D5FE479993532426630C2D76551CD53.jpg,,,,,,2026-03-11T23:59:59Z,PROSPECTUS,16,2,
43027,5604260309948,2000.0,PorSi,Amaciador Concentrado Aloé Vera 2l,,1.79,0.9,2000,L,€/L,,,https://driveimg1.intermarche.com/pt/Content/images/boitmal/produit/zoom/38E5CB2D2FE9DD479CEF7F7C95214B28.jpg,https://driveimg1.intermarche.com/pt/Content/images/boitmal/produit/zoom/8F5D9E9881CF7344832E8C38BDD4AAAF.jpg,https://driveimg1.intermarche.com/pt/Content/images/boitmal/produit/zoom/8F5D9E9881CF7344832E8C38BDD4AAAF.jpg,https://driveimg1.intermarche.com/pt/Content/images/boitmal/produit/zoom/8F5D9E9881CF7344832E8C38BDD4AAAF.jpg,,,2026-03-18T23:59:59Z,PROSPECTUS,16,2,
43659,5604260312665,275.0,PorSi,Pérolas Perfumadas Floral 275g,Embalagem de 275 g,2.99,10.87,0,kg,€/Kg,,,https://driveimg1.intermarche.com/pt/Content/images/boitmal/produit/zoom/818E4C4C5943171A63CAB38316104A99.jpg,,,,,,2026-03-18T23:59:59Z,PROSPECTUS,16,2,
47935,5604260320714,500.0,PorSi,Cereais Forma Natura 500g,,1.79,3.58,0,kg,€/Kg,,,https://driveimg1.intermarche.com/pt/Content/images/boitmal/produit/zoom/30A098BF66CEBA4CBF99985173BBE84A.jpg,https://driveimg1.intermarche.com/pt/Content/images/boitmal/produit/zoom/DFAF661C993E38BF4F79017F19AF7E3E.jpg,,,,,2026-03-11T23:59:59Z,PROSPECTUS,16,2,
48209,5604260322787,2000.0,PorSi,Detergente Máquina Roupa Delicada 66d,,2.79,1.4,2000,L,€/L,,,https://driveimg1.intermarche.com/pt/Content/images/boitmal/produit/zoom/D1552534B80C43B5DC20090AA96CB12B.jpg,,,,,,2026-03-18T23:59:59Z,PROSPECTUS,16,2,
50297,5604260324187,750.0,Labell,Gel de Banho Glamour,Embalagem com 750 ml,1.99,2.65,750,L,€/L,,,https://driveimg1.intermarche.com/pt/Content/images/boitmal/produit/zoom/54E1EC155D8DC8811D15363D26E71204.jpg,https://driveimg1.intermarche.com/pt/Content/images/boitmal/produit/zoom/BB4B4E3B90A4467E5D7685963931E65C.jpg,,,,,2026-03-11T23:59:59Z,PROSPECTUS,16,2,
51751,8720181338502,435.0,Cif,"Spray remove bolores, 435 ml",,2.49,5.72,435,L,€/L,,,https://driveimg1.intermarche.com/pt/Content/images/boitmal/produit/zoom/380C503403FDBF9BBCD37132FDE8F56E.jpg,,,,,,2026-03-18T23:59:59Z,PROSPECTUS,16,2,
52373,8720181384929,3420.0,Skip,"Detergente máquina roupa líquido sensitive, 76 doses",,12.99,3.8,3420,L,€/L,,,https://driveimg1.intermarche.com/pt/Content/images/boitmal/produit/zoom/2026CABA1ED6C8CC28BF262BD198C659.jpg,https://driveimg1.intermarche.com/pt/Content/images/boitmal/produit/zoom/08584FC3B52052055861732D08983BEF.jpg,,,,,2026-03-18T23:59:59Z,PROSPECTUS,16,2,
54321,8718951477957,100.0,Colgate,"Pasta De Dentes Tripla Ação, 100ml",,2.14,21.4,100,L,€/L,,,https://driveimg1.intermarche.com/pt/Content/images/boitmal/produit/zoom/314A8AD6D21192FE5E061EE56C598725.jpg,https://driveimg1.intermarche.com/pt/Content/images/boitmal/produit/zoom/9ADDEB220D16C8DAE54C517CBC09DC55.jpg,https://driveimg1.intermarche.com/pt/Content/images/boitmal/produit/zoom/9ADDEB220D16C8DAE54C517CBC09DC55.jpg,https://driveimg1.intermarche.com/pt/Content/images/boitmal/produit/zoom/9ADDEB220D16C8DAE54C517CBC09DC55.jpg,,,2026-03-11T23:59:59Z,PROSPECTUS,16,2,
55526,8436048965520,120.0,Artiach,"Bolachas Filipinos Chocolate Branco, 120g",,1.49,12.42,0,kg,€/Kg,,,https://driveimg1.intermarche.com/pt/Content/images/boitmal/produit/zoom/35327E82E374714AC1B41A1D1D6B708F.jpg,,,,,,2026-03-11T23:59:59Z,PROSPECTUS,16,2,
57464,5604260344062,1000.0,Páturages,Leite Uht Magro sem Lactose 1l,,1.08,1.08,1000,L,€/L,,,https://driveimg1.intermarche.com/pt/Content/images/boitmal/produit/zoom/97359A3881893015EFCE0CA6209E02AF.jpg,,,,,,2026-03-11T23:59:59Z,PROSPECTUS,16,2,
8382,5601049131998,1000.0,Mimosa,"Leite uht gordo, embalagem de 1litro",,1.05,1.05,1000,L,€/L,,,https://driveimg1.intermarche.com/pt/Content/images/boitmal/produit/zoom/5D46937192D7E0425B02DA44F0AF6CA9.jpg,https://driveimg1.intermarche.com/pt/Content/images/boitmal/produit/zoom/85426DF0A207BC5690BA7486D86DBCDC.jpg,https://driveimg1.intermarche.com/pt/Content/images/boitmal/produit/zoom/85C3489AE589A6300942C731BCB55282.jpg,,,,2026-03-11T23:59:59Z,PROSPECTUS,16,2,
10651,8714789113227,75.0,Colgate,"Pasta dentífrica herbal branqueadora, embalagem de 75 ml",,1.99,26.53,75,L,€/L,,,https://driveimg1.intermarche.com/pt/Content/images/boitmal/produit/zoom/D603169FD8B2B272886B853A2EE3184C.jpg,,,,,,2026-03-11T23:59:59Z,PROSPECTUS,16,2,
1138,5601082022796,250.0,Delta,"Café em Grão Torrado Lote Chávena Int 12, emb. 250 gr",Embalagem de 250g,3.99,15.96,0,kg,€/Kg,,,https://driveimg1.intermarche.com/pt/Content/images/boitmal/produit/zoom/A8B4C93555D2897E7B184C0C3550DF4C.jpg,,,,,,2026-03-11T23:59:59Z,PROSPECTUS,16,2,
11463,5601018001642,250.0,Gresso,"Manteiga com sal, embalagem de 250g",,2.14,8.56,0,kg,€/Kg,,,https://driveimg1.intermarche.com/pt/Content/images/boitmal/produit/zoom/3A5F1036925C0C6B8D6C067104A96CDE.jpg,https://driveimg1.intermarche.com/pt/Content/images/boitmal/produit/zoom/7AC5179CFF33BEA38B382077FB05A477.jpg,,,,,2026-03-11T23:59:59Z,PROSPECTUS,16,2,
12106,5604260266593,320.0,PorSi,Napolitanas Creme de Baunilha,,1.77,5.53,0,kg,€/Kg,,,https://driveimg1.intermarche.com/pt/Content/images/boitmal/produit/zoom/DD74E124716DAC476D4D2CC49FD2F04F.jpg,,,,,,2026-03-11T23:59:59Z,PROSPECTUS,16,2,
12519,8712100417054,416.0,HellmannS,"Maionese, frasco, embalagem de 420g",,2.99,7.19,0,kg,€/Kg,,,https://driveimg1.intermarche.com/pt/Content/images/boitmal/produit/zoom/6AB870EF622544FC82599432CC32DE9B.jpg,https://driveimg1.intermarche.com/pt/Content/images/boitmal/produit/zoom/6731B805B2B4B445CCCFD0D614219E37.jpg,https://driveimg1.intermarche.com/pt/Content/images/boitmal/produit/zoom/6731B805B2B4B445CCCFD0D614219E37.jpg,https://driveimg1.intermarche.com/pt/Content/images/boitmal/produit/zoom/6731B805B2B4B445CCCFD0D614219E37.jpg,,,2026-03-11T23:59:59Z,PROSPECTUS,16,2,
1287,5601151260753,410.0,Compal,"Grão de bico, lata de 410 ml",,1.19,2.9,410,L,€/L,,,https://driveimg1.intermarche.com/pt/Content/images/boitmal/produit/zoom/731C3C517063722402F07A7D8ECB2B92.jpg,,,,,,2026-03-11T23:59:59Z,PROSPECTUS,16,2,
14372,8712100599392,550.0,Calvé,"Ketchup Top Down sem Glúten, emb. 550 gr",,2.59,4.71,0,kg,€/Kg,,,https://driveimg1.intermarche.com/pt/Content/images/boitmal/produit/zoom/6D3218F33B22BC3205033BC41E176600.jpg,https://driveimg1.intermarche.com/pt/Content/images/boitmal/produit/zoom/FE7F103C359D2D1FD7BF3FDC8DD381BA.jpg,https://driveimg1.intermarche.com/pt/Content/images/boitmal/produit/zoom/FE7F103C359D2D1FD7BF3FDC8DD381BA.jpg,https://driveimg1.intermarche.com/pt/Content/images/boitmal/produit/zoom/FE7F103C359D2D1FD7BF3FDC8DD381BA.jpg,,,2026-03-11T23:59:59Z,PROSPECTUS,16,2,
16419,5604260127535,1000.0,PorSi,Creme Vegetal para Culinária 1kg,,2.49,2.49,0,kg,€/Kg,,,https://driveimg1.intermarche.com/pt/Content/images/boitmal/produit/zoom/FB259DEFAEB5F72C3060F4D1DD8E9756.jpg,,,,,,2026-03-11T23:59:59Z,PROSPECTUS,16,2,
1834,5604260034505,500.0,PorSi,Batatas Fritas Palha Larga 500g,,2.58,5.16,0,kg,€/Kg,,,https://driveimg1.intermarche.com/pt/Content/images/boitmal/produit/zoom/C01ACEDAC47CBE95FC31DF87E03A78AD.jpg,,,,,,2026-03-11T23:59:59Z,PROSPECTUS,16,2,
2285,5604260270156,420.0,PorSi,Chispalhada 420g,,2.29,5.45,0,kg,€/Kg,,,https://driveimg1.intermarche.com/pt/Content/images/boitmal/produit/zoom/F03072B8C900736917AF65FFF1C2DF00.jpg,,,,,,2026-03-11T23:59:59Z,PROSPECTUS,16,2,
23582,5604260281275,175.0,Porsi Programa Origens,Salada Premium 175 G,,0.99,5.66,0,kg,€/Kg,,,https://driveimg1.intermarche.com/pt/Content/images/boitmal/produit/zoom/A8F765E7D8A6C281765A51B35764D182.jpg,,,,,,2026-03-11T23:59:59Z,PROSPECTUS,16,2,
25108,5601226041720,750.0,Ucal,"Leite uht com chocolate, embalagem de 3 x 250 ml",,2.59,3.45,750,L,€/L,,,https://driveimg1.intermarche.com/pt/Content/images/boitmal/produit/zoom/7D29449DA2FD72495E3738757304836A.jpg,,,,,,2026-03-11T23:59:59Z,PROSPECTUS,16,2,
28681,5605173897317,2000.0,Maçã da Beira Alta IGP,Maçã Starking,Embalagem de 2 kg,2.45,1.23,0,kg,€/Kg,,,https://driveimg1.intermarche.com/pt/Content/images/boitmal/produit/zoom/39E9CAB337058C7FF50B1CAA47070535.jpg,,,,,,2026-03-11T23:59:59Z,PROSPECTUS,16,2,
33481,5604260285112,250.0,PorSi,Detergente Limpa Máquina da Roupa 250ml,,1.55,6.2,250,L,€/L,,,https://driveimg1.intermarche.com/pt/Content/images/boitmal/produit/zoom/34D56518FB0809E2A85FBAD383E5547D.jpg,,,,,,2026-03-18T23:59:59Z,PROSPECTUS,16,2,
40383,2696845000000,500.0,Padaria,Pão forma de Rio Maior,500 g,1.45,2.9,0,kg,€/Kg,,,https://driveimg1.intermarche.com/pt/Content/images/boitmal/produit/zoom/17337BA5BC6BED0E351797EFE70D6ACA.jpg,,,,,,2026-03-11T23:59:59Z,PROSPECTUS,16,2,
405,8712566410910,275.0,Calvé,"Ketchup Top Down sem Glúten, emb. 275 gr",,1.48,5.38,0,kg,€/Kg,,,https://driveimg1.intermarche.com/pt/Content/images/boitmal/produit/zoom/9E63EED4B27A252289B8979C188F5B40.jpg,https://driveimg1.intermarche.com/pt/Content/images/boitmal/produit/zoom/0D7B165FF00CA45BD8F6AC077E3CA1EC.jpg,https://driveimg1.intermarche.com/pt/Content/images/boitmal/produit/zoom/0D7B165FF00CA45BD8F6AC077E3CA1EC.jpg,https://driveimg1.intermarche.com/pt/Content/images/boitmal/produit/zoom/0D7B165FF00CA45BD8F6AC077E3CA1EC.jpg,,,2026-03-11T23:59:59Z,PROSPECTUS,16,2,
40520,5604260297047,200.0,PorSi,Pickles em Vinagre 350g,,1.04,5.2,0,kg,€/Kg,,,https://driveimg1.intermarche.com/pt/Content/images/boitmal/produit/zoom/F6B7F521514B60ECCF7C2B3661EB50D7.jpg,,,,,,2026-03-11T23:59:59Z,PROSPECTUS,16,2,
41360,5601050036268,160.0,Yopro,"Yopro mirtilo, embalagem de 160g",,1.29,8.06,0,kg,€/Kg,,,https://driveimg1.intermarche.com/pt/Content/images/boitmal/produit/zoom/DCA8853EDE27123693F6D3AE94D87D35.jpg,,,,,,2026-03-11T23:59:59Z,PROSPECTUS,16,2,
41718,5604260303823,90.0,PorSi,Puré de Fruta Maçã Manga Pessego 90g,,0.59,6.56,0,kg,€/Kg,,,https://driveimg1.intermarche.com/pt/Content/images/boitmal/produit/zoom/9B27C39372BB074FB232EB9A2E0BB35A.jpg,,,,,,2026-03-11T23:59:59Z,PROSPECTUS,16,2,
41720,5604260303786,90.0,PorSi,Puré de Fruta Maçã Banana e Morango 90g,,0.59,6.56,0,kg,€/Kg,,,https://driveimg1.intermarche.com/pt/Content/images/boitmal/produit/zoom/EB59B6CAE9A8CD6FFFC194AC89C34DBC.jpg,,,,,,2026-03-11T23:59:59Z,PROSPECTUS,16,2,
43541,5604260309955,2000.0,PorSi,Amaciador Concentrado Floral 2l,,1.79,0.9,2000,L,€/L,,,https://driveimg1.intermarche.com/pt/Content/images/boitmal/produit/zoom/051755203CB0DF5DAB3A4311EAE749EB.jpg,,,,,,2026-03-18T23:59:59Z,PROSPECTUS,16,2,
43847,5604260303601,2000.0,PorSi,Sal para Máquina de Lavar Loiça 2kg,,0.79,0.4,0,kg,€/Kg,,,https://driveimg1.intermarche.com/pt/Content/images/boitmal/produit/zoom/D82E0D3BEDB9300391E79B76131FD377.jpg,https://driveimg1.intermarche.com/pt/Content/images/boitmal/produit/zoom/B794A5967EB64687E479EB017EFD747A.jpg,,,,,2026-03-11T23:59:59Z,PROSPECTUS,16,2,
48918,5604260320905,,PorSi,Tampões Super - 32 Unidades,,1.79,1.79,0,,€/Unidade,,,https://driveimg1.intermarche.com/pt/Content/images/boitmal/produit/zoom/90B8F6662219C89C88E7788A6B9D64AC.jpg,https://driveimg1.intermarche.com/pt/Content/images/boitmal/produit/zoom/1CD06FF772DA863064B46F160C279828.jpg,https://driveimg1.intermarche.com/pt/Content/images/boitmal/produit/zoom/1CD06FF772DA863064B46F160C279828.jpg,https://driveimg1.intermarche.com/pt/Content/images/boitmal/produit/zoom/1CD06FF772DA863064B46F160C279828.jpg,https://driveimg1.intermarche.com/pt/Content/images/boitmal/produit/zoom/1CD06FF772DA863064B46F160C279828.jpg,,2026-03-11T23:59:59Z,PROSPECTUS,16,2,
51182,5601217137272,720.0,Quanto,"Perfumador de roupa rosa, 36 doses",,3.49,4.85,720,L,€/L,,,https://driveimg1.intermarche.com/pt/Content/images/boitmal/produit/zoom/49C27F970394771F7D0DE5ACF0C1EA92.jpg,,,,,,2026-03-18T23:59:59Z,PROSPECTUS,16,2,
5243,5601151170755,410.0,Compal,"Feijão Preto Cozido, emb. 410 gr",,1.19,2.9,410,L,€/L,,,https://driveimg1.intermarche.com/pt/Content/images/boitmal/produit/zoom/DF73EAA1B2C44B1F4CECF535DE17EB7C.jpg,,,,,,2026-03-11T23:59:59Z,PROSPECTUS,16,2,
54320,8718951559721,100.0,Colgate,"Pasta De Dentes Maximum Caries Protection, 100ml",,2.14,21.4,100,L,€/L,,,https://driveimg1.intermarche.com/pt/Content/images/boitmal/produit/zoom/FB112999317664A7E18AAA81FF2A5D06.jpg,https://driveimg1.intermarche.com/pt/Content/images/boitmal/produit/zoom/3694932EDFE660C6F958943C13CEE297.jpg,https://driveimg1.intermarche.com/pt/Content/images/boitmal/produit/zoom/3694932EDFE660C6F958943C13CEE297.jpg,https://driveimg1.intermarche.com/pt/Content/images/boitmal/produit/zoom/3694932EDFE660C6F958943C13CEE297.jpg,,,2026-03-11T23:59:59Z,PROSPECTUS,16,2,
55185,5601151963869,410.0,Compal,"Lentilhas Cozidas, 410g",,1.59,3.88,0,kg,€/Kg,,,https://driveimg1.intermarche.com/pt/Content/images/boitmal/produit/zoom/EF5BD1BEC2A2D5B65F9A2DBB0455AB3E.jpg,,,,,,2026-03-11T23:59:59Z,PROSPECTUS,16,2,
55354,8410063095202,1200.0,Pescanova,"Barrinhas de Pescada sem Glúten, emb. 1,2 kg (36 a 40 un)",,7.99,6.66,0,kg,€/Kg,,Tipo de stockagem,https://driveimg1.intermarche.com/pt/Content/images/boitmal/produit/zoom/D2F57A76EACAFAE8D2E905FFD81B787B.jpg,,,,,,2026-03-11T23:59:59Z,PROSPECTUS,16,2,
55717,8436048965650,120.0,Artiach,"Bolachas Filipinos Chocolate Negro, 120g",,1.49,12.42,0,kg,€/Kg,,,https://driveimg1.intermarche.com/pt/Content/images/boitmal/produit/zoom/3BD8C7F59FA6BA65A313CC23729BACE2.jpg,,,,,,2026-03-11T23:59:59Z,PROSPECTUS,16,2,
57700,8410500031848,480.0,Yopro,"Iogurte Proteína Morango, emb. 480 gr (4 x 120 gr)",,2.99,6.23,0,kg,€/Kg,,,https://driveimg1.intermarche.com/pt/Content/images/boitmal/produit/zoom/43C4E99C6044667FC1DCE18375B35038.jpg,,,,,,2026-03-11T23:59:59Z,PROSPECTUS,16,2,
57722,5604260342259,640.0,Páturages,Iogurte Líquido Melancia e Melão 4x160g,,1.29,2.02,640,L,€/L,,,https://driveimg1.intermarche.com/pt/Content/images/boitmal/produit/zoom/90A338F70DC79398052D8A4F84D55D78.jpg,,,,,,2026-03-11T23:59:59Z,PROSPECTUS,16,2,
57723,5604260342228,640.0,Páturages,Iogurte Líquido Stracciatella 4x160g,,1.29,2.02,640,L,€/L,,,https://driveimg1.intermarche.com/pt/Content/images/boitmal/produit/zoom/0D9684E9BB3034F4E0029C50F6210F35.jpg,,,,,,2026-03-11T23:59:59Z,PROSPECTUS,16,2,
6580,8412400193015,1000.0,Mr. Muscle,"Desentupidor Canos Gel, emb. 1 lt",,5.99,5.99,1000,L,€/L,,,https://driveimg1.intermarche.com/pt/Content/images/boitmal/produit/zoom/E4CBB8829ACC4E9939AAEA434FE9EF72.jpg,,,,,,2026-03-18T23:59:59Z,PROSPECTUS,16,2,
6834,8714789162607,,Colgate,"Escova de dentes, extra clean, 2 unidades",,2.24,2.24,2,,€/Unidade,,,https://driveimg1.intermarche.com/pt/Content/images/boitmal/produit/zoom/44661A51C33886F9F9D2E9E6336E3737.jpg,,,,,,2026-03-11T23:59:59Z,PROSPECTUS,16,2,
9541,5604260167012,,PorSi,Papel Higiénico Branco Compacto 2 Folhas 12 Rolos,,3.99,3.99,0,,€/Unidade,,,https://driveimg1.intermarche.com/pt/Content/images/boitmal/produit/zoom/F1DC4CF9A0E329A026FBC67510881716.jpg,,,,,,2026-03-11T23:59:59Z,PROSPECTUS,16,2,
1010,5601038300091,240.0,Knorr,"Caldo de Galinha Cubos, emb. 240 gr (24 un)",,2.49,10.38,0,kg,€/Kg,,,https://driveimg1.intermarche.com/pt/Content/images/boitmal/produit/zoom/4E25834255892D5C9C1047A286FE9847.jpg,,,,,,2026-03-11T23:59:59Z,PROSPECTUS,16,2,
11522,5601050207750,1200.0,Danone,"Iogurte danacol de morango, embalagem de 12 x 100 g",,5.99,4.99,0,kg,€/Kg,,,https://driveimg1.intermarche.com/pt/Content/images/boitmal/produit/zoom/10BA36D674585833A0006F09517047AF.jpg,,,,,,2026-03-11T23:59:59Z,PROSPECTUS,16,2,
11935,5603124023273,545.0,Mistolin,"Tira gorduras pistola, 550 ml",,2.59,4.75,545,L,€/L,,,https://driveimg1.intermarche.com/pt/Content/images/boitmal/produit/zoom/61307002E6EA5352BB9A64A39F439A9A.jpg,,,,,,2026-03-18T23:59:59Z,PROSPECTUS,16,2,
1274,5601151070758,410.0,Compal,"Feijão manteiga, lata de 410 ml",,1.19,2.9,410,L,€/L,,,https://driveimg1.intermarche.com/pt/Content/images/boitmal/produit/zoom/F168BC675838A1B24B473123F714EAB2.jpg,,,,,,2026-03-11T23:59:59Z,PROSPECTUS,16,2,
13577,2893572000000,200.0,Peixaria,Pota Inteira Congelada,1 un= 200 gr (aprox.),1.0,4.99,0,,€/Kg,,Avantages !,https://driveimg1.intermarche.com/pt/Content/images/boitmal/produit/zoom/B2D6321EA80C5271A6C9DE3162C36D95.jpg,,,,,,2026-03-11T23:59:59Z,PROSPECTUS,16,2,
13602,2893597000000,500.0,Peixaria,Pescada Média Argentina Congelada,+ de 500 g,2.25,4.49,0,,€/Kg,,Avantages !,https://driveimg1.intermarche.com/pt/Content/images/boitmal/produit/zoom/0D3A6A42D4C22CDA932A00A286926BF6.jpg,,,,,,2026-03-11T23:59:59Z,PROSPECTUS,16,2,
13977,2696106000000,,Pastelaria,Folhado de Maçã,1 unidade= 100 g,0.79,0.79,0,,€/Unidade,,,https://driveimg1.intermarche.com/pt/Content/images/boitmal/produit/zoom/C92497D9C6A75CD832651E848AF344C3.jpg,,,,,,2026-03-11T23:59:59Z,PROSPECTUS,16,2,
15879,5601164902282,3000.0,Super Bock,"Cerveja com Álcool Mini, emb. 15 x 20 cl",,7.29,2.43,3000,L,€/L,,,https://driveimg1.intermarche.com/pt/Content/images/boitmal/produit/zoom/F51CB7668EA2A2D5B4B811ABB528133B.jpg,,,,,,2026-03-11T23:59:59Z,PROSPECTUS,16,2,
16939,7622210475411,171.0,Triunfo,"Bolacha digestiva go canela, emb. 171g",,1.84,10.76,0,kg,€/Kg,,,https://driveimg1.intermarche.com/pt/Content/images/boitmal/produit/zoom/D9C53D2478AF2B3727D495A573D3A599.jpg,,,,,,2026-03-11T23:59:59Z,PROSPECTUS,16,2,
1949,5604260056958,200.0,PorSi,Massa de Pimentão 200g,,0.85,4.25,0,kg,€/Kg,,,https://driveimg1.intermarche.com/pt/Content/images/boitmal/produit/zoom/06719CB99B4D5420820EA0F88FE0319A.jpg,,,,,,2026-03-11T23:59:59Z,PROSPECTUS,16,2,
23524,5000204922851,750.0,Pato,"Abrasivo Sanitário Gel Extra Power com Lixívia Marinho, emb. 750 ml",,1.69,2.25,750,L,€/L,,,https://driveimg1.intermarche.com/pt/Content/images/boitmal/produit/zoom/60268FF4016AF8FBA52DB6A9A88D181B.jpg,,,,,,2026-03-18T23:59:59Z,PROSPECTUS,16,2,
32063,8712423038844,33.0,Knorr,"Strogonoff 1, 2, 3...sabor!, embalagem de 33 g",,1.19,36.06,0,kg,€/Kg,,,https://driveimg1.intermarche.com/pt/Content/images/boitmal/produit/zoom/4A8045759567B372AE215D4B257F03A8.jpg,,,,,,2026-03-11T23:59:59Z,PROSPECTUS,16,2,
35499,5601151973769,3500.0,Sumol,"Refrigerante com gás de laranja, 2 x 1.75 l",,2.59,0.74,3500,L,€/L,,,https://driveimg1.intermarche.com/pt/Content/images/boitmal/produit/zoom/15C97042A71F49C362C4C213EA28900F.jpg,,,,,,2026-03-11T23:59:59Z,PROSPECTUS,16,2,
37281,3760034065655,500.0,PorSi,Dobrada à Moda de Caen 500 G,,4.59,9.18,0,kg,€/Kg,,,https://driveimg1.intermarche.com/pt/Content/images/boitmal/produit/zoom/C3AC5F7329157A178395751093B058F0.jpg,,,,,,2026-03-11T23:59:59Z,PROSPECTUS,16,2,
37923,5604260300990,1000.0,Porsi Vivabem,Bebida de Amêndoa 1l,,1.09,1.09,1000,L,€/L,,,https://driveimg1.intermarche.com/pt/Content/images/boitmal/produit/zoom/74B05726BD16B03D5A528D4778757940.jpg,,,,,,2026-03-11T23:59:59Z,PROSPECTUS,16,2,
37948,5601217132697,500.0,Cillitbang,"Spray limpeza casa de banho, embalagem de 500 ml",,2.49,4.98,500,L,€/L,,,https://driveimg1.intermarche.com/pt/Content/images/boitmal/produit/zoom/62E5A8E0A6D5CF81B7A29AA6D1070117.jpg,,,,,,2026-03-18T23:59:59Z,PROSPECTUS,16,2,
37987,5601809011539,550.0,Riberalves,Lombos de bacalhau 4 meses de cura,Embalagem de 550 g,14.99,27.25,0,kg,€/Kg,,Tipo de stockagem,https://driveimg1.intermarche.com/pt/Content/images/boitmal/produit/zoom/9C6DE71E12945881D3F9808E35022C27.jpg,,,,,,2026-03-11T23:59:59Z,PROSPECTUS,16,2,
38148,5603722519123,1000.0,Milhafre,Leite de Pastagem Biológico Meio Gordo,1 litro,1.14,1.14,1000,L,€/L,,Produtos Bio,https://driveimg1.intermarche.com/pt/Content/images/boitmal/produit/zoom/DCB3EAE989BC2DDA8E3D76C140D59BA5.jpg,,,,,,2026-03-11T23:59:59Z,PROSPECTUS,16,2,
40969,5601151972557,1000.0,Frize,"Água com gás sabor a maracujá, pack 4x 0,25l",,1.99,1.99,1000,L,€/L,,,https://driveimg1.intermarche.com/pt/Content/images/boitmal/produit/zoom/AF6318AC77392E694BAA2AC34B4CAA04.jpg,,,,,,2026-03-11T23:59:59Z,PROSPECTUS,16,2,
41716,5604260303809,90.0,PorSi,Puré Fruta Multifrutos Maçã / Pêssego / Banana / Pera 90g,,0.59,6.56,0,kg,€/Kg,,,https://driveimg1.intermarche.com/pt/Content/images/boitmal/produit/zoom/1CAFF4A82E080C7A12967171C7D2027F.jpg,,,,,,2026-03-11T23:59:59Z,PROSPECTUS,16,2,
43546,5604260312207,1000.0,PorSi,Tira Nodoas Oxigénio Ativo Branqueador 1 kg,,2.69,2.69,0,kg,€/Kg,,,https://driveimg1.intermarche.com/pt/Content/images/boitmal/produit/zoom/63E1D594AAE9A64B72276792E811057C.jpg,,,,,,2026-03-18T23:59:59Z,PROSPECTUS,16,2,
45697,5604260313426,,PorSi,Toalhitas Anti-transferência de Cores X20,,1.39,1.39,0,,€/Unidade,,,https://driveimg1.intermarche.com/pt/Content/images/boitmal/produit/zoom/7C3CC46A810762A8607DC19A2E089978.jpg,,,,,,2026-03-18T23:59:59Z,PROSPECTUS,16,2,
46807,5601050037258,1200.0,Danone,"Iogurte tutti fruti, embalagem de 12 x 100 g",,5.99,4.99,0,kg,€/Kg,,,https://driveimg1.intermarche.com/pt/Content/images/boitmal/produit/zoom/E2388230C3A52F627250715E11000D3C.jpg,,,,,,2026-03-11T23:59:59Z,PROSPECTUS,16,2,
4785,5000396036138,218.0,McVities,"Bolachas fruit & form de maçã e canela, emb. 218g",,1.99,9.13,0,kg,€/Kg,,,https://driveimg1.intermarche.com/pt/Content/images/boitmal/produit/zoom/4769CC9B7DCE0DA17354265C7FF7343C.jpg,,,,,,2026-03-11T23:59:59Z,PROSPECTUS,16,2,
49767,5601151969106,1000.0,Frize,"Água com gás ananás, pack 4 x 0.25 l",,1.99,1.99,1000,L,€/L,,,https://driveimg1.intermarche.com/pt/Content/images/boitmal/produit/zoom/894FBD4D289713EED7DB570E33675A74.jpg,,,,,,2026-03-11T23:59:59Z,PROSPECTUS,16,2,
49831,8445290157348,390.0,Nesquik,"Achocolatado em pó, embalagem de 390g",,3.74,9.59,0,kg,€/Kg,,,https://driveimg1.intermarche.com/pt/Content/images/boitmal/produit/zoom/1C8D0ADDD419DD646B2CF36E18D3378F.jpg,,,,,,2026-03-11T23:59:59Z,PROSPECTUS,16,2,
51837,8711327587205,2000.0,Lipton,Ice tea lipton pessego 2l,,2.39,1.2,2000,L,€/L,,,https://driveimg1.intermarche.com/pt/Content/images/boitmal/produit/zoom/337078DD8DFA2309401BA5C925E0DABA.jpg,,,,,,2026-03-11T23:59:59Z,PROSPECTUS,16,2,
51925,8711327587632,2000.0,Lipton,Ice tea lipton chá preto manga zero 2l,,2.39,1.2,2000,L,€/L,,,https://driveimg1.intermarche.com/pt/Content/images/boitmal/produit/zoom/241DBF240C312378317C24947EDC5453.jpg,,,,,,2026-03-11T23:59:59Z,PROSPECTUS,16,2,
52600,5601217137951,1710.0,Quanto,"Amaciador roupa concentrado ouro e orquídea branca, 95 doses",,3.98,2.33,1710,L,€/L,,,https://driveimg1.intermarche.com/pt/Content/images/boitmal/produit/zoom/D5BBE20226E42754DBBAD723FC764C65.jpg,,,,,,2026-03-18T23:59:59Z,PROSPECTUS,16,2,
52880,8719200267794,450.0,Becel,"Creme vegetal de barrar com sabor a manteiga, 450g",,2.99,6.64,0,kg,€/Kg,,,https://driveimg1.intermarche.com/pt/Content/images/boitmal/produit/zoom/E2EFE8BE5E96AF9FCA9D840059BF696C.jpg,https://driveimg1.intermarche.com/pt/Content/images/boitmal/produit/zoom/287D301C66C180312FAA8A3BAE7EA710.jpg,https://driveimg1.intermarche.com/pt/Content/images/boitmal/produit/zoom/287D301C66C180312FAA8A3BAE7EA710.jpg,https://driveimg1.intermarche.com/pt/Content/images/boitmal/produit/zoom/287D301C66C180312FAA8A3BAE7EA710.jpg,,,2026-03-11T23:59:59Z,PROSPECTUS,16,2,
53759,8435495833864,4050.0,Gama,Detergente Máquina Roupa Líquido Floral,Embalagem de 90 Doses,9.99,2.47,4050,L,€/L,,,https://driveimg1.intermarche.com/pt/Content/images/boitmal/produit/zoom/E1E291536BF780CF5BF8B661E6DDC660.jpg,https://driveimg1.intermarche.com/pt/Content/images/boitmal/produit/zoom/B1444808EE37FB337A50B68241AE2CB7.jpg,https://driveimg1.intermarche.com/pt/Content/images/boitmal/produit/zoom/B1444808EE37FB337A50B68241AE2CB7.jpg,,,,2026-03-18T23:59:59Z,PROSPECTUS,16,2,
53809,5604260330652,90.0,Labell,Sabonete Lavanda - 90 G,,0.64,7.11,0,kg,€/Kg,,,https://driveimg1.intermarche.com/pt/Content/images/boitmal/produit/zoom/64E8FE24E5D202DCB538A2800CF4F48C.jpg,,,,,,2026-03-11T23:59:59Z,PROSPECTUS,16,2,
54240,8720182870933,750.0,Cif,"Spray wc power & shine, 750ml",,2.99,3.99,750,L,€/L,,,https://driveimg1.intermarche.com/pt/Content/images/boitmal/produit/zoom/AF06DD56DD26D88A17AF72D8DF21ED04.jpg,,,,,,2026-03-18T23:59:59Z,PROSPECTUS,16,2,
54267,4006000095752,750.0,Nivea,"Gel de banho creme care, 750ml",,2.99,3.99,750,L,€/L,,,https://driveimg1.intermarche.com/pt/Content/images/boitmal/produit/zoom/B020BA363B55A2D6537EE33E51B90658.jpg,,,,,,2026-03-11T23:59:59Z,PROSPECTUS,16,2,
54316,4064035151324,,Scotch Brite,"Esfregão Esponja, emb. 2 + 1 GRÁTIS",,0.99,0.99,0,,€/Unidade,,,https://driveimg1.intermarche.com/pt/Content/images/boitmal/produit/zoom/A4B005D8CCAAFC71AAB327E2A5FE66C0.jpg,,,,,,2026-03-18T23:59:59Z,PROSPECTUS,16,2,
54349,5601217138040,1332.0,Quanto,"Amaciador roupa concentrado ametista e íris, 74d",,2.99,2.24,1332,L,€/L,,,https://driveimg1.intermarche.com/pt/Content/images/boitmal/produit/zoom/AA97CA06C6A5E4D6FDDA513779ACDB8A.jpg,,,,,,2026-03-18T23:59:59Z,PROSPECTUS,16,2,
54365,8410104915209,,Finish,"Detergente Loiça Máquina Quantum Limão, 64 Pastilhas",,12.99,12.99,0,,€/Unidade,,,https://driveimg1.intermarche.com/pt/Content/images/boitmal/produit/zoom/D395D7FB7505791938B52E99053AC6D0.jpg,,,,,,2026-03-18T23:59:59Z,PROSPECTUS,16,2,
54374,8435495842798,,A+,"Detergente Máquina Roupa Líquido Fresh Flowers, 56D",,8.99,8.99,0,,€/Unidade,,,https://driveimg1.intermarche.com/pt/Content/images/boitmal/produit/zoom/229F605C57CCF29A5FEDA8CCA020ADD9.jpg,,,,,,2026-03-18T23:59:59Z,PROSPECTUS,16,2,
54538,8006540763582,,Fairy,"Detergente Máquina Loiça Pastilhas Original Tudo em 1 Limão, 71D",,12.99,12.99,0,,€/Unidade,,,https://driveimg1.intermarche.com/pt/Content/images/boitmal/produit/zoom/937EB01E1BF93392425BD6CC2ABF2650.jpg,,,,,,2026-03-18T23:59:59Z,PROSPECTUS,16,2,
54795,5603722521225,604.0,Mimosa,"Iogurte magro liquido morango, 4x151 ml",,1.54,2.55,604,L,€/L,,,https://driveimg1.intermarche.com/pt/Content/images/boitmal/produit/zoom/075603ECF4916B645B9AA45146480552.jpg,,,,,,2026-03-11T23:59:59Z,PROSPECTUS,16,2,
54805,5603722521256,604.0,Mimosa,"Iogurte magro liquido morango e kiwi, 4 x 151ml",,1.54,2.55,604,L,€/L,,,https://driveimg1.intermarche.com/pt/Content/images/boitmal/produit/zoom/A3858514DE6D6159040FFCC958098D81.jpg,,,,,,2026-03-11T23:59:59Z,PROSPECTUS,16,2,
55716,8436048965513,120.0,Artiach,"Bolachas Filipinos de Leite, 120g",,1.49,12.42,0,kg,€/Kg,,,https://driveimg1.intermarche.com/pt/Content/images/boitmal/produit/zoom/DF088B6B0F678D7C88ED192F9118C7FD.jpg,,,,,,2026-03-11T23:59:59Z,PROSPECTUS,16,2,
57319,8410500031831,480.0,Yopro,"Iogurte Proteína Stracciatella, emb. 480 gr (4 un)",,2.99,6.23,0,kg,€/Kg,,,https://driveimg1.intermarche.com/pt/Content/images/boitmal/produit/zoom/56334D6AADE2382F761FCD450A5D5978.jpg,,,,,,2026-03-11T23:59:59Z,PROSPECTUS,16,2,
57470,5604260342150,640.0,Páturages,Iogurte Líquido Morango e Cereais 4x160g,,1.29,2.02,640,L,€/L,,,https://driveimg1.intermarche.com/pt/Content/images/boitmal/produit/zoom/24CFA5FFD19C7D69540937B7D822D75B.jpg,,,,,,2026-03-11T23:59:59Z,PROSPECTUS,16,2,
57695,8720181748462,700.0,Vaseline,"Gel de Banho Rosas e Jasmim, emb. 700 ml",,2.99,4.27,700,L,€/L,,,https://driveimg1.intermarche.com/pt/Content/images/boitmal/produit/zoom/E88830E0C0BABFADE98801A700582679.jpg,,,,,,2026-03-11T23:59:59Z,PROSPECTUS,16,2,
57724,5604260342198,640.0,Páturages,Iogurte Líquido Frutos Vermelhos 4x160g,,1.29,2.02,640,L,€/L,,,https://driveimg1.intermarche.com/pt/Content/images/boitmal/produit/zoom/BA2E1F11BEEEB6E3A8C036C1DC3DC9F8.jpg,,,,,,2026-03-11T23:59:59Z,PROSPECTUS,16,2,
6111,7613031204458,340.0,Purina Gourmet,Comida húmida para gato finos pedaços em molho,Embalagem de 340g,2.59,7.62,0,kg,€/Kg,,,https://driveimg1.intermarche.com/pt/Content/images/boitmal/produit/zoom/393F7D9374FE095E1E4BD6A16BFBFD33.jpg,,,,,,2026-03-11T23:59:59Z,PROSPECTUS,16,2,
6404,8410376017113,500.0,Gullón,"Bolacha recheada mega duo chocolate, embalagem de 500g",,2.49,4.98,0,kg,€/Kg,,,https://driveimg1.intermarche.com/pt/Content/images/boitmal/produit/zoom/C45733893FB084218EB8D5FCB2E025BB.jpg,,,,,,2026-03-11T23:59:59Z,PROSPECTUS,16,2,
944,5601001339301,200.0,Nestlé,"Mistura solúvel mokambo, embalagem de 200g",,3.89,19.45,0,kg,€/Kg,,,https://driveimg1.intermarche.com/pt/Content/images/boitmal/produit/zoom/7654D4A8AEB526591EE0FD0D1A7BE478.jpg,,,,,,2026-03-11T23:59:59Z,PROSPECTUS,16,2,
9999,8001480020535,4000.0,Neoblanc,Lixívia Tradicional,Embalagem de 4 l,3.09,0.77,4000,L,€/L,,,https://driveimg1.intermarche.com/pt/Content/images/boitmal/produit/zoom/9906959CB147C83320C04CF2C670E38F.jpg,,,,,,2026-03-18T23:59:59Z,PROSPECTUS,16,2,
10175,8410375110211,300.0,Bonduelle,"Milho Doce sem Glúten, emb. 300 gr",Embalagem de 300 g,1.74,5.8,0,kg,€/Kg,,,https://driveimg1.intermarche.com/pt/Content/images/boitmal/produit/zoom/7DBD23167EE67669947EBE9FBBED55C3.jpg,,,,,,2026-03-11T23:59:59Z,PROSPECTUS,16,2,
1072,5601063000881,35.0,Margão,"Pimenta preta, com moinho, no frasco, 35g",,2.88,82.29,0,kg,€/Kg,,,https://driveimg1.intermarche.com/pt/Content/images/boitmal/produit/zoom/9717CC5744100739EB3308E740149C0C.jpg,,,,,,2026-03-11T23:59:59Z,PROSPECTUS,16,2,
1140,5601082026909,,Delta Q,"Cápsulas de Café Qalidus Int 10, 10 Cápsulas",Embalagem de 60g,3.99,3.99,0,,€/Unidade,,,https://driveimg1.intermarche.com/pt/Content/images/boitmal/produit/zoom/441EE69B99F521CFEC78FC743837C36E.jpg,,,,,,2026-03-11T23:59:59Z,PROSPECTUS,16,3,
11671,5601217126382,1650.0,Woolite,Detergente líquido p/ máquina lavar roupa cores,"Garrafa de 1,65 l",6.99,4.24,1650,L,€/L,,,https://driveimg1.intermarche.com/pt/Content/images/boitmal/produit/zoom/8C38ED746381E210259B37EA8CABFD0A.jpg,,,,,,2026-03-18T23:59:59Z,PROSPECTUS,16,3,
12287,8001480020740,1000.0,Neoblanc,Lixívia para roupa delicada,Embalagem de 1 l,2.54,2.54,1000,L,€/L,,,https://driveimg1.intermarche.com/pt/Content/images/boitmal/produit/zoom/B1AA92884F53E1F3150553EF5EFC8256.jpg,,,,,,2026-03-18T23:59:59Z,PROSPECTUS,16,3,
1301,5601151660751,410.0,Compal,"Feijão encarnado, lata de 410ml",,1.19,2.9,410,L,€/L,,,https://driveimg1.intermarche.com/pt/Content/images/boitmal/produit/zoom/8777874F846E4C62B1CDEE04A734A2E1.jpg,,,,,,2026-03-11T23:59:59Z,PROSPECTUS,16,3,
1304,5601151860755,410.0,Compal,"Feijão frade, lata de 410 ml",,1.19,2.9,410,L,€/L,,,https://driveimg1.intermarche.com/pt/Content/images/boitmal/produit/zoom/1437F4C9CFF88AA158F19E7D53775E22.jpg,,,,,,2026-03-11T23:59:59Z,PROSPECTUS,16,3,
13094,2893070000000,150.0,Peixaria,Carapau Médio Fresco,1 un = 150 gr (aprox.),0.52,3.49,0,,€/Kg,,,https://driveimg1.intermarche.com/pt/Content/images/boitmal/produit/zoom/9E2B2401113767EAD496436587CA5A46.jpg,,,,,,2026-03-11T23:59:59Z,PROSPECTUS,16,3,
1327,5601164115606,1000.0,Super Bock,"Cerveja com Álcool, garrafa 1 lt",,1.89,1.89,1000,L,€/L,,,https://driveimg1.intermarche.com/pt/Content/images/boitmal/produit/zoom/73F2D859CCD8D2800F2C691289AD7AE3.jpg,,,,,,2026-03-11T23:59:59Z,PROSPECTUS,16,3,
13420,2893410000000,800.0,Marisco,Sapateira Cozida,Pescado no mar,13.59,16.99,0,,€/Kg,,,https://driveimg1.intermarche.com/pt/Content/images/boitmal/produit/zoom/858BA8B751199FA2B463C829AFA5E54F.jpg,,,,,,2026-03-11T23:59:59Z,PROSPECTUS,16,3,
1414,5601252106639,750.0,Gallo,"Azeite Virgem Delicado, emb. 75 cl",,5.49,7.32,750,L,€/L,,,https://driveimg1.intermarche.com/pt/Content/images/boitmal/produit/zoom/EA9D73D4CD22667C67FAED0003FD80DC.jpg,,,,,,2026-03-11T23:59:59Z,PROSPECTUS,16,3,
16072,2696083000000,62.0,Panpor,Carcaça de Cereais,,0.24,3.87,0,kg,€/Kg,,,https://driveimg1.intermarche.com/pt/Content/images/boitmal/produit/zoom/64BBBB65E56708FCB9DD0C80C78538ED.jpg,,,,,,2026-03-11T23:59:59Z,PROSPECTUS,16,3,
16365,5604055112005,1000.0,Fastio,"Água sem gás, garrafa de 1 l",,0.47,0.47,1000,L,€/L,,,https://driveimg1.intermarche.com/pt/Content/images/boitmal/produit/zoom/D9A5DA87896331814D054CBE16430809.jpg,,,,,,2026-03-11T23:59:59Z,PROSPECTUS,16,3,
16493,8718951037939,500.0,Ajax,"Limpa vidros pistola, cristal, embalagem de 500 ml",,1.97,3.94,500,L,€/L,,,https://driveimg1.intermarche.com/pt/Content/images/boitmal/produit/zoom/B2152E81252C8B3ECCDB87063FC44E64.jpg,,,,,,2026-03-18T23:59:59Z,PROSPECTUS,16,3,
1711,5604055118410,6000.0,Fastio,"Água mineral sem gás, pack 4 x 1.5 l",,2.19,0.37,6000,L,€/L,,,https://driveimg1.intermarche.com/pt/Content/images/boitmal/produit/zoom/ADF5F83607F39D07CF3C9F204186DB24.jpg,,,,,,2026-03-11T23:59:59Z,PROSPECTUS,16,3,
18787,5000204767193,538.0,Glade,"Recarga ambientador, autmático, relax zen, 2x269 ml",,5.19,9.65,538,L,€/L,,,https://driveimg1.intermarche.com/pt/Content/images/boitmal/produit/zoom/0DE3C3C876CBF68BBB21EE8B43004DC7.jpg,,,,,,2026-03-18T23:59:59Z,PROSPECTUS,16,3,
19094,4084500330955,1500.0,Fairy,"Detergente líquido, manual loiça, original, 1,5 l",,6.19,4.13,1500,L,€/L,,,https://driveimg1.intermarche.com/pt/Content/images/boitmal/produit/zoom/95EC3D03AC3B46A8207C2E0CFB674294.jpg,,,,,,2026-03-18T23:59:59Z,PROSPECTUS,16,3,
19224,5601146000302,330.0,Sagres,"Cerveja com Álcool, emb. 33 cl",,0.64,1.94,330,L,€/L,,,https://driveimg1.intermarche.com/pt/Content/images/boitmal/produit/zoom/021C2A3D686B3B40ECD987D05D836084.jpg,,,,,,2026-03-11T23:59:59Z,PROSPECTUS,16,3,
1960,5604260301706,260.0,PorSi,Feijao Encarnado Cozido 420g,,0.84,3.23,0,kg,€/Kg,,,https://driveimg1.intermarche.com/pt/Content/images/boitmal/produit/zoom/F80D4DE63873B2D291A90A19B419B307.jpg,,,,,,2026-03-11T23:59:59Z,PROSPECTUS,16,3,
19940,7613035619456,300.0,Nestlé,"Granola Aveia e Mel, emb. 300 gr",Embalagem de 300g,3.29,10.97,0,kg,€/Kg,,,https://driveimg1.intermarche.com/pt/Content/images/boitmal/produit/zoom/EAEAF515FE565B8F35270BCD3427077E.jpg,,,,,,2026-03-11T23:59:59Z,PROSPECTUS,16,3,
20086,4015400930891,,Dodot,Fraldas Activity Extra  T4 |9-15 kg,52 Unidade,15.99,15.99,0,,€/Unidade,,,https://driveimg1.intermarche.com/pt/Content/images/boitmal/produit/zoom/F45A3C493E023F2F1FF7128E45FBB887.jpg,,,,,,2026-03-11T23:59:59Z,PROSPECTUS,16,3,
20087,4015400884859,,Dodot,Fraldas Activity Extra T5 |13-19 kg,48 Unidade,15.99,15.99,0,,€/Unidade,,,https://driveimg1.intermarche.com/pt/Content/images/boitmal/produit/zoom/AF260D8B657312FD61F377D27C623BA6.jpg,https://driveimg1.intermarche.com/pt/Content/images/boitmal/produit/zoom/5067C7115A77A89878B9ACE972357728.jpg,https://driveimg1.intermarche.com/pt/Content/images/boitmal/produit/zoom/5067C7115A77A89878B9ACE972357728.jpg,https://driveimg1.intermarche.com/pt/Content/images/boitmal/produit/zoom/5067C7115A77A89878B9ACE972357728.jpg,,,2026-03-11T23:59:59Z,PROSPECTUS,16,3,
20101,5601010131231,120.0,Ramirez,"Atum em Azeite, emb. 120 gr",,1.49,12.42,0,kg,€/Kg,,,https://driveimg1.intermarche.com/pt/Content/images/boitmal/produit/zoom/4E16DC667779622705519F8CE1EA40F5.jpg,,,,,,2026-03-11T23:59:59Z,PROSPECTUS,16,3,
20631,5601286260338,500.0,Milaneza,"Massa macarrão wok, embalagem de 500g",,1.38,2.76,0,kg,€/Kg,,,https://driveimg1.intermarche.com/pt/Content/images/boitmal/produit/zoom/A3674B5211DD18D183AE2690405D18DA.jpg,,,,,,2026-03-11T23:59:59Z,PROSPECTUS,16,3,
20645,8414100333142,250.0,Schweppes,"Água Tónica, emb. 25 cl",,0.74,2.96,250,L,€/L,,,https://driveimg1.intermarche.com/pt/Content/images/boitmal/produit/zoom/A602F5762E875E3E3536D48B17925107.jpg,,,,,,2026-03-11T23:59:59Z,PROSPECTUS,16,3,
22154,5603722514432,480.0,Mimosa,"Iogurte magro + gelatina framboesa, 4 x 120 g",,1.69,3.52,0,kg,€/Kg,,,https://driveimg1.intermarche.com/pt/Content/images/boitmal/produit/zoom/4B8FFB70093D642C712341C27C8C2BEC.jpg,,,,,,2026-03-11T23:59:59Z,PROSPECTUS,16,3,
22155,5603722514418,480.0,Mimosa,"Iogurte magro + gelatina maracujá, embalagem de 4 x 120g",,1.69,3.52,0,kg,€/Kg,,,https://driveimg1.intermarche.com/pt/Content/images/boitmal/produit/zoom/B2A7B7AB3B93EF04DC4E40A9914CBC92.jpg,,,,,,2026-03-11T23:59:59Z,PROSPECTUS,16,3,
2284,5604260270149,420.0,PorSi,Sopa da Pedra 420g,,2.49,5.93,0,kg,€/Kg,,,https://driveimg1.intermarche.com/pt/Content/images/boitmal/produit/zoom/CB9894F734B4425346A1B5459E2E05C4.jpg,,,,,,2026-03-11T23:59:59Z,PROSPECTUS,16,3,
23469,8410500020453,280.0,Danone,"Danonino para levar, polpa de morango, embalagem de 4 x 70 g",,2.19,7.82,0,kg,€/Kg,,,https://driveimg1.intermarche.com/pt/Content/images/boitmal/produit/zoom/3E7A122EA567C89446D113FF66BFA0AE.jpg,,,,,,2026-03-11T23:59:59Z,PROSPECTUS,16,3,
23652,8712000900175,6000.0,Heineken,"Cerveja com Álcool, emb. 24 x 25 cl",,14.99,2.5,6000,L,€/L,,,https://driveimg1.intermarche.com/pt/Content/images/boitmal/produit/zoom/AB5BBEB462A56533212E5950F8D46993.jpg,,,,,,2026-03-11T23:59:59Z,PROSPECTUS,16,3,
24843,5604655005158,400.0,Peixaria,Paloco desfiado do pacifico,Embalagem de 400 g,2.69,6.73,0,kg,€/Kg,,,https://driveimg1.intermarche.com/pt/Content/images/boitmal/produit/zoom/A6D43F84A49577D695E61B0D7FE082C0.jpg,,,,,,2026-03-11T23:59:59Z,PROSPECTUS,16,3,
25153,5000146400042,750.0,Harpic,"Líquido wc duraguard pinho da montanha, de 750 ml",,1.99,2.65,750,L,€/L,,,https://driveimg1.intermarche.com/pt/Content/images/boitmal/produit/zoom/60482C1A42B437AF7EE7BE6BA2170110.jpg,,,,,,2026-03-18T23:59:59Z,PROSPECTUS,16,3,
25706,8411660670229,750.0,Sanytol,Desinfetante p/ WC,Embalagem de 750 ml,2.49,3.32,750,L,€/L,,,https://driveimg1.intermarche.com/pt/Content/images/boitmal/produit/zoom/D105B4A8ECD800E2D1E3546D9AD3B145.jpg,,,,,,2026-03-18T23:59:59Z,PROSPECTUS,16,3,
27374,5604260282494,420.0,PorSi,Chouriço com Feijão 420g,,2.29,5.45,0,kg,€/Kg,,,https://driveimg1.intermarche.com/pt/Content/images/boitmal/produit/zoom/3AC459F03DDB54EB14C623907CB3D91B.jpg,,,,,,2026-03-11T23:59:59Z,PROSPECTUS,16,3,
2749,8410063046532,350.0,Pescanova,"Miolo de Camarão 80/100, emb. 350 gr",,6.99,19.97,0,kg,€/Kg,,Tipo de stockagem,https://driveimg1.intermarche.com/pt/Content/images/boitmal/produit/zoom/0EA75135180DC26543A97F342303334A.jpg,,,,,,2026-03-11T23:59:59Z,PROSPECTUS,16,3,
27695,5604260278060,300.0,PorSi,Aerossol Limpa Móveis 300 ml,,1.39,4.63,300,L,€/L,,,https://driveimg1.intermarche.com/pt/Content/images/boitmal/produit/zoom/8B013C3FCB2F8EBF6EDA9930E9F88D33.jpg,,,,,,2026-03-18T23:59:59Z,PROSPECTUS,16,3,
27950,5604260281404,450.0,Porsi Programa Origens,Mistura Saborosa 450 G,,1.29,2.87,0,kg,€/Kg,,,https://driveimg1.intermarche.com/pt/Content/images/boitmal/produit/zoom/9FC1BB19FC125562EBD7537C69EF7799.jpg,,,,,,2026-03-11T23:59:59Z,PROSPECTUS,16,3,
28510,5601217129819,800.0,Finish,"Abrilhantador máquina de lavar loiça brilho e secagem, embalagem de 800 ml",,7.99,9.99,800,L,€/L,,,https://driveimg1.intermarche.com/pt/Content/images/boitmal/produit/zoom/4771F47A09A543C7AE4519E8292E01AF.jpg,,,,,,2026-03-18T23:59:59Z,PROSPECTUS,16,3,
28663,8714789135243,,Colgate,"Escova dentífrica zig zag média, 2 + 1 grátis",,3.19,3.19,3,,€/Unidade,,,https://driveimg1.intermarche.com/pt/Content/images/boitmal/produit/zoom/A98EEC746993A1476711372655871B9C.jpg,,,,,,2026-03-11T23:59:59Z,PROSPECTUS,16,3,
31436,5607233508829,750.0,Panrico,Pão de forma especial torradas,Embalagem de 750g,1.89,2.52,0,kg,€/Kg,,,https://driveimg1.intermarche.com/pt/Content/images/boitmal/produit/zoom/E55F9FC30ED3A9561F136B69689D41FE.jpg,,,,,,2026-03-11T23:59:59Z,PROSPECTUS,16,3,
319,8414100301141,1000.0,Schweppes,"Água Tónica, emb. 1 lt",Embalagem de 1 l,1.67,1.67,1000,L,€/L,,,https://driveimg1.intermarche.com/pt/Content/images/boitmal/produit/zoom/2AAFBB7AE67B2030674C90B3750F7A2E.jpg,,,,,,2026-03-11T23:59:59Z,PROSPECTUS,16,3,
32158,4015400917328,480.0,Fairy,"Detergente Liquido da Loiça Limão, 480 ml",,2.54,5.29,480,L,€/L,,,https://driveimg1.intermarche.com/pt/Content/images/boitmal/produit/zoom/4E2BD689329F214554584573973F36ED.jpg,,,,,,2026-03-18T23:59:59Z,PROSPECTUS,16,3,
32545,5601119261402,180.0,Nobre,"Salsichas de Aves Cocktail Lata, emb. 180 gr",,1.89,10.5,0,kg,€/Kg,,,https://driveimg1.intermarche.com/pt/Content/images/boitmal/produit/zoom/6ECD962C9294DE9D5B22F94D8DE001C0.jpg,,,,,,2026-03-11T23:59:59Z,PROSPECTUS,16,3,
33532,8410375110228,150.0,Bonduelle,"Milho Doce, emb. 150 gr",,1.09,7.27,0,kg,€/Kg,,,https://driveimg1.intermarche.com/pt/Content/images/boitmal/produit/zoom/D0EEA0C89CFBBF992B36A2468831EAC1.jpg,,,,,,2026-03-11T23:59:59Z,PROSPECTUS,16,3,
34224,8411135670198,1200.0,Sanytol,"Lava tudo desifetante de pavimentos e superfícies, 1.2 l",,2.49,2.08,1200,L,€/L,,,https://driveimg1.intermarche.com/pt/Content/images/boitmal/produit/zoom/FFDC9462F2240C684CC4CB1BCC1C6604.jpg,,,,,,2026-03-18T23:59:59Z,PROSPECTUS,16,3,
35889,5601151974070,1750.0,Seven Up,"Refrigerante de lima limão free, garrafa de 1.75 l",,1.69,0.97,1750,L,€/L,,,https://driveimg1.intermarche.com/pt/Content/images/boitmal/produit/zoom/9A2F3176B60F6901274BE6108F1FBC7A.jpg,,,,,,2026-03-11T23:59:59Z,PROSPECTUS,16,3,
36657,5601217132673,500.0,Cillitbang,"Spray lixívia e higiene, de 500 ml",,2.49,4.98,500,L,€/L,,,https://driveimg1.intermarche.com/pt/Content/images/boitmal/produit/zoom/D9B27A41A222F2F218026715A414F2D0.jpg,,,,,,2026-03-18T23:59:59Z,PROSPECTUS,16,3,
37754,5604260285143,,PorSi,Recarga Esfregona Microfibra Branca,,1.48,1.48,0,,€/Unidade,,,https://driveimg1.intermarche.com/pt/Content/images/boitmal/produit/zoom/6DA5E95239CFF977026C08967687E7CA.jpg,,,,,,2026-03-18T23:59:59Z,PROSPECTUS,16,3,
37989,8410063071206,1000.0,Pescanova,"Tiras de Pota Panadas, emb. 1 kg",,7.99,7.99,0,kg,€/Kg,,Tipo de stockagem,https://driveimg1.intermarche.com/pt/Content/images/boitmal/produit/zoom/05601F6E04A5D43B974FEF47AA3F0757.jpg,,,,,,2026-03-11T23:59:59Z,PROSPECTUS,16,3,
38350,3760034065679,500.0,PorSi,Dobrada Aromatizada com Tomate 500 G,,4.59,9.18,0,kg,€/Kg,,,https://driveimg1.intermarche.com/pt/Content/images/boitmal/produit/zoom/8C1606093EF5B650994E9C6FC0BD9E76.jpg,,,,,,2026-03-11T23:59:59Z,PROSPECTUS,16,3,
41128,5604260303212,180.0,PorSi Select,Batatas Fritas Palha Finíssima 180g,,1.59,8.83,0,kg,€/Kg,,,https://driveimg1.intermarche.com/pt/Content/images/boitmal/produit/zoom/812AC943F9D2E6012814FABECADD39D4.jpg,,,,,,2026-03-11T23:59:59Z,PROSPECTUS,16,3,
41298,5601050036541,440.0,Danone,"Iogurte oikos natural,  4 x 110g",,2.59,5.89,0,kg,€/Kg,,,https://driveimg1.intermarche.com/pt/Content/images/boitmal/produit/zoom/100CC1C1966D7A85865BF44E424F358B.jpg,,,,,,2026-03-11T23:59:59Z,PROSPECTUS,16,3,
41717,5604260303816,90.0,PorSi,Puré de Fruta Maçã Pera 90g,,0.59,6.56,0,kg,€/Kg,,,https://driveimg1.intermarche.com/pt/Content/images/boitmal/produit/zoom/5127251097DF39368C903E9B3834E6D6.jpg,,,,,,2026-03-11T23:59:59Z,PROSPECTUS,16,3,
41719,5604260303793,90.0,PorSi,Puré de Fruta Maçã Banana 90g,,0.59,6.56,0,kg,€/Kg,,,https://driveimg1.intermarche.com/pt/Content/images/boitmal/produit/zoom/2E481D69677BD2CA4465286377A9A6E3.jpg,,,,,,2026-03-11T23:59:59Z,PROSPECTUS,16,3,
41979,5601050036244,160.0,Danone,"Yopro manteiga amendoim banana, embalagem de 160g",,1.29,8.06,0,kg,€/Kg,,,https://driveimg1.intermarche.com/pt/Content/images/boitmal/produit/zoom/FA86300496543407BC1BC50B2C72D742.jpg,,,,,,2026-03-11T23:59:59Z,PROSPECTUS,16,3,
42584,5604260303106,35.0,PorSi,Mistura para Peixes Frasco 35g,,0.99,28.29,0,kg,€/Kg,,,https://driveimg1.intermarche.com/pt/Content/images/boitmal/produit/zoom/FBB9E78B6B5E78C70957E374ECDB7D78.jpg,,,,,,2026-03-11T23:59:59Z,PROSPECTUS,16,3,
433,8722700086703,80.0,Knorr,"Caldo para arroz 8 cubos, embalagem de 80g",,1.52,19.0,0,kg,€/Kg,,,https://driveimg1.intermarche.com/pt/Content/images/boitmal/produit/zoom/86EF0F3A35369BBBB925F997B7F539F0.jpg,,,,,,2026-03-11T23:59:59Z,PROSPECTUS,16,3,
43545,5604260312214,1000.0,PorSi,Tira Nódoas Oxigénio Ativo Cores 1 kg,,2.69,2.69,0,kg,€/Kg,,,https://driveimg1.intermarche.com/pt/Content/images/boitmal/produit/zoom/5482BA1E615143E188130D88B6D38FB0.jpg,https://driveimg1.intermarche.com/pt/Content/images/boitmal/produit/zoom/942F29948AD682E90D2F3C7D5195DFAE.jpg,https://driveimg1.intermarche.com/pt/Content/images/boitmal/produit/zoom/942F29948AD682E90D2F3C7D5195DFAE.jpg,https://driveimg1.intermarche.com/pt/Content/images/boitmal/produit/zoom/942F29948AD682E90D2F3C7D5195DFAE.jpg,,,2026-03-18T23:59:59Z,PROSPECTUS,16,3,
43658,5604260312672,275.0,PorSi,Pérolas Perfumadas Fresh 275g,Embalagem de 275 g,2.99,10.87,0,kg,€/Kg,,,https://driveimg1.intermarche.com/pt/Content/images/boitmal/produit/zoom/C481D383E04EE387D22A1B430E527754.jpg,,,,,,2026-03-18T23:59:59Z,PROSPECTUS,16,3,
44809,7613035593756,1000.0,Nesquik,"Achocolatado em saco, embalagem de 1 kg",,6.99,6.99,0,kg,€/Kg,,,https://driveimg1.intermarche.com/pt/Content/images/boitmal/produit/zoom/B72BED7B45B21CF0D0F77A499251A582.jpg,,,,,,2026-03-11T23:59:59Z,PROSPECTUS,16,3,
45700,5604260314249,680.0,PorSi,Detergente Máquina Loica Td1 Limão 40p,,4.1,6.03,0,kg,€/Kg,,,https://driveimg1.intermarche.com/pt/Content/images/boitmal/produit/zoom/E2AF666FA080D39884D54C761B4D071C.jpg,,,,,,2026-03-18T23:59:59Z,PROSPECTUS,16,3,
46518,5000204208856,750.0,Pato,"Abrasivo Sanitário Líquido Ação Total Menta, emb. 750 ml",,1.94,2.59,750,L,€/L,,,https://driveimg1.intermarche.com/pt/Content/images/boitmal/produit/zoom/8D02BC7C70B0CBFEDA11FE724DDAAE84.jpg,,,,,,2026-03-18T23:59:59Z,PROSPECTUS,16,3,
46886,8006540286999,,Dodot,Fraldas Activity Extra T6 |+14 kg,44 Unidades,15.99,15.99,0,,€/Unidade,,,https://driveimg1.intermarche.com/pt/Content/images/boitmal/produit/zoom/2D0CA062C4FE6F575DB7E6378E708727.jpg,,,,,,2026-03-11T23:59:59Z,PROSPECTUS,16,3,
4783,5000396036091,218.0,McVities,"Bolachas fruit & form de frutos de bosques, emb. 218g",,1.99,9.13,0,kg,€/Kg,,,https://driveimg1.intermarche.com/pt/Content/images/boitmal/produit/zoom/5A07660780F6FA75A3C811D949B39846.jpg,,,,,,2026-03-11T23:59:59Z,PROSPECTUS,16,3,
47890,8718951434912,50.0,Colgate,Dentífrico júnior 7 a 12 anos,Embalagem de 50 ml,2.59,51.8,50,L,€/L,,,https://driveimg1.intermarche.com/pt/Content/images/boitmal/produit/zoom/69B50B84D28922C91B7AD5E5C7F61B21.jpg,,,,,,2026-03-11T23:59:59Z,PROSPECTUS,16,3,
48238,8410199023094,170.0,LayS,"Batatas Fritas Gourmet Original, emb. 170g",,1.69,9.94,0,kg,€/Kg,,,https://driveimg1.intermarche.com/pt/Content/images/boitmal/produit/zoom/AA6FA3F91FCD11341E4CD77B7FF49E06.jpg,,,,,,2026-03-11T23:59:59Z,PROSPECTUS,16,3,
49097,5604260322817,2000.0,PorSi,Detergente Máquina Roupa Lavanda 40d,,4.79,2.4,2000,L,€/L,,,https://driveimg1.intermarche.com/pt/Content/images/boitmal/produit/zoom/A80DDC6C9ABC2D3952F31585A06F39B2.jpg,,,,,,2026-03-18T23:59:59Z,PROSPECTUS,16,3,
49225,5604260322657,90.0,PorSi,Puré de Fruta Maçã Cenoura e Manga 90g,,0.59,6.56,0,kg,€/Kg,,,https://driveimg1.intermarche.com/pt/Content/images/boitmal/produit/zoom/F2927F311C77003403604CF61E0E5035.jpg,,,,,,2026-03-11T23:59:59Z,PROSPECTUS,16,3,
49732,5601151968550,1500.0,B!,Sumo laranja de 1.5 l,,1.29,0.86,1500,L,€/L,,,https://driveimg1.intermarche.com/pt/Content/images/boitmal/produit/zoom/9AAF54C8C6026472C904CE6BBDCD6089.jpg,https://driveimg1.intermarche.com/pt/Content/images/boitmal/produit/zoom/541FF8CD6B842066C646823694BB7C20.jpg,https://driveimg1.intermarche.com/pt/Content/images/boitmal/produit/zoom/541FF8CD6B842066C646823694BB7C20.jpg,https://driveimg1.intermarche.com/pt/Content/images/boitmal/produit/zoom/541FF8CD6B842066C646823694BB7C20.jpg,,,2026-03-11T23:59:59Z,PROSPECTUS,16,3,
50601,5601082053561,220.0,Delta,"Café Moído Torrado Moagem Universal Lote Ritual Int 13, emb. 220 gr",Embalagem de 220g,3.24,14.73,0,kg,€/Kg,,,https://driveimg1.intermarche.com/pt/Content/images/boitmal/produit/zoom/A70BF1149BAF3B16F9194947D8DA1DC7.jpg,,,,,,2026-03-11T23:59:59Z,PROSPECTUS,16,3,
5147,5601098045802,,Paiva,"Queijo curado, amanteigado, embalagem de 550g",,6.49,6.49,1,,€/Unidade,,,https://driveimg1.intermarche.com/pt/Content/images/boitmal/produit/zoom/6FA80FA6E105FE4E2226FAE041ACFD1E.jpg,,,,,,2026-03-11T23:59:59Z,PROSPECTUS,16,3,
51607,8718951472846,400.0,Colgate,Elixir Cuidado das Gengivas PerioGard,400 ml,4.84,12.1,400,L,€/L,,,https://driveimg1.intermarche.com/pt/Content/images/boitmal/produit/zoom/4FEC2183E1AC0E3EB4E96AF1F412B444.jpg,,,,,,2026-03-11T23:59:59Z,PROSPECTUS,16,3,
51917,8410500020644,280.0,Danone,Iogurte infantil danonino morango banana 4x70g,,2.19,7.82,0,kg,€/Kg,,,https://driveimg1.intermarche.com/pt/Content/images/boitmal/produit/zoom/3220973BC3DB4CAD23E73E6374D1D5D5.jpg,,,,,,2026-03-11T23:59:59Z,PROSPECTUS,16,3,
52263,5604260326815,230.0,PorSi,Base para Pizza com Azeite 230g,,0.89,3.87,0,kg,€/Kg,,,https://driveimg1.intermarche.com/pt/Content/images/boitmal/produit/zoom/27F1F8C4038A2609C2A1BFCB87336080.jpg,,,,,,2026-03-11T23:59:59Z,PROSPECTUS,16,3,
52377,8720181385131,,Skip,Detergente Máquina Roupa Líquido Sabão Natural,100 Doses,12.99,12.99,0,,€/Unidade,,,https://driveimg1.intermarche.com/pt/Content/images/boitmal/produit/zoom/B7482844827C04E8BE654EF9B7B49DD3.jpg,,,,,,2026-03-18T23:59:59Z,PROSPECTUS,16,3,
52794,8001585008094,225.0,Balconi,"Bolachas Wafers com Recheio Avelã Pack, emb. 225 gr (5 un)",,2.19,9.73,0,kg,€/Kg,,,https://driveimg1.intermarche.com/pt/Content/images/boitmal/produit/zoom/9C663442253C57A9BDF40B976F2C690F.jpg,,,,,,2026-03-11T23:59:59Z,PROSPECTUS,16,3,
52923,8720182266125,360.0,Dove,"Sabonete sólido regular, 4 x 90g",,4.09,11.36,0,kg,€/Kg,,,https://driveimg1.intermarche.com/pt/Content/images/boitmal/produit/zoom/3BDF388BFA7F2767872E380680981E7B.jpg,https://driveimg1.intermarche.com/pt/Content/images/boitmal/produit/zoom/0BE4770AB0BE8EA2FF2D8C5345F895FB.jpg,https://driveimg1.intermarche.com/pt/Content/images/boitmal/produit/zoom/0BE4770AB0BE8EA2FF2D8C5345F895FB.jpg,,,,2026-03-11T23:59:59Z,PROSPECTUS,16,3,
52935,5603722522628,200.0,Matinal,"Manteiga magra sem lactose, 200g",,1.99,9.95,0,kg,€/Kg,,,https://driveimg1.intermarche.com/pt/Content/images/boitmal/produit/zoom/8CBD1054729AF9FC46683642CA3D0920.jpg,https://driveimg1.intermarche.com/pt/Content/images/boitmal/produit/zoom/2A7DC81F20D438007A5500C63648E75B.jpg,https://driveimg1.intermarche.com/pt/Content/images/boitmal/produit/zoom/2A7DC81F20D438007A5500C63648E75B.jpg,,,,2026-03-11T23:59:59Z,PROSPECTUS,16,3,
53402,3250390816706,,Labell,Toalhitas Desmaquilhantes Sensitive 25unidades,Embalagem de 25 unidades,0.69,0.69,0,,€/Unidade,,,https://driveimg1.intermarche.com/pt/Content/images/boitmal/produit/zoom/51326DEBC12D065F2B59E9C7BBC03589.jpg,,,,,,2026-03-11T23:59:59Z,PROSPECTUS,16,3,
53806,5604260330621,90.0,Labell,Sabonete Manteiga de Karité - 90 G,,0.64,7.11,0,kg,€/Kg,,,https://driveimg1.intermarche.com/pt/Content/images/boitmal/produit/zoom/EC3349C9D660565D72CF214746BF562C.jpg,,,,,,2026-03-11T23:59:59Z,PROSPECTUS,16,3,
53807,5604260330638,90.0,Labell,Sabonete Nutitivo - Mel & Coco - 90 G,,0.64,7.11,0,kg,€/Kg,,,https://driveimg1.intermarche.com/pt/Content/images/boitmal/produit/zoom/B96B1E20B074F01B906D771C8A830DBA.jpg,,,,,,2026-03-11T23:59:59Z,PROSPECTUS,16,3,
53808,5604260330645,90.0,Labell,Sabonete Amêndoas Doces - 90 G,,0.64,7.11,0,kg,€/Kg,,,https://driveimg1.intermarche.com/pt/Content/images/boitmal/produit/zoom/95F94ACEF99D11A3552D2F0CAC9D31E2.jpg,,,,,,2026-03-11T23:59:59Z,PROSPECTUS,16,3,
53894,5604260330119,200.0,PorSi,Alheira Extra de Trás - Os - Montes 200g,,1.49,7.45,0,kg,€/Kg,,,https://driveimg1.intermarche.com/pt/Content/images/boitmal/produit/zoom/E9BBDFD16A9F3A3C592D3751C158587D.jpg,,,,,,2026-03-11T23:59:59Z,PROSPECTUS,16,3,
54238,8720182878632,500.0,Cif,"Spray ultra desengordurante, 500ml",,2.19,4.38,500,L,€/L,,,https://driveimg1.intermarche.com/pt/Content/images/boitmal/produit/zoom/F7B6360115905FDA67B8B79B6475E1A8.jpg,,,,,,2026-03-18T23:59:59Z,PROSPECTUS,16,3,
54266,4006000095738,750.0,Nivea,"Gel de banho creme smooth, 750ml",,2.99,3.99,750,L,€/L,,,https://driveimg1.intermarche.com/pt/Content/images/boitmal/produit/zoom/E301BEA6E32E444A5512464F7974F873.jpg,,,,,,2026-03-11T23:59:59Z,PROSPECTUS,16,3,
54362,8410104914127,,Finish,"Detergente loiça máquina ultimate limão, 32 pastilhas",,8.99,8.99,32,,€/Unidade,,,https://driveimg1.intermarche.com/pt/Content/images/boitmal/produit/zoom/1D3A215F5E688CA6FF7E7D1EDBD7C601.jpg,,,,,,2026-03-18T23:59:59Z,PROSPECTUS,16,3,
54373,8435495842828,,A+,"Detergente Máquina Roupa Líquido Optimal, 56D",,8.99,8.99,0,,€/Unidade,,,https://driveimg1.intermarche.com/pt/Content/images/boitmal/produit/zoom/1E48C4CC1DB3FDB2A49FC1D0EA8EC591.jpg,,,,,,2026-03-18T23:59:59Z,PROSPECTUS,16,3,
54395,8718951658646,75.0,Colgate,"Pasta De Dentes Branqueadora Max White Carvão, 75ml",,3.99,53.2,75,L,€/L,,,https://driveimg1.intermarche.com/pt/Content/images/boitmal/produit/zoom/A35D809DC5FF4DBEACFD43CCD16D7A2C.jpg,,,,,,2026-03-11T23:59:59Z,PROSPECTUS,16,3,
54579,5604260332823,200.0,Labell Men,Desodorizante Energy 200ml,,1.25,6.25,200,L,€/L,,,https://driveimg1.intermarche.com/pt/Content/images/boitmal/produit/zoom/451A5441C9A7847154D99DC9B02B4E0F.jpg,,,,,,2026-03-11T23:59:59Z,PROSPECTUS,16,3,
54616,8700216322089,,Fairy,"Detergente Máquina Loiça Pastilhas Platinum Plus Tudo em 1 Limão, 30D",,8.99,8.99,0,,€/Unidade,,,https://driveimg1.intermarche.com/pt/Content/images/boitmal/produit/zoom/094A75AC8A071DA408FC35BE073E31DE.jpg,,,,,,2026-03-18T23:59:59Z,PROSPECTUS,16,3,
54807,5603722521249,604.0,Mimosa,"Iogurte magro liquido frutos tropicais, 4 x 151 ml",,1.54,2.55,604,L,€/L,,,https://driveimg1.intermarche.com/pt/Content/images/boitmal/produit/zoom/C77456F505DA2CCD8DCF28975C13CB45.jpg,,,,,,2026-03-11T23:59:59Z,PROSPECTUS,16,3,
54870,8700216609616,450.0,Fairy,"Detergente Manual Loiça Maxi Poder Limão, 450ml",,2.99,6.64,450,L,€/L,,,https://driveimg1.intermarche.com/pt/Content/images/boitmal/produit/zoom/81D44E99D044577B7484666755EA0354.jpg,,,,,,2026-03-18T23:59:59Z,PROSPECTUS,16,3,
55118,8410500030858,480.0,Yopro,"Iogurte Proteína Baunilha, 4 x 120g",,2.99,6.23,0,kg,€/Kg,,,https://driveimg1.intermarche.com/pt/Content/images/boitmal/produit/zoom/8E05ABC644C4680D0D0C872C1FFD6945.jpg,,,,,,2026-03-11T23:59:59Z,PROSPECTUS,16,3,
55182,5601066401142,200.0,Nacional,"Bolachas Marinheiras Natural, emb. 200 gr",,1.84,9.2,0,kg,€/Kg,,,https://driveimg1.intermarche.com/pt/Content/images/boitmal/produit/zoom/A99D57BCA6A554AAF01B52401CB35F07.jpg,,,,,,2026-03-11T23:59:59Z,PROSPECTUS,16,3,
56022,5601151964743,1000.0,Frize,"Água com Gás sabor Laranja, 4 x 250ml",,1.99,1.99,1000,L,€/L,,,https://driveimg1.intermarche.com/pt/Content/images/boitmal/produit/zoom/639459CF87603E558CDE31F232A76D4E.jpg,,,,,,2026-03-11T23:59:59Z,PROSPECTUS,16,3,
56703,5604260332946,300.0,PorSi,Rolinhos Legumes Primavera 300g,,1.94,6.47,0,kg,€/Kg,,Tipo de stockagem,https://driveimg1.intermarche.com/pt/Content/images/boitmal/produit/zoom/D4522F3BC9F46B7E90751B94CFEBDEBE.jpg,,,,,,2026-03-11T23:59:59Z,PROSPECTUS,16,3,
56704,5604260334513,350.0,PorSi,Asas de Frango 350g,,3.49,9.97,0,kg,€/Kg,,Tipo de stockagem,https://driveimg1.intermarche.com/pt/Content/images/boitmal/produit/zoom/A39325CE76661C34A1E1A09A5E2F61DB.jpg,,,,,,2026-03-11T23:59:59Z,PROSPECTUS,16,3,
56705,5604260333011,250.0,PorSi,Frango Kentucky 250g,,3.49,13.96,0,kg,€/Kg,,Tipo de stockagem,https://driveimg1.intermarche.com/pt/Content/images/boitmal/produit/zoom/65D21C8A9932AC6DCD440E32B427BE45.jpg,,,,,,2026-03-11T23:59:59Z,PROSPECTUS,16,3,
56717,7622202304996,190.0,Milka,"Chocolate de Leite Chunky Alpine, 190g",,3.74,19.68,0,kg,€/Kg,,,https://driveimg1.intermarche.com/pt/Content/images/boitmal/produit/zoom/F906FCEC77E17774062AA3CDE024EAB3.jpg,,,,,,2026-03-11T23:59:59Z,PROSPECTUS,16,3,
56997,5604260333431,510.0,PorSi,Detergente Máquina Roupa Lavanda 30 Caps,,4.89,9.59,510,L,€/L,,,https://driveimg1.intermarche.com/pt/Content/images/boitmal/produit/zoom/700E51B9C41BC753ADC9392BBA88035C.jpg,,,,,,2026-03-18T23:59:59Z,PROSPECTUS,16,3,
57465,5604260345038,640.0,Páturages,Iogurte Líquido Caramelo 4x160g,,1.29,2.02,640,L,€/L,,,https://driveimg1.intermarche.com/pt/Content/images/boitmal/produit/zoom/9FB3D7B226D22E845E38B3FE83DB2BB6.jpg,,,,,,2026-03-11T23:59:59Z,PROSPECTUS,16,3,
57469,5604260342167,640.0,Páturages,Iogurte Líquido Piña Colada 4x160g,,1.29,2.02,640,L,€/L,,,https://driveimg1.intermarche.com/pt/Content/images/boitmal/produit/zoom/C6A7D4C38A359E6AFDE5430551EE6F7E.jpg,,,,,,2026-03-11T23:59:59Z,PROSPECTUS,16,3,
57740,5604260332175,,PorSi,Toalhitas Intimas Individuais 20un,,1.59,1.59,0,,€/Unidade,,,https://driveimg1.intermarche.com/pt/Content/images/boitmal/produit/zoom/38FAE00E12070D55B77597148BD50A39.jpg,,,,,,2026-03-11T23:59:59Z,PROSPECTUS,16,4,
578,3250390034179,300.0,Páturages,Leite magro em pó,Embalagem de 300 g,2.99,9.97,0,kg,€/Kg,,,https://driveimg1.intermarche.com/pt/Content/images/boitmal/produit/zoom/5059922D724E3045308951C90DF18441.jpg,,,,,,2026-03-11T23:59:59Z,PROSPECTUS,16,4,
5966,5604260272792,5000.0,PorSi,Lixívia Perfumada 5l,,1.99,0.4,5000,L,€/L,,,https://driveimg1.intermarche.com/pt/Content/images/boitmal/produit/zoom/2B3492AFD036B535D5871D4B50DFD280.jpg,,,,,,2026-03-11T23:59:59Z,PROSPECTUS,16,4,
6586,8412400335316,150.0,Glade,"Abs odores lavanda, pack 2x150g",Embalagem de 2x150 g,3.29,21.93,0,kg,€/Kg,,,https://driveimg1.intermarche.com/pt/Content/images/boitmal/produit/zoom/C9BF71A97CEB06168D66B6F35A1F168F.jpg,,,,,,2026-03-18T23:59:59Z,PROSPECTUS,16,4,
7143,2895066000000,1100.0,Paiva,Queijo Curado Amanteigado,"1 un = 1,1 kg (aprox.)",10.99,9.99,0,,€/Kg,,,https://driveimg1.intermarche.com/pt/Content/images/boitmal/produit/zoom/40A4EED51E63B3C8D3B6401ED95BDDC3.jpg,,,,,,2026-03-11T23:59:59Z,PROSPECTUS,16,4,
8068,5011417544679,400.0,Finish,Abrilhantador p/ máquina de lavar loiça,Garrafa de 400 ml,4.99,12.48,400,L,€/L,,,https://driveimg1.intermarche.com/pt/Content/images/boitmal/produit/zoom/5D045CC65EE222532216DB5B0BF2A582.jpg,,,,,,2026-03-18T23:59:59Z,PROSPECTUS,16,4,
8280,5601010111219,125.0,Ramirez,"Sardinha em Óleo, emb. 125 gr",,1.16,9.28,0,kg,€/Kg,,,https://driveimg1.intermarche.com/pt/Content/images/boitmal/produit/zoom/BDBBB58AA91CECA7479A88A013943A79.jpg,,,,,,2026-03-11T23:59:59Z,PROSPECTUS,16,4,
8336,5601036304848,250.0,Fructis,Champô cabelos normais,Embalagem de 250 ml,3.19,12.76,250,L,€/L,,,https://driveimg1.intermarche.com/pt/Content/images/boitmal/produit/zoom/D82E988BA100AC7E7BF057D8DD91DEA7.jpg,,,,,,2026-03-11T23:59:59Z,PROSPECTUS,16,4,
9184,5602348062754,70.0,Damatta,"Presunto em Fatias, emb. 70 gr",Embalagem de 70 g,2.29,32.71,0,kg,€/Kg,,,https://driveimg1.intermarche.com/pt/Content/images/boitmal/produit/zoom/9AE2DBDD0E054DD3DCAC93A9D0EE8ECE.jpg,,,,,,2026-03-11T23:59:59Z,PROSPECTUS,16,4,
978,5601024134136,750.0,Oliveira da Serra,Azeite,Embalagem de 750 ml,3.89,5.19,750,L,€/L,,,https://driveimg1.intermarche.com/pt/Content/images/boitmal/produit/zoom/9CC9A85673AA0BF0B09481F106398AA6.jpg,,,,,,2026-03-11T23:59:59Z,PROSPECTUS,16,4,
9860,5998749117774,60.0,Catisfactions,"Snack para gato, embalagem de 60g",,1.69,28.17,0,kg,€/Kg,,,https://driveimg1.intermarche.com/pt/Content/images/boitmal/produit/zoom/8101203972BAF1C5864106047DC8064A.jpg,,,,,,2026-03-11T23:59:59Z,PROSPECTUS,16,4,
996,5601038005064,80.0,Knorr,"Caldo de legumes 8 cubos, embalagem de 80g",,1.52,19.0,0,kg,€/Kg,,,https://driveimg1.intermarche.com/pt/Content/images/boitmal/produit/zoom/6F28E4D3F3D86011504BC554235AD652.jpg,,,,,,2026-03-11T23:59:59Z,PROSPECTUS,16,4,
1009,5601038300077,80.0,Knorr,"Caldo de galinha 8 cubos, embalagem de 80g",,1.52,19.0,0,kg,€/Kg,,,https://driveimg1.intermarche.com/pt/Content/images/boitmal/produit/zoom/CFDBB6C1885F48FB7941F504CD886192.jpg,,,,,,2026-03-11T23:59:59Z,PROSPECTUS,16,4,
10091,8410100059839,360.0,Nestlé,"Queijinho petit nesquik, embalagem de 6 x 60g",,2.99,8.31,0,kg,€/Kg,,,https://driveimg1.intermarche.com/pt/Content/images/boitmal/produit/zoom/88B248C453A669F7E350B1DDEC2F3C33.jpg,,,,,,2026-03-11T23:59:59Z,PROSPECTUS,16,4,
10094,8435257040776,640.0,Nestlé,"Iogurte líquido yoggi banana, embalagem de 4 x 160 g",,1.65,2.58,0,kg,€/Kg,,,https://driveimg1.intermarche.com/pt/Content/images/boitmal/produit/zoom/6885FCEF2FEF4752D565E64A3BDEE242.jpg,,,,,,2026-03-11T23:59:59Z,PROSPECTUS,16,4,
1021,5601043114010,450.0,Branca de neve,"Preparado para Bolo de Chocolate, emb. 450 gr",,2.89,6.42,0,kg,€/Kg,,,https://driveimg1.intermarche.com/pt/Content/images/boitmal/produit/zoom/075EF732E3409590D6888C95DD8A9851.jpg,,,,,,2026-03-11T23:59:59Z,PROSPECTUS,16,4,
10702,8714789925349,75.0,Colgate,"Pasta dentífrica máxima proteção, fresca, embalagem de 75 ml",,1.99,26.53,75,L,€/L,,,https://driveimg1.intermarche.com/pt/Content/images/boitmal/produit/zoom/25ADA59A95A3FDAF86D88BFBC2F69BCB.jpg,,,,,,2026-03-11T23:59:59Z,PROSPECTUS,16,4,
10910,3250390010586,250.0,Páturages,Queijo Camembert 250g,Embalagem de 250 g,1.99,7.96,0,kg,€/Kg,,,https://driveimg1.intermarche.com/pt/Content/images/boitmal/produit/zoom/7C9F5B55F7320E544E58C79F8FBB96B2.jpg,,,,,,2026-03-11T23:59:59Z,PROSPECTUS,16,4,
1136,5601082022765,250.0,Delta,"Café Moído Torrado para Saco Lote Chávena Int 12, emb. 250 gr",Embalagem de 250g,3.99,15.96,0,kg,€/Kg,,,https://driveimg1.intermarche.com/pt/Content/images/boitmal/produit/zoom/7F2116263816AF75A6AD47598CE14D0D.jpg,,,,,,2026-03-11T23:59:59Z,PROSPECTUS,16,4,
1141,5601082026930,,Delta Q,"Cápsulas de Café Qharacter Int 9, emb. 10 un.",Embalagem de 60g,3.99,3.99,0,,€/Unidade,,,https://driveimg1.intermarche.com/pt/Content/images/boitmal/produit/zoom/ED78713935358B06CEC6FAE9E6288EA3.jpg,,,,,,2026-03-11T23:59:59Z,PROSPECTUS,16,4,
1142,5601082026954,55.0,Delta Q,Café em cápsulas  qonvictus,Embalagem de 55 g,3.99,72.55,0,kg,€/Kg,,,https://driveimg1.intermarche.com/pt/Content/images/boitmal/produit/zoom/2BCCE3D035FB6F5D7FC434FDA25E120B.jpg,,,,,,2026-03-11T23:59:59Z,PROSPECTUS,16,4,
1191,5601119009660,180.0,Nobre,"Salsichas Cocktail Lata, emb. 180 gr",,1.89,10.5,0,kg,€/Kg,,,https://driveimg1.intermarche.com/pt/Content/images/boitmal/produit/zoom/FEBC979069AC159E9B8E5F8DD02E763D.jpg,,,,,,2026-03-11T23:59:59Z,PROSPECTUS,16,4,
1228,5601146230518,1500.0,Joi,"Refrigerante sem gás, laranja, garrafa de 1,5 l",,1.15,0.77,1500,L,€/L,,,https://driveimg1.intermarche.com/pt/Content/images/boitmal/produit/zoom/9CFD5D319CF23E8EEE61B6DFE693387D.jpg,,,,,,2026-03-11T23:59:59Z,PROSPECTUS,16,4,
12286,8001480020696,2000.0,Neoblanc,Lixívia para roupa delicada,Embalagem de 2 l,5.39,2.7,2000,L,€/L,,,https://driveimg1.intermarche.com/pt/Content/images/boitmal/produit/zoom/AA134EE88CA0DF0986A964941E1C5878.jpg,,,,,,2026-03-18T23:59:59Z,PROSPECTUS,16,4,
1230,5601146232512,1500.0,Joi,"Refrigerante sem gás, maracujá e la, garrafa de 1,5 l",,1.15,0.77,1500,L,€/L,,,https://driveimg1.intermarche.com/pt/Content/images/boitmal/produit/zoom/430468AF369DBE1139E298A0EA69B620.jpg,,,,,,2026-03-11T23:59:59Z,PROSPECTUS,16,4,
1243,5601149023896,190.0,Savora,"Mostarda em frasco, embalagem de 190g",,2.24,11.79,0,kg,€/Kg,,,https://driveimg1.intermarche.com/pt/Content/images/boitmal/produit/zoom/AA1AA41CE353404642F321B0CBFFD433.jpg,,,,,,2026-03-11T23:59:59Z,PROSPECTUS,16,4,
12471,8435257040868,640.0,Nestlé,"Iogurte líquido yoggi morango/banana, embalagem de 4 x 160g",,1.65,2.58,0,kg,€/Kg,,,https://driveimg1.intermarche.com/pt/Content/images/boitmal/produit/zoom/E92C48D7A1A5BA67322D0E6250F5BAFF.jpg,,,,,,2026-03-11T23:59:59Z,PROSPECTUS,16,4,
12832,3600522417101,50.0,L'oreal,"Creme anti-rugas revitalizante fps30, dia",Embalagem de 50 ml,11.89,237.8,50,L,€/L,,,https://driveimg1.intermarche.com/pt/Content/images/boitmal/produit/zoom/760ED36E38FB9AD40EDEA3FB0A0EAA50.jpg,,,,,,2026-03-11T23:59:59Z,PROSPECTUS,16,4,
1296,5601151543306,1000.0,Compal,"Néctar de pêra, embalagem de 1l",,1.35,1.35,1000,L,€/L,,,https://driveimg1.intermarche.com/pt/Content/images/boitmal/produit/zoom/20D6CCFACD44697943FB8CAF67B7E4F5.jpg,,,,,,2026-03-11T23:59:59Z,PROSPECTUS,16,4,
13541,2893533000000,250.0,Congelado de Aquicultura,Camarão Congelado 60/80,1 un = 250 gr  (aprox.),1.75,6.99,0,,€/Kg,,Avantages !,https://driveimg1.intermarche.com/pt/Content/images/boitmal/produit/zoom/29A2DFA509FFDAFCD18E7F308BD753B4.jpg,,,,,,2026-03-11T23:59:59Z,PROSPECTUS,16,4,
13603,2893598000000,250.0,Peixaria,Sardinha Pequena Congelada,1 un= 250 gr (aprox.),1.15,4.59,0,,€/Kg,,Avantages !,https://driveimg1.intermarche.com/pt/Content/images/boitmal/produit/zoom/3CA0FC96B889D2EC96F915EEAEB30E47.jpg,,,,,,2026-03-11T23:59:59Z,PROSPECTUS,16,4,
13605,2893600000000,120.0,Peixaria,Carapau Pequeno,1 un= 120 gr (aprox.),0.6,4.99,0,,€/Kg,,Avantages !,https://driveimg1.intermarche.com/pt/Content/images/boitmal/produit/zoom/3B6E04790C21C4A69FD1B4E656879AFB.jpg,,,,,,2026-03-11T23:59:59Z,PROSPECTUS,16,4,
1413,5601252106615,750.0,Gallo,"Azeite Subtil, emb. 75 cl",,4.69,6.25,750,L,€/L,,,https://driveimg1.intermarche.com/pt/Content/images/boitmal/produit/zoom/15A5982897D183B94BC206320162E4EC.jpg,,,,,,2026-03-11T23:59:59Z,PROSPECTUS,16,4,
14854,2891117000000,2350.0,PorSi,Pato inteiro com miúdos,1 un = 2.250 kg (aprox.),9.38,3.99,0,,€/Kg,,,https://driveimg1.intermarche.com/pt/Content/images/boitmal/produit/zoom/E5F2031D60089F4C13D404725928D593.jpg,,,,,,2026-03-11T23:59:59Z,PROSPECTUS,16,4,
1495,5601363100380,300.0,Pála-Pála,"Batata frita caseira rodela, embalagem de 300g",,1.79,5.97,0,kg,€/Kg,,,https://driveimg1.intermarche.com/pt/Content/images/boitmal/produit/zoom/2550CC98E3B2E3C63B7A972B31C2AB65.jpg,,,,,,2026-03-11T23:59:59Z,PROSPECTUS,16,4,
15286,7613034453754,300.0,Purina Gourmet,Comida húmida para gato seleção de aves,Embalagem de 300g,2.59,8.63,0,kg,€/Kg,,,https://driveimg1.intermarche.com/pt/Content/images/boitmal/produit/zoom/E37BC08E397EF4C9355F3D465FCA634D.jpg,,,,,,2026-03-11T23:59:59Z,PROSPECTUS,16,4,
15503,8410500018931,400.0,Danonino Danone,"Iogurte líquido danonino tutti frutti, embalagem de 4 x 100 g",,2.09,5.23,0,kg,€/Kg,,,https://driveimg1.intermarche.com/pt/Content/images/boitmal/produit/zoom/49D4DFA8C6DABEB79926D4F0312C64D8.jpg,,,,,,2026-03-11T23:59:59Z,PROSPECTUS,16,4,
15561,5601146703418,4950.0,Sagres,"Cerveja com álcool, pack 15 x 0.33 l",,12.43,2.51,4950,L,€/L,,,https://driveimg1.intermarche.com/pt/Content/images/boitmal/produit/zoom/A56DE85260A5F3173FD32BDBD1831F26.jpg,,,,,,2026-03-11T23:59:59Z,PROSPECTUS,16,4,
15566,8410063056180,250.0,Pescanova,"Miolo de Camarão Gigante 15/30 Ultracongelado, emb. 250 gr",,6.99,27.96,0,kg,€/Kg,,Tipo de stockagem,https://driveimg1.intermarche.com/pt/Content/images/boitmal/produit/zoom/BEE1FF3586E000AD085B4D38C7ACD034.jpg,,,,,,2026-03-11T23:59:59Z,PROSPECTUS,16,4,
15952,7613032918729,3000.0,Friskies,"Ração para Gato Adulto de Interior Frango, Peru e Legumes, emb. 3 kg",Embalagem de 3 kg,8.74,2.91,0,kg,€/Kg,,,https://driveimg1.intermarche.com/pt/Content/images/boitmal/produit/zoom/750597FE3D8CEBBA8D73F587B10AA8B2.jpg,,,,,,2026-03-11T23:59:59Z,PROSPECTUS,16,4,
15962,5601252107056,250.0,Gallo,"Azeite Virgem Extra Clássico, emb. 25 cl",,2.59,10.36,250,L,€/L,,,https://driveimg1.intermarche.com/pt/Content/images/boitmal/produit/zoom/09BE807A8C54B481888F449279BB53A1.jpg,,,,,,2026-03-11T23:59:59Z,PROSPECTUS,16,4,
1611,5601736901293,250.0,Mar Ibérica,"Cubos de Tamboril, emb. 250 gr",Embalagem de 250 g,3.39,13.56,0,kg,€/Kg,,Tipo de stockagem,https://driveimg1.intermarche.com/pt/Content/images/boitmal/produit/zoom/B7F6A60B0D063C4286B9079B713072D6.jpg,,,,,,2026-03-11T23:59:59Z,PROSPECTUS,16,4,
16428,5604260276981,800.0,PorSi,Anticalcário em Pó para Máquina de Roupa 800g,Embalagem de 800g,3.99,4.99,0,kg,€/Kg,,,https://driveimg1.intermarche.com/pt/Content/images/boitmal/produit/zoom/BE91705AC625A6F8DF633EE46858CD70.jpg,,,,,,2026-03-18T23:59:59Z,PROSPECTUS,16,4,
16492,8718951037847,500.0,Ajax,"Limpa vidros pistola, tripla acção, embalagem de 500 ml",,1.97,3.94,500,L,€/L,,,https://driveimg1.intermarche.com/pt/Content/images/boitmal/produit/zoom/835152AD536CA633AE488A10E244161F.jpg,,,,,,2026-03-18T23:59:59Z,PROSPECTUS,16,4,
16780,8001480023307,700.0,Neoblanc,Gel WC Flores,Embalagem de 700 ml,1.49,2.13,700,L,€/L,,,https://driveimg1.intermarche.com/pt/Content/images/boitmal/produit/zoom/5D87D2909856E8874A999239B80A7102.jpg,,,,,,2026-03-18T23:59:59Z,PROSPECTUS,16,4,
16919,8718951037878,500.0,Ajax,"Limpa vidros cristal recarga, 500 ml",,1.79,3.58,500,L,€/L,,,https://driveimg1.intermarche.com/pt/Content/images/boitmal/produit/zoom/347189FDE440F5C76849CD3F7F37CA5B.jpg,,,,,,2026-03-18T23:59:59Z,PROSPECTUS,16,4,
17013,7613033823886,250.0,Nestum,Nestum 5 cereais,Embalagem de 250g,2.24,8.96,0,kg,€/Kg,,,https://driveimg1.intermarche.com/pt/Content/images/boitmal/produit/zoom/55D8589D3232C35CE7023AECB9A4A628.jpg,,,,,,2026-03-11T23:59:59Z,PROSPECTUS,16,4,
1702,5603697270975,130.0,Koala,"Gelatina Pronta Vegetal Manga, emb. 130 gr",,0.84,6.46,0,kg,€/Kg,,,https://driveimg1.intermarche.com/pt/Content/images/boitmal/produit/zoom/9F7E79602F153443DE48C5585284C9B7.jpg,,,,,,2026-03-11T23:59:59Z,PROSPECTUS,16,4,
1704,5603697271613,130.0,Koala,"Gelatina Pronta Vegetal Morango, emb. 130 gr",,0.84,6.46,0,kg,€/Kg,,,https://driveimg1.intermarche.com/pt/Content/images/boitmal/produit/zoom/762063B2025105B0DFBCD720DF0FE4F1.jpg,,,,,,2026-03-11T23:59:59Z,PROSPECTUS,16,4,
17114,5000116110148,320.0,Capitão Iglo,"4 hamburguers vaca sem glúten, embalagem de 320g",,5.99,18.72,0,kg,€/Kg,,Tipo de stockagem,https://driveimg1.intermarche.com/pt/Content/images/boitmal/produit/zoom/F31F98EC751272F860D1F790EE53DF35.jpg,,,,,,2026-03-11T23:59:59Z,PROSPECTUS,16,4,
17969,8410104156695,,Air Wick,Recarga ambientador elétrico delícias de verão,,3.59,3.59,1,,€/Unidade,,,https://driveimg1.intermarche.com/pt/Content/images/boitmal/produit/zoom/6FDA4F526BE600B71E3CC2981419E972.jpg,,,,,,2026-03-18T23:59:59Z,PROSPECTUS,16,4,
18595,8410500016012,400.0,Danonino Danone,"Iogurte líquido danonino morango, embalagem de 4 x 100g",,2.09,5.23,0,kg,€/Kg,,,https://driveimg1.intermarche.com/pt/Content/images/boitmal/produit/zoom/00E1EF11C0C6DBF4F5207E20D5392DA2.jpg,,,,,,2026-03-11T23:59:59Z,PROSPECTUS,16,4,
18632,5604649919898,400.0,Fruta,Kiwi Amarelo,Embalagem de 400 g,2.99,7.48,0,kg,€/Kg,,,https://driveimg1.intermarche.com/pt/Content/images/boitmal/produit/zoom/2881991DC4C80EE79D9DCBCB3E161C4B.jpg,,,,,,2026-03-11T23:59:59Z,PROSPECTUS,16,4,
19203,5000116110407,240.0,Capitão Iglo,"4 hamburguers frango sem glúten, embalagem de 240g",,4.99,20.79,0,kg,€/Kg,,Tipo de stockagem,https://driveimg1.intermarche.com/pt/Content/images/boitmal/produit/zoom/DBCAABB905B293E30250F00FBA9411C4.jpg,,,,,,2026-03-11T23:59:59Z,PROSPECTUS,16,4,
19454,5604260275885,,PorSi,Recarga Esfregona Algodão,,0.89,0.89,0,,€/Unidade,,,https://driveimg1.intermarche.com/pt/Content/images/boitmal/produit/zoom/D144575F9E421AACF96249BBCE7EBDEB.jpg,,,,,,2026-03-18T23:59:59Z,PROSPECTUS,16,4,
19585,8435257033822,720.0,Longa vida,"Iogurte magro natural, embalagem de 6 x 120g",,2.39,3.32,0,kg,€/Kg,,,https://driveimg1.intermarche.com/pt/Content/images/boitmal/produit/zoom/0343709B1D70140B7336A86F6CAA12F8.jpg,,,,,,2026-03-11T23:59:59Z,PROSPECTUS,16,4,
19586,8435257028057,720.0,Longa vida,"Iogurte aroma 0% tutti fruti/coco, embalagem de 6 x 120g",,2.39,3.32,0,kg,€/Kg,,,https://driveimg1.intermarche.com/pt/Content/images/boitmal/produit/zoom/6FEC33DAE59256CBE3074F3F03199908.jpg,,,,,,2026-03-11T23:59:59Z,PROSPECTUS,16,4,
19703,4008429059292,60.0,Catisfactions,"Snack para gato de salmão e queijo, embalagem de 60g",,1.69,28.17,0,kg,€/Kg,,,https://driveimg1.intermarche.com/pt/Content/images/boitmal/produit/zoom/9464440B214358D6A557BBCBF89B20A6.jpg,,,,,,2026-03-11T23:59:59Z,PROSPECTUS,16,4,
19939,7613035619425,300.0,Nestlé,"Granola Aveia, Trigo e Chocolate, emb. 300 gr",Embalagem de 300g,3.29,10.97,0,kg,€/Kg,,,https://driveimg1.intermarche.com/pt/Content/images/boitmal/produit/zoom/9320D561FEE05C66ADC01B69C3EF7AE4.jpg,,,,,,2026-03-11T23:59:59Z,PROSPECTUS,16,4,
20032,5602947000010,750.0,Quinta da Pacheca,Vinho tinto doc douro,Garrafa de 750 ml,5.49,7.32,750,L,€/L,,,https://driveimg1.intermarche.com/pt/Content/images/boitmal/produit/zoom/7E98EA253AD421BB8B156D996574E752.jpg,,,,,,2026-03-11T23:59:59Z,PROSPECTUS,16,4,
20100,5601010131279,120.0,Ramirez,"Atum ao Natural, emb. 120 gr",,1.19,9.92,0,kg,€/Kg,,,https://driveimg1.intermarche.com/pt/Content/images/boitmal/produit/zoom/D6D7337A327D39309C10A263E366779D.jpg,,,,,,2026-03-11T23:59:59Z,PROSPECTUS,16,4,
20912,5601096227309,750.0,Aveleda,"Vinho verde branco loureiro/alvarinho, garrafa de 0.75 l",,3.99,5.32,750,L,€/L,,,https://driveimg1.intermarche.com/pt/Content/images/boitmal/produit/zoom/0EDCFE54C28A289AA37078E6B8F87858.jpg,,,,,,2026-03-11T23:59:59Z,PROSPECTUS,16,4,
21074,8412600450079,220.0,Bimbo,"Pães para hamburguer com sésamo, 4 unidades, embalagem de 220g",,1.54,7.0,0,kg,€/Kg,,,https://driveimg1.intermarche.com/pt/Content/images/boitmal/produit/zoom/FCE03D7069781891F53DA0C5098EA620.jpg,,,,,,2026-03-11T23:59:59Z,PROSPECTUS,16,4,
21577,5602947000713,750.0,Quinta da Pacheca,Vinho rosé doc douro,Garrafa de 750 ml,5.49,7.32,750,L,€/L,,,https://driveimg1.intermarche.com/pt/Content/images/boitmal/produit/zoom/99C3E3FF1B0370B7F352668571EDA823.jpg,,,,,,2026-03-11T23:59:59Z,PROSPECTUS,16,4,
22189,3574661305288,500.0,Listerine,Elixir Total Care Zero,Embalagem de 500 ml,4.99,9.98,500,L,€/L,,,https://driveimg1.intermarche.com/pt/Content/images/boitmal/produit/zoom/05F1BE512E16104F68C5E00CC2A613B6.jpg,,,,,,2026-03-11T23:59:59Z,PROSPECTUS,16,4,
22655,8008820148447,750.0,Sorbello,"Lambrusco rosé, garrafa de 0.75 l",,2.29,3.05,750,L,€/L,,,https://driveimg1.intermarche.com/pt/Content/images/boitmal/produit/zoom/B8608CD34D613092187F919E49F2FAB5.jpg,,,,,,2026-03-11T23:59:59Z,PROSPECTUS,16,4,
22955,3045200760009,500.0,Sanytol,"Desinfetante para Roupa, 500ml",,2.64,5.28,500,L,€/L,,,https://driveimg1.intermarche.com/pt/Content/images/boitmal/produit/zoom/932FDF72A4293CF6B46E5DCF125CBB20.jpg,,,,,,2026-03-18T23:59:59Z,PROSPECTUS,16,4,
