identifier,produitEan13,capacite,marque,libelle,conditionnement,prix,unitPrice,volume,typeProduit_uniteByCode,unit_value,pictogrammes_0,pictogrammes_libelleCategorie,images_0,images_1,images_2,images_3,avantages_dateFin,avantages_categorie,nro_paginas,page,images_4
11925,5603089002221,200.0,Parmalat,"Nata uht para culinária, embalagem de 200 ml",,0.89,4.45,200,L,€/L,,,https://driveimg1.intermarche.com/pt/Content/images/boitmal/produit/zoom/6D33922CAD380AFD4F287905CBB6BE3F.jpg,,,,2024-12-31T23:59:59.999999999Z,PROSPECTUS,9,1,
4687,5000116105212,375.0,Iglo,"Ervilhas, embalagem de 375g",,1.89,5.04,0,kg,€/Kg,,Tipo de stockagem,https://driveimg1.intermarche.com/pt/Content/images/boitmal/produit/zoom/6C528FEBBEDC5462386A3AB117EEBFD4.jpg,,,,2024-12-31T23:59:59.999999999Z,PROSPECTUS,9,1,
35499,5601151973769,3500.0,Sumol,"Refrigerante com gás de laranja, 2 x 1.75 l",,2.78,0.79,3500,L,€/L,,,https://driveimg1.intermarche.com/pt/Content/images/boitmal/produit/zoom/15C97042A71F49C362C4C213EA28900F.jpg,,,,2024-12-31T23:59:59.999999999Z,PROSPECTUS,9,1,
1188,5601119007970,200.0,Nobre,"Salsichas de porco, lata de 200g",,1.39,6.95,0,kg,€/Kg,,,https://driveimg1.intermarche.com/pt/Content/images/boitmal/produit/zoom/F480FC52D56464F3C1B867155F4A37B9.jpg,,,,2024-12-31T23:59:59.999999999Z,PROSPECTUS,9,1,
13897,2891053000000,1000.0,Porco,Lombo sem Osso,Vendido ao peso a partir de 1 kg,4.99,4.99,0,,€/Kg,,,https://driveimg1.intermarche.com/pt/Content/images/boitmal/produit/zoom/415564DA70574ED3C1D7475F1F28BDB6.jpg,,,,2024-12-31T23:59:59.999999999Z,PROSPECTUS,9,1,
17265,2696109000000,600.0,Pastelaria,Galette de Rois,600g,5.99,9.98,0,kg,€/Kg,,,https://driveimg1.intermarche.com/pt/Content/images/boitmal/produit/zoom/C67BA4CDA8508BEF0A5304015C5BF4C3.jpg,,,,2024-12-31T23:59:59.999999999Z,PROSPECTUS,9,1,
20515,5601096360303,750.0,Casal Garcia,"Sangria, garrafa de 750 ml",,3.29,4.39,750,L,€/L,,,https://driveimg1.intermarche.com/pt/Content/images/boitmal/produit/zoom/2685A58747E25C1B63F2722E6C34D915.jpg,,,,2024-12-31T23:59:59.999999999Z,PROSPECTUS,9,1,
31516,8435257039107,1280.0,Nestlé,"Yoggi liquido morango, embalagem de 8x160g",,3.89,3.04,0,kg,€/Kg,,,https://driveimg1.intermarche.com/pt/Content/images/boitmal/produit/zoom/919C3780A665F064AD1803A3631A5911.jpg,,,,2024-12-31T23:59:59.999999999Z,PROSPECTUS,9,1,
10669,8714789703046,360.0,Palmolive,"Sabonete sensitive, 4x90 g",,3.59,9.97,0,kg,€/Kg,,,https://driveimg1.intermarche.com/pt/Content/images/boitmal/produit/zoom/8140413D2E9C838D4EEF2E30218B12BC.jpg,,,,2024-12-31T23:59:59.999999999Z,PROSPECTUS,9,1,
32158,4015400917328,480.0,Fairy,"Detergente Liquido da Loiça Limão, 480 ml",,2.99,6.23,480,L,€/L,,,https://driveimg1.intermarche.com/pt/Content/images/boitmal/produit/zoom/4E2BD689329F214554584573973F36ED.jpg,,,,2024-12-31T23:59:59.999999999Z,PROSPECTUS,9,1,
15489,7613031884247,4000.0,Friskies,"Ração para gato adulto com vaca, frango, embalagem de 4kg",,10.79,2.7,0,kg,€/Kg,,,https://driveimg1.intermarche.com/pt/Content/images/boitmal/produit/zoom/AA74DE430E0D577781082E763F8D5C13.jpg,,,,2024-12-31T23:59:59.999999999Z,PROSPECTUS,9,1,
31908,8001090134226,,Dodot,Toalhita Azul,Embalagem de 64 un.,0.99,0.99,0,,€/Unidade,,,https://driveimg1.intermarche.com/pt/Content/images/boitmal/produit/zoom/7D0CA6E791B9424075D8EFACDC32D2FC.jpg,,,,2024-12-31T23:59:59.999999999Z,PROSPECTUS,9,1,
12978,2892462000000,400.0,Legumes,Alface Frisada,1 un= 400 g (aprox.),0.68,1.69,0,,€/Kg,,,https://driveimg1.intermarche.com/pt/Content/images/boitmal/produit/zoom/11753DE36CD8D1B450ED5A40B08A088C.jpg,,,,2024-12-31T23:59:59.999999999Z,PROSPECTUS,9,1,
42152,5604260309009,200.0,PorSi,Tiras de bacon fumado,Embalagem de 2 x 100 g,2.19,10.95,0,kg,€/Kg,,,https://driveimg1.intermarche.com/pt/Content/images/boitmal/produit/zoom/370FF2BC2013B8923987037050A2F519.jpg,,,,2024-12-31T23:59:59.999999999Z,PROSPECTUS,9,1,
6179,8000920200025,650.0,Olá,"Viennetta baunilha, embalagem de 650 ml",,2.59,3.98,650,L,€/L,,Tipo de stockagem,https://driveimg1.intermarche.com/pt/Content/images/boitmal/produit/zoom/788D43470D76B6D6336C9CB6363133EE.jpg,,,,2024-12-31T23:59:59.999999999Z,PROSPECTUS,9,1,
40592,5603722519420,480.0,Mimosa,"Iogurte fruta batida banana, laranja e bolacha, 4 x 120 g",,1.69,3.52,0,kg,€/Kg,,,https://driveimg1.intermarche.com/pt/Content/images/boitmal/produit/zoom/3DD4F4ED13036BE4F0A8D47DB404A192.jpg,,,,2024-12-31T23:59:59.999999999Z,PROSPECTUS,9,1,
14698,7613034570512,90.0,Nestlé,"Fruta para bebé 4 frutas +4 meses, embalagem de 90g",,0.78,8.67,0,kg,€/Kg,,,https://driveimg1.intermarche.com/pt/Content/images/boitmal/produit/zoom/3717C2AF583A80AD83A765BB8032F767.jpg,,,,2024-12-31T23:59:59.999999999Z,PROSPECTUS,9,1,
12309,8004300653241,750.0,Maestri Cantinieri,Lambrusco rose,Garrafa de 750 ml,1.99,2.65,750,L,€/L,,,https://driveimg1.intermarche.com/pt/Content/images/boitmal/produit/zoom/1F405B42A3CBAD229063F06FC94847E8.jpg,,,,2024-12-31T23:59:59.999999999Z,PROSPECTUS,9,1,
2778,8410168399939,4000.0,Friskies,"Ração para gato adulto com coelho, embalagem de 4 kg",,10.79,2.7,0,kg,€/Kg,,,https://driveimg1.intermarche.com/pt/Content/images/boitmal/produit/zoom/48E426D2CA0EFD97E75332E6A0553A7B.jpg,,,,2024-12-31T23:59:59.999999999Z,PROSPECTUS,9,1,
12994,2892524000000,100.0,Legumes,Cenoura Granel,1 un = 100 gr (aprox.),0.09,0.89,0,,€/Kg,,,https://driveimg1.intermarche.com/pt/Content/images/boitmal/produit/zoom/5AEDEF3ED6ABEF24EACEE9C46AA7916F.jpg,,,,2024-12-31T23:59:59.999999999Z,PROSPECTUS,9,1,
13833,2892579000000,300.0,Legumes,Pepino,1 un = 300 gr  (aprox.),0.42,1.39,0,,€/Kg,,,https://driveimg1.intermarche.com/pt/Content/images/boitmal/produit/zoom/BD2734BFC4704D52A466FC85B929304E.jpg,,,,2024-12-31T23:59:59.999999999Z,PROSPECTUS,9,1,
13954,2891192000000,500.0,Porco,Tiras da Costela/Piano,1 un = 500 gr (aprox.),3.0,5.99,0,,€/Kg,,,https://driveimg1.intermarche.com/pt/Content/images/boitmal/produit/zoom/7D0B09E93398DFB0B31D06D5AFBD6B99.jpg,,,,2024-12-31T23:59:59.999999999Z,PROSPECTUS,9,1,
10914,3250390011620,200.0,Páturages,Queijo brie 60% mg,Embalagem de 200 g,1.59,7.95,0,kg,€/Kg,,,https://driveimg1.intermarche.com/pt/Content/images/boitmal/produit/zoom/4BF7058D0138CA4DFA3E37B503FC8E28.jpg,,,,2024-12-31T23:59:59.999999999Z,PROSPECTUS,9,1,
12887,2892089000000,500.0,Fruta,Manga Barco,1 un = 500 gr (aprox.),1.35,2.69,0,,€/Kg,,,https://driveimg1.intermarche.com/pt/Content/images/boitmal/produit/zoom/7DE73DFAB226CDE947BB89C61333D3FE.jpg,,,,2024-12-31T23:59:59.999999999Z,PROSPECTUS,9,1,
13866,2891048000000,1000.0,Porco,Bifanas,Vendido ao peso a partir de 1 kg,3.99,3.99,0,,€/Kg,,,https://driveimg1.intermarche.com/pt/Content/images/boitmal/produit/zoom/72DE0DA6B485199AC995C629E3E4D279.jpg,,,,2024-12-31T23:59:59.999999999Z,PROSPECTUS,9,1,
7105,2894508000000,100.0,Primor,Bacon Extra,"Vendido ao peso, fatiado a partir de 100 gr",1.2,11.99,0,,€/Kg,,,https://driveimg1.intermarche.com/pt/Content/images/boitmal/produit/zoom/BE4896B3454C5EEBE0D9BE9663BD4C36.jpg,,,,2024-12-31T23:59:59.999999999Z,PROSPECTUS,9,1,
13892,2891041000000,1000.0,Porco,Costeletas do Lombo,Vendido ao peso a partir de 1 kg,4.98,4.98,0,,€/Kg,,,https://driveimg1.intermarche.com/pt/Content/images/boitmal/produit/zoom/589E4AFE71E19AF7FEB32FB0C0E176FF.jpg,,,,2024-12-31T23:59:59.999999999Z,PROSPECTUS,9,1,
13894,2891044000000,1000.0,Porco,Entremeada sem Entrecosto,Vendido ao peso a partir de 1 kg,4.88,4.88,0,,€/Kg,,,https://driveimg1.intermarche.com/pt/Content/images/boitmal/produit/zoom/033DDCE7C7F9A9CD99F0A4BEB2F74462.jpg,,,,2024-12-31T23:59:59.999999999Z,PROSPECTUS,9,1,
1228,5601146230518,1500.0,Joi,"Refrigerante sem gás, laranja, garrafa de 1,5 l",,1.29,0.86,1500,L,€/L,,,https://driveimg1.intermarche.com/pt/Content/images/boitmal/produit/zoom/9CFD5D319CF23E8EEE61B6DFE693387D.jpg,,,,2024-12-31T23:59:59.999999999Z,PROSPECTUS,9,1,
12943,2892087000000,1500.0,Fruta,Mamão,"1 un = 1,5 kg (aprox.)",5.84,3.89,0,,€/Kg,,,https://driveimg1.intermarche.com/pt/Content/images/boitmal/produit/zoom/E92859558CF3617793775ADAD1A11B14.jpg,,,,2024-12-31T23:59:59.999999999Z,PROSPECTUS,9,1,
13865,2891042000000,1000.0,Porco,Costeletas do Cachaço,Vendido ao peso a partir de 1 kg,4.98,4.98,0,,€/Kg,,,https://driveimg1.intermarche.com/pt/Content/images/boitmal/produit/zoom/D0D96FA697CD7DF7D0B353E0ED0B1193.jpg,,,,2024-12-31T23:59:59.999999999Z,PROSPECTUS,9,1,
13893,2891043000000,1000.0,Porco,Entrecosto,Vendido ao peso a partir de 1 kg,5.99,5.99,0,,€/Kg,,,https://driveimg1.intermarche.com/pt/Content/images/boitmal/produit/zoom/AA05EE99D302D59771FCC108473E0700.jpg,,,,2024-12-31T23:59:59.999999999Z,PROSPECTUS,9,1,
40586,5601151974124,1750.0,Seven-up,"Refrigerante com gás, garrafa de 1.75 l",,1.69,0.97,1750,L,€/L,,,https://driveimg1.intermarche.com/pt/Content/images/boitmal/produit/zoom/1B5C5CCFC1B153ECF65F6692CD46820B.jpg,,,,2024-12-31T23:59:59.999999999Z,PROSPECTUS,9,1,
5522,5601692071429,1000.0,Bom sucesso,"Arroz carolino, embalagem de 1 kg",,1.49,1.49,0,kg,€/Kg,,,https://driveimg1.intermarche.com/pt/Content/images/boitmal/produit/zoom/64C611B9FD96C1B21C6DBAF861284476.jpg,,,,2024-12-31T23:59:59.999999999Z,PROSPECTUS,9,1,
8413,8410500008932,600.0,Danone,"Actimel iogurte líquido de morango, de 6 x 100g",,2.89,4.82,0,kg,€/Kg,,,https://driveimg1.intermarche.com/pt/Content/images/boitmal/produit/zoom/F5F985DE2C1FEBCCE4ED6002098F416C.jpg,,,,2024-12-31T23:59:59.999999999Z,PROSPECTUS,9,1,
8998,5601511000616,400.0,Limiano,"Queijo em fatias, 400g",,3.99,9.98,0,kg,€/Kg,,,https://driveimg1.intermarche.com/pt/Content/images/boitmal/produit/zoom/B876EB9E5C4AFD1BCE528AB6B8F31622.jpg,,,,2024-12-31T23:59:59.999999999Z,PROSPECTUS,9,1,
958,5601019012401,500.0,Guloso,Polpa de Tomate,Embalagem de 500g,1.09,2.18,0,kg,€/Kg,,,https://driveimg1.intermarche.com/pt/Content/images/boitmal/produit/zoom/0CE0E0ED1941D8AA40077B3BCCD426E3.jpg,,,,2024-12-31T23:59:59.999999999Z,PROSPECTUS,9,1,
11641,5601180001020,1000.0,Vigor,Leite pasteurizado meio gordo,Garrafa de 1 l,0.98,0.98,1000,L,€/L,,,https://driveimg1.intermarche.com/pt/Content/images/boitmal/produit/zoom/C25BCB5001E1A92DAA543A65EC5B2802.jpg,,,,2024-12-31T23:59:59.999999999Z,PROSPECTUS,9,1,
1224,5601146000104,1000.0,Sagres,"Cerveja com álcool, garrafa de 1l",,1.69,1.69,1000,L,€/L,,,https://driveimg1.intermarche.com/pt/Content/images/boitmal/produit/zoom/B73052CDDDC1D5B2607AF6499F6FC79B.jpg,,,,2024-12-31T23:59:59.999999999Z,PROSPECTUS,9,1,
12325,8410000827446,440.0,Oreo,Bolachas oreo,Embalagem de 440g,2.79,6.34,0,kg,€/Kg,,,https://driveimg1.intermarche.com/pt/Content/images/boitmal/produit/zoom/3F53CBD16C3F8F93B7B232495F61BF89.jpg,,,,2024-12-31T23:59:59.999999999Z,PROSPECTUS,9,1,
12519,8712100417054,416.0,HellmannS,"Maionese, frasco, embalagem de 420g",,3.14,7.55,0,kg,€/Kg,,,https://driveimg1.intermarche.com/pt/Content/images/boitmal/produit/zoom/6AB870EF622544FC82599432CC32DE9B.jpg,https://driveimg1.intermarche.com/pt/Content/images/boitmal/produit/zoom/6731B805B2B4B445CCCFD0D614219E37.jpg,https://driveimg1.intermarche.com/pt/Content/images/boitmal/produit/zoom/6731B805B2B4B445CCCFD0D614219E37.jpg,https://driveimg1.intermarche.com/pt/Content/images/boitmal/produit/zoom/6731B805B2B4B445CCCFD0D614219E37.jpg,2024-12-31T23:59:59.999999999Z,PROSPECTUS,9,1,
12909,2892005000000,250.0,Fruta,Laranja Económica,1 un = 250 gr  (aprox.),0.3,1.19,0,,€/Kg,,,https://driveimg1.intermarche.com/pt/Content/images/boitmal/produit/zoom/67E13FD34B36BCD37E12339EB836171D.jpg,,,,2024-12-31T23:59:59.999999999Z,PROSPECTUS,9,1,
1462,5601286231772,250.0,Milaneza,"Massa, estrelinhas, embalagem de 250g",,0.57,2.28,0,kg,€/Kg,,,https://driveimg1.intermarche.com/pt/Content/images/boitmal/produit/zoom/3936C365D7B95744ED545201CA491D61.jpg,,,,2024-12-31T23:59:59.999999999Z,PROSPECTUS,9,1,
14653,5601119225442,110.0,Nobre,"Fiambre da perna extra fatias finas, embalagem de 110g",,1.99,18.09,0,kg,€/Kg,,,https://driveimg1.intermarche.com/pt/Content/images/boitmal/produit/zoom/7FD7D9E34952BFCF466D7D36B77539B0.jpg,,,,2024-12-31T23:59:59.999999999Z,PROSPECTUS,9,1,
14708,5601244202332,250.0,Terra Nostra,"Manteiga com sal, embalagem de 250g",,2.09,8.36,0,kg,€/Kg,,,https://driveimg1.intermarche.com/pt/Content/images/boitmal/produit/zoom/65FCB78A5FF812302D26BA88AD727400.jpg,https://driveimg1.intermarche.com/pt/Content/images/boitmal/produit/zoom/9D76B5CC4F670644A71C1CF49788751C.jpg,,,2024-12-31T23:59:59.999999999Z,PROSPECTUS,9,1,
20434,5601244500063,1000.0,Terra Nostra,"Leite de pastagem meio gordo, embalagem de 1litro",,0.88,0.88,1000,L,€/L,,,https://driveimg1.intermarche.com/pt/Content/images/boitmal/produit/zoom/2F15C65373BE6E3E66B7AB63273FD2E6.jpg,https://driveimg1.intermarche.com/pt/Content/images/boitmal/produit/zoom/E82125FE177156A16B33D08208F11D7F.jpg,,,2024-12-31T23:59:59.999999999Z,PROSPECTUS,9,1,
2589,7622300281182,154.0,Oreo,"Bolachas, tubo, embalagem de 150g",,1.39,9.03,0,kg,€/Kg,,,https://driveimg1.intermarche.com/pt/Content/images/boitmal/produit/zoom/A967EF8D7DC66A4DE384AFCA6E356DB8.jpg,,,,2024-12-31T23:59:59.999999999Z,PROSPECTUS,9,1,
30173,5607238032022,330.0,Casa de Mateus,"Doce de morango, embalagem de 330g",,2.59,7.85,0,kg,€/Kg,,,https://driveimg1.intermarche.com/pt/Content/images/boitmal/produit/zoom/2D6070A1F1EB4D27068EDD936E4C7823.jpg,,,,2024-12-31T23:59:59.999999999Z,PROSPECTUS,9,1,
33090,5411188112709,1000.0,Alpro,"Bebida amêndoa torrada sem açúcar, embalagem de 1litro",,1.99,1.99,1000,L,€/L,,,https://driveimg1.intermarche.com/pt/Content/images/boitmal/produit/zoom/66C6488BDB769AFC2D2A2697199C34D6.jpg,,,,2024-12-31T23:59:59.999999999Z,PROSPECTUS,9,1,
35560,5601151973745,3500.0,Seven Up,"Refrigerante de lima e limão com gás regular, pack de 2 x 1.75 l",,3.38,0.97,3500,L,€/L,,,https://driveimg1.intermarche.com/pt/Content/images/boitmal/produit/zoom/5CD5A622753D3356E9D019035298E5D4.jpg,,,,2024-12-31T23:59:59.999999999Z,PROSPECTUS,9,1,
37603,5601244700005,250.0,Terra Nostra,"Manteiga sem sal terra nostra, embalagem de 250g",,2.09,8.36,0,kg,€/Kg,,,https://driveimg1.intermarche.com/pt/Content/images/boitmal/produit/zoom/825AD5ABA4663129CA24B0F2114DECAD.jpg,,,,2024-12-31T23:59:59.999999999Z,PROSPECTUS,9,1,
38417,5411188124689,1000.0,Alpro,"Bebida aveia sem açúcar, embalagem de 1l",,1.99,1.99,1000,L,€/L,,,https://driveimg1.intermarche.com/pt/Content/images/boitmal/produit/zoom/242D83F75D71A1E8390A9D4AC652F0B9.jpg,,,,2024-12-31T23:59:59.999999999Z,PROSPECTUS,9,1,
393,8712566173945,72.0,Knorr,"Creme marisco, embalagem de 70g",,1.6,22.22,0,kg,€/Kg,,,https://driveimg1.intermarche.com/pt/Content/images/boitmal/produit/zoom/42380F997942E9C34D4500FD929708AF.jpg,,,,2024-12-31T23:59:59.999999999Z,PROSPECTUS,9,1,
41226,5601050036572,440.0,Danone,"Oikos morango, embalagem de 4 x 110g",,1.99,4.52,0,kg,€/Kg,,,https://driveimg1.intermarche.com/pt/Content/images/boitmal/produit/zoom/2653493E2B1190B7D8AE6B95BAB9D958.jpg,,,,2024-12-31T23:59:59.999999999Z,PROSPECTUS,9,1,
41298,5601050036541,440.0,Danone,"Iogurte oikos natural,  4 x 110g",,2.49,5.66,0,kg,€/Kg,,,https://driveimg1.intermarche.com/pt/Content/images/boitmal/produit/zoom/100CC1C1966D7A85865BF44E424F358B.jpg,,,,2024-12-31T23:59:59.999999999Z,PROSPECTUS,9,1,
44252,5601019012890,210.0,Guloso,"Tomate frito, embalagem de 210g",,0.86,4.1,0,kg,€/Kg,,,https://driveimg1.intermarche.com/pt/Content/images/boitmal/produit/zoom/8B263589AC7E30970A012A4A83920952.jpg,,,,2024-12-31T23:59:59.999999999Z,PROSPECTUS,9,1,
485,3036810201280,215.0,Maille,"Mostarda dijon, embalagem de 220g",,3.19,14.84,0,kg,€/Kg,,,https://driveimg1.intermarche.com/pt/Content/images/boitmal/produit/zoom/62618DF63BD11F55FFEE9176972D4CEF.jpg,https://driveimg1.intermarche.com/pt/Content/images/boitmal/produit/zoom/1ABADBA923A5257BF5D8A92B53110481.jpg,https://driveimg1.intermarche.com/pt/Content/images/boitmal/produit/zoom/1ABADBA923A5257BF5D8A92B53110481.jpg,https://driveimg1.intermarche.com/pt/Content/images/boitmal/produit/zoom/1ABADBA923A5257BF5D8A92B53110481.jpg,2024-12-31T23:59:59.999999999Z,PROSPECTUS,9,1,
8400,5601050033779,620.0,Danone,"Iogurte activia líquido cereais, embalagem de 4 x 155 g",,1.99,3.21,0,kg,€/Kg,,,https://driveimg1.intermarche.com/pt/Content/images/boitmal/produit/zoom/3AC3707CF655B8CC61D2C80E4828D7C8.jpg,,,,2024-12-31T23:59:59.999999999Z,PROSPECTUS,9,1,
8752,5601217102065,1000.0,Finish,"Sal para máquina de lavar loiça, embalagem de 1 kg",,1.89,1.89,0,kg,€/Kg,,,https://driveimg1.intermarche.com/pt/Content/images/boitmal/produit/zoom/D8090F73E97416F92FF4C25B1B1ED407.jpg,,,,2024-12-31T23:59:59.999999999Z,PROSPECTUS,9,1,
9250,5603089002214,200.0,Parmalat,"Nata uht para bater, embalagem de 200 ml",,0.89,4.45,200,L,€/L,,,https://driveimg1.intermarche.com/pt/Content/images/boitmal/produit/zoom/9A69EE65F8E834CFE40CA11D742ED343.jpg,,,,2024-12-31T23:59:59.999999999Z,PROSPECTUS,9,1,
10095,8435257040899,640.0,Nestlé,"Iogurte líquido yoggi morango, embalagem de 4 x 160g",,1.99,3.11,0,kg,€/Kg,,,https://driveimg1.intermarche.com/pt/Content/images/boitmal/produit/zoom/BCBB1C4518CDF8045B46EB41CD173E54.jpg,,,,2024-12-31T23:59:59.999999999Z,PROSPECTUS,9,1,
10111,8410104402501,200.0,Vanish,"Pré-lavagem power gel, garrafa de 200 ml",,3.89,19.45,200,L,€/L,,,https://driveimg1.intermarche.com/pt/Content/images/boitmal/produit/zoom/43D4A166A3EF555D36A5BBF95FBB5D96.jpg,,,,2024-12-31T23:59:59.999999999Z,PROSPECTUS,9,1,
11640,5601180000993,1000.0,Vigor,"Leite pasteurizado gordo, de 1l",,0.98,0.98,1000,L,€/L,,,https://driveimg1.intermarche.com/pt/Content/images/boitmal/produit/zoom/12B86C68D7331166E668398B8E667665.jpg,,,,2024-12-31T23:59:59.999999999Z,PROSPECTUS,9,1,
11755,5601511000623,400.0,Limiano,"Queijo fatias -50% de gordura, 400g",,4.09,10.23,0,kg,€/Kg,,,https://driveimg1.intermarche.com/pt/Content/images/boitmal/produit/zoom/1F49DD4803359F1338D0D32889490E90.jpg,,,,2024-12-31T23:59:59.999999999Z,PROSPECTUS,9,1,
1196,5601119942608,200.0,Nobre,"Salsichas de aves, lata de 200g",,1.39,6.95,0,kg,€/Kg,,,https://driveimg1.intermarche.com/pt/Content/images/boitmal/produit/zoom/C3D289F4C441D4785985F7C225CA4543.jpg,,,,2024-12-31T23:59:59.999999999Z,PROSPECTUS,9,1,
1226,5601146001507,1500.0,Joi,"Refrigerante sem gás de manga/laranja, garrafa de 1,5 l",,1.29,0.86,1500,L,€/L,,,https://driveimg1.intermarche.com/pt/Content/images/boitmal/produit/zoom/DB9CD865FA14B43795929B354A61BA32.jpg,,,,2024-12-31T23:59:59.999999999Z,PROSPECTUS,9,1,
1230,5601146232512,1500.0,Joi,"Refrigerante sem gás, maracujá e la, garrafa de 1,5 l",,1.29,0.86,1500,L,€/L,,,https://driveimg1.intermarche.com/pt/Content/images/boitmal/produit/zoom/430468AF369DBE1139E298A0EA69B620.jpg,,,,2024-12-31T23:59:59.999999999Z,PROSPECTUS,9,1,
12889,2892175000000,150.0,Fruta,Kiwi categoria II,1 un = 150 gr (aprox.),0.52,3.49,0,,€/Kg,,,https://driveimg1.intermarche.com/pt/Content/images/boitmal/produit/zoom/39D74C337E358C98856B0EB2FC79D7A8.jpg,,,,2024-12-31T23:59:59.999999999Z,PROSPECTUS,9,1,
12940,2892083000000,200.0,Fruta,Lima,1 un = 200 gr (aprox.),0.6,2.99,0,,€/Kg,,,https://driveimg1.intermarche.com/pt/Content/images/boitmal/produit/zoom/2DD3A3AD2AC0E0F4144D0C1CF845306C.jpg,,,,2024-12-31T23:59:59.999999999Z,PROSPECTUS,9,1,
13813,2892489000000,250.0,Legumes,Batata Doce,1 un = 250 gr  (aprox.),0.35,1.39,0,,€/Kg,,,https://driveimg1.intermarche.com/pt/Content/images/boitmal/produit/zoom/B0785A3D8A1A6773EB1FB43B119AC4D9.jpg,,,,2024-12-31T23:59:59.999999999Z,PROSPECTUS,9,1,
13947,2891125000000,150.0,Peru,Espetadas de Peru,1 un = 150 gr (aprox.),0.9,5.99,0,,€/Kg,,,https://driveimg1.intermarche.com/pt/Content/images/boitmal/produit/zoom/7051DD49B64096A6B46E7815DD618A85.jpg,,,,2024-12-31T23:59:59.999999999Z,PROSPECTUS,9,1,
14038,2696013000000,80.0,Padaria,Bola mistura,1 unidade= 80 g,0.19,2.38,0,kg,€/Kg,,,https://driveimg1.intermarche.com/pt/Content/images/boitmal/produit/zoom/509539D5119FE663643D444B9A3F9D6A.jpg,,,,2024-12-31T23:59:59.999999999Z,PROSPECTUS,9,1,
14139,3256554023317,750.0,Champomy,"Espumante sem álcool para crianças, garrafa de 750 ml",,3.19,4.25,750,L,€/L,,,https://driveimg1.intermarche.com/pt/Content/images/boitmal/produit/zoom/C2D85C95895826E612D5095430BBDF3C.jpg,,,,2024-12-31T23:59:59.999999999Z,PROSPECTUS,9,1,
14871,2696213000000,,Padaria,Empada de Frango 60 g,,0.79,0.79,0,,€/Unidade,,,https://driveimg1.intermarche.com/pt/Content/images/boitmal/produit/zoom/14D285C21A5EEE9AD8DE7ACAE760BE51.jpg,,,,2024-12-31T23:59:59.999999999Z,PROSPECTUS,9,1,
14876,2696308000000,,Pastelaria,Dawnut Glacé,50g,0.45,0.45,0,,€/Unidade,,,https://driveimg1.intermarche.com/pt/Content/images/boitmal/produit/zoom/FBBACA2910FED0EF98C5B8656D640AC4.jpg,,,,2024-12-31T23:59:59.999999999Z,PROSPECTUS,9,1,
1491,5601363001168,120.0,Doritos,"Aperitivos tex mex, embalagem de 120g",,1.39,11.58,0,kg,€/Kg,,,https://driveimg1.intermarche.com/pt/Content/images/boitmal/produit/zoom/1053755FDFA8216E31D4BC77D22F56B2.jpg,,,,2024-12-31T23:59:59.999999999Z,PROSPECTUS,9,1,
15808,5000116110001,300.0,Iglo,"Lasanha bolonhesa, embalagem de 300g",,2.99,9.97,0,kg,€/Kg,,Tipo de stockagem,https://driveimg1.intermarche.com/pt/Content/images/boitmal/produit/zoom/B971AF0ED57E873A7BEC36E18F85743D.jpg,,,,2024-12-31T23:59:59.999999999Z,PROSPECTUS,9,1,
15921,2696132000000,650.0,Pastelaria,Tarte de Flan,embalagem com 650g,3.99,6.14,0,kg,€/Kg,,,https://driveimg1.intermarche.com/pt/Content/images/boitmal/produit/zoom/27A5BDE3187D3D3C51C647BB82D32136.jpg,,,,2024-12-31T23:59:59.999999999Z,PROSPECTUS,9,1,
1604,5601560111196,350.0,Diatosta,Mini tostas de trigo,Embalagem de 350 g,2.39,6.83,0,kg,€/Kg,,,https://driveimg1.intermarche.com/pt/Content/images/boitmal/produit/zoom/DFD2CFFD394296BC913FFFFD6DB47138.jpg,,,,2024-12-31T23:59:59.999999999Z,PROSPECTUS,9,1,
16105,5601146703463,7500.0,Sagres,"Cerveja com álcool, pack 30 x 0.25 l",,13.85,1.85,7500,L,€/L,,,https://driveimg1.intermarche.com/pt/Content/images/boitmal/produit/zoom/183EDEF7293ADA26BC14282051FE997C.jpg,,,,2024-12-31T23:59:59.999999999Z,PROSPECTUS,9,1,
16654,5603533100022,1500.0,Frize,"Água com gás original, pack 6 x 0.25 l",,2.09,1.39,1500,L,€/L,,,https://driveimg1.intermarche.com/pt/Content/images/boitmal/produit/zoom/20359D0829CD7ED5AFE4AB71F6FF30DB.jpg,,,,2024-12-31T23:59:59.999999999Z,PROSPECTUS,9,1,
16695,7622210480002,154.0,Oreo,Bolacha golden,Embalagem de 154 g,1.39,9.03,0,kg,€/Kg,,,https://driveimg1.intermarche.com/pt/Content/images/boitmal/produit/zoom/838CC6F368FD2767C7E228B5A889ABC3.jpg,,,,2024-12-31T23:59:59.999999999Z,PROSPECTUS,9,1,
17402,8412600027233,700.0,Bimbo,Pão forma familiar normal,embalagem de 700 g,1.99,2.84,0,kg,€/Kg,,,https://driveimg1.intermarche.com/pt/Content/images/boitmal/produit/zoom/BD26753EF23D0DF0FDC14FCDC181B902.jpg,,,,2024-12-31T23:59:59.999999999Z,PROSPECTUS,9,1,
17419,5601119243781,110.0,Nobre,"Peito de frango fatias finas, embalagem de 110g",,0.99,9.0,0,kg,€/Kg,,,https://driveimg1.intermarche.com/pt/Content/images/boitmal/produit/zoom/568E87E8AE328D133D5414163DCC53D1.jpg,,,,2024-12-31T23:59:59.999999999Z,PROSPECTUS,9,1,
17595,5411188115366,1000.0,Alpro,"Bebida aveia, embalagem de 1 litro",,1.99,1.99,1000,L,€/L,,,https://driveimg1.intermarche.com/pt/Content/images/boitmal/produit/zoom/F5E08DFF719942D46F9D4BF500500435.jpg,,,,2024-12-31T23:59:59.999999999Z,PROSPECTUS,9,1,
20264,5000116110872,180.0,Iglo,"Crocantes frango parmesão e ervas, embalagem de 180g",,3.74,20.78,0,kg,€/Kg,,Tipo de stockagem,https://driveimg1.intermarche.com/pt/Content/images/boitmal/produit/zoom/FA238D0C01D11590AA8A8E09CE288246.jpg,,,,2024-12-31T23:59:59.999999999Z,PROSPECTUS,9,1,
20912,5601096227309,750.0,Aveleda,"Vinho verde branco loureiro/alvarinho, garrafa de 0.75 l",,3.89,5.19,750,L,€/L,,,https://driveimg1.intermarche.com/pt/Content/images/boitmal/produit/zoom/0EDCFE54C28A289AA37078E6B8F87858.jpg,,,,2024-12-31T23:59:59.999999999Z,PROSPECTUS,9,1,
20988,5601260593605,67.0,Cigala,"Noodle banzai galinha, embalagem de 70g",,1.09,16.27,0,kg,€/Kg,,,https://driveimg1.intermarche.com/pt/Content/images/boitmal/produit/zoom/71C67AA9B3CABECA513D8BECB737982E.jpg,,,,2024-12-31T23:59:59.999999999Z,PROSPECTUS,9,1,
21339,5603089007134,200.0,Parmalat,"Nata uht 0% lactose, embalagem de 200 ml",,1.08,5.4,200,L,€/L,,,https://driveimg1.intermarche.com/pt/Content/images/boitmal/produit/zoom/4DE276C95463646D95E7252C2976F63F.jpg,,,,2024-12-31T23:59:59.999999999Z,PROSPECTUS,9,1,
22335,5000116110940,420.0,Capitão Iglo,"15 douradinhos, embalagem de 420g",,4.99,11.88,0,kg,€/Kg,,Tipo de stockagem,https://driveimg1.intermarche.com/pt/Content/images/boitmal/produit/zoom/3973A8C90F686ECB72E76C3B0A0492D4.jpg,,,,2024-12-31T23:59:59.999999999Z,PROSPECTUS,9,1,
23590,5603722514142,1600.0,Agros,"Leite com chocolate, embalagem de 8x200 ml",,2.8,1.75,1600,L,€/L,,,https://driveimg1.intermarche.com/pt/Content/images/boitmal/produit/zoom/4B07C2A65AC5D9D66E12210391EDB136.jpg,,,,2024-12-31T23:59:59.999999999Z,PROSPECTUS,9,1,
25397,8426617014032,90.0,Haribo,"Gomas favoritos açúcar, 90g",,1.04,11.56,0,kg,€/Kg,,,https://driveimg1.intermarche.com/pt/Content/images/boitmal/produit/zoom/1EFF4668A730EBFA293CBDB88FDD711E.jpg,,,,2024-12-31T23:59:59.999999999Z,PROSPECTUS,9,1,
2748,8410063044521,200.0,Pescanova,"Miolo de camarão cozido 40/60, 200 g",,5.99,29.95,0,kg,€/Kg,,Tipo de stockagem,https://driveimg1.intermarche.com/pt/Content/images/boitmal/produit/zoom/D50FF0C33F27025B364B2A0F02EC1F36.jpg,,,,2024-12-31T23:59:59.999999999Z,PROSPECTUS,9,1,
2749,8410063046532,350.0,Pescanova,"Miolo de camarão 80/100, embalagem de 350g",,6.99,19.97,0,kg,€/Kg,,Tipo de stockagem,https://driveimg1.intermarche.com/pt/Content/images/boitmal/produit/zoom/0EA75135180DC26543A97F342303334A.jpg,,,,2024-12-31T23:59:59.999999999Z,PROSPECTUS,9,1,
27841,5600376210109,230.0,Pasta do Dia,"Massa quebrada, 230g",,1.67,7.26,0,kg,€/Kg,,,https://driveimg1.intermarche.com/pt/Content/images/boitmal/produit/zoom/0C5D7A86FED886706A12E6F8AA2606A3.jpg,,,,2024-12-31T23:59:59.999999999Z,PROSPECTUS,9,1,
27844,5600376210307,280.0,Pasta do Dia,"Massa para empada, embalagem de 280g",,1.99,7.11,0,kg,€/Kg,,,https://driveimg1.intermarche.com/pt/Content/images/boitmal/produit/zoom/D5A66AE96DC7D49FA87C19C0EC8030A0.jpg,,,,2024-12-31T23:59:59.999999999Z,PROSPECTUS,9,1,
27846,5600376210314,230.0,Pasta do Dia,"Massa quebrada sem glúten, embalagem de 230g",,2.62,11.39,0,kg,€/Kg,,,https://driveimg1.intermarche.com/pt/Content/images/boitmal/produit/zoom/C8846DB571759B6FD1298C68A7DD8410.jpg,,,,2024-12-31T23:59:59.999999999Z,PROSPECTUS,9,1,
29356,8718951202856,500.0,Palmolive,"Gel de banho natural leite e mel, 500 ml",,2.69,5.38,500,L,€/L,,,https://driveimg1.intermarche.com/pt/Content/images/boitmal/produit/zoom/6CB5E843C7A08E2ECE1293E08A53478D.jpg,,,,2024-12-31T23:59:59.999999999Z,PROSPECTUS,9,1,
30181,5607238032107,345.0,Casa de Mateus,"Geleia de morango, embalagem de 345g",,2.99,8.67,0,kg,€/Kg,,,https://driveimg1.intermarche.com/pt/Content/images/boitmal/produit/zoom/B386B3AED2791B1ABC3F8E529297B645.jpg,,,,2024-12-31T23:59:59.999999999Z,PROSPECTUS,9,1,
30414,4015400917304,480.0,Fairy,Detergente Liquido Loiça Original,480 ml,2.99,6.23,480,L,€/L,,,https://driveimg1.intermarche.com/pt/Content/images/boitmal/produit/zoom/BDA62A6B9333A70897E09AEAD0B62BBF.jpg,,,,2024-12-31T23:59:59.999999999Z,PROSPECTUS,9,1,
30721,5601883270013,150.0,Nova Açores,"Queijo da ilha fatiado, embalagem de 150g",,1.79,11.93,0,kg,€/Kg,,,https://driveimg1.intermarche.com/pt/Content/images/boitmal/produit/zoom/40CA9125AF84B5E9D880FDC49E57282C.jpg,,,,2024-12-31T23:59:59.999999999Z,PROSPECTUS,9,2,
31580,8410076470584,244.0,Old El Paso,"Tortilhas de trigo, 244g",,1.89,7.75,0,kg,€/Kg,,,https://driveimg1.intermarche.com/pt/Content/images/boitmal/produit/zoom/D4ABF3C429F1CE5569F76B9B160989E2.jpg,,,,2024-12-31T23:59:59.999999999Z,PROSPECTUS,9,2,
32152,5000116124145,204.0,Iglo,"2 crocantes frango recheio queijo e fiambre, embalagem de 200g",,3.99,19.56,0,kg,€/Kg,,Tipo de stockagem,https://driveimg1.intermarche.com/pt/Content/images/boitmal/produit/zoom/B55FB32E2D0253D230455DF61EB5AE0A.jpg,,,,2024-12-31T23:59:59.999999999Z,PROSPECTUS,9,2,
32542,5609060007087,200.0,Delta,Café solúvel + cereais,Embalagem de 200 g,3.49,17.45,0,kg,€/Kg,,,https://driveimg1.intermarche.com/pt/Content/images/boitmal/produit/zoom/F9D0CD9AF58FE5C906C214D2AD623D92.jpg,,,,2024-12-31T23:59:59.999999999Z,PROSPECTUS,9,2,
34597,5600376210390,250.0,Pasta do Dia,"Massa folhada retangular, embalagem de 250g",,1.99,7.96,0,kg,€/Kg,,,https://driveimg1.intermarche.com/pt/Content/images/boitmal/produit/zoom/B4FA1D3419D28314AAE8FA37375CE9A0.jpg,,,,2024-12-31T23:59:59.999999999Z,PROSPECTUS,9,2,
3526,2894034000000,150.0,Nobre,Fiambre da Perna Extra,1 un = 150 gr (aprox.),2.25,14.99,0,,€/Kg,,,https://driveimg1.intermarche.com/pt/Content/images/boitmal/produit/zoom/C76D05EF052819EDC79567520AD2D260.jpg,,,,2024-12-31T23:59:59.999999999Z,PROSPECTUS,9,2,
35652,5603722517440,750.0,Mimosa,"Bebida cálcio sem lactose + proteína, embalagem de 3 x 250 ml",,2.69,3.59,750,L,€/L,,,https://driveimg1.intermarche.com/pt/Content/images/boitmal/produit/zoom/3BF01E4C848A88E512E9DE591C8608E4.jpg,https://driveimg1.intermarche.com/pt/Content/images/boitmal/produit/zoom/125C9D1092125B3BF7F626465A710366.jpg,https://driveimg1.intermarche.com/pt/Content/images/boitmal/produit/zoom/D55403D07574DB9841CBC2E986BD092B.jpg,https://driveimg1.intermarche.com/pt/Content/images/boitmal/produit/zoom/9CE43F9767873E3B88A8F371593A237D.jpg,2024-12-31T23:59:59.999999999Z,PROSPECTUS,9,2,
35888,5601151973752,3500.0,Sumol,"Refrigerante com gás de ananás, 2 x 1.75 l",,2.78,0.79,3500,L,€/L,,,https://driveimg1.intermarche.com/pt/Content/images/boitmal/produit/zoom/088D8DA34921F50F39B725B4135D000A.jpg,,,,2024-12-31T23:59:59.999999999Z,PROSPECTUS,9,2,
36186,8715700017006,570.0,Heinz,"Ketchup top down, 570g",,3.24,5.68,0,kg,€/Kg,,,https://driveimg1.intermarche.com/pt/Content/images/boitmal/produit/zoom/61C6EABD68232C332B75678207D54C3E.jpg,,,,2024-12-31T23:59:59.999999999Z,PROSPECTUS,9,2,
36263,5601027973060,480.0,Bimbo,Pão de forma integral,Embalagem de 480 g,1.84,3.83,0,kg,€/Kg,,,https://driveimg1.intermarche.com/pt/Content/images/boitmal/produit/zoom/34F016B3F162809D8E0423F1C3245DFD.jpg,,,,2024-12-31T23:59:59.999999999Z,PROSPECTUS,9,2,
37443,7613037040869,250.0,Nestum,"Nestum zero espelta/aveia, embalagem de 250g",,2.14,8.56,0,kg,€/Kg,,,https://driveimg1.intermarche.com/pt/Content/images/boitmal/produit/zoom/BF80E2BF1A95765256612BEC5A65D8DD.jpg,,,,2024-12-31T23:59:59.999999999Z,PROSPECTUS,9,2,
37444,7613036955799,250.0,Nestum,"Nestum zero mel, embalagem de 250g",,2.14,8.56,0,kg,€/Kg,,,https://driveimg1.intermarche.com/pt/Content/images/boitmal/produit/zoom/5B200610F8E9504D3552A7693F67BE32.jpg,,,,2024-12-31T23:59:59.999999999Z,PROSPECTUS,9,2,
37604,5601244500148,1000.0,Terra Nostra,"Leite pastagem uht terra nostra inteiro, de 1l",,0.97,0.97,1000,L,€/L,,,https://driveimg1.intermarche.com/pt/Content/images/boitmal/produit/zoom/FD5D7959D64996AF38252024C576D1F9.jpg,https://driveimg1.intermarche.com/pt/Content/images/boitmal/produit/zoom/CA7222E1CEE2BE2C3D48716FA51D8421.jpg,,,2024-12-31T23:59:59.999999999Z,PROSPECTUS,9,2,
37677,5604260297191,,PorSi,Toalha em rolo papel branco,1 Unidade,2.49,2.49,0,,€/Unidade,,,https://driveimg1.intermarche.com/pt/Content/images/boitmal/produit/zoom/6BED5A6EDE325DE3278F441AB7D92069.jpg,,,,2024-12-31T23:59:59.999999999Z,PROSPECTUS,9,2,
37723,5601578111010,750.0,Terras do Demo,Espumante Bruto Branco,"Garrafa de 0,75L",8.39,11.19,750,L,€/L,,,https://driveimg1.intermarche.com/pt/Content/images/boitmal/produit/zoom/A075CB55324989C1E40FD58CCE45FF6E.jpg,,,,2024-12-31T23:59:59.999999999Z,PROSPECTUS,9,2,
38312,8410104702663,,Finish,"Limpa máquinas de loiça limão, embalagem com 250 ml",,3.89,3.89,1,,€/Unidade,,,https://driveimg1.intermarche.com/pt/Content/images/boitmal/produit/zoom/543AF0EA0E513D87A0B6AA970DE2490B.jpg,,,,2024-12-31T23:59:59.999999999Z,PROSPECTUS,9,2,
41297,5601050036534,440.0,Danone,"Iogurte oikos pêssego, embalagem de 4 x 110g",,1.99,4.52,0,kg,€/Kg,,,https://driveimg1.intermarche.com/pt/Content/images/boitmal/produit/zoom/C2BCC90FB2B192B3C8BC1E9CCF0DA4AF.jpg,,,,2024-12-31T23:59:59.999999999Z,PROSPECTUS,9,2,
41300,5601050036596,440.0,Danone,"Iogurte oikos manga papaya, embalagem de 4 x 110g",,1.99,4.52,0,kg,€/Kg,,,https://driveimg1.intermarche.com/pt/Content/images/boitmal/produit/zoom/407B76EA9B8AB5CE288E3F687A8DBF84.jpg,,,,2024-12-31T23:59:59.999999999Z,PROSPECTUS,9,2,
415,8718114840291,85.0,Knorr,"Sopa de tomate, embalagem de 90g",,1.6,18.82,0,kg,€/Kg,,,https://driveimg1.intermarche.com/pt/Content/images/boitmal/produit/zoom/7E60B85ED85C55D8C0C4950EEA4C2A32.jpg,,,,2024-12-31T23:59:59.999999999Z,PROSPECTUS,9,2,
41583,5601050036633,440.0,Danone,"Iogurte grego caramelo, embalagem de 4 x 110g",,1.99,4.52,0,kg,€/Kg,,,https://driveimg1.intermarche.com/pt/Content/images/boitmal/produit/zoom/4AF60E7434769AFED892C6902FE959A2.jpg,,,,2024-12-31T23:59:59.999999999Z,PROSPECTUS,9,2,
419,8718114882536,50.0,Knorr,"Sopa de cebola, embalagem de 50g",,1.6,32.0,0,kg,€/Kg,,,https://driveimg1.intermarche.com/pt/Content/images/boitmal/produit/zoom/40DE8A4B0CCB6E254052E81CFB00180A.jpg,,,,2024-12-31T23:59:59.999999999Z,PROSPECTUS,9,2,
42518,8001841677194,,Dodot,Fralda cueca T5 | 12 a 17 kg,Embalagem com 30 unidades,7.98,7.98,0,,€/Unidade,,,https://driveimg1.intermarche.com/pt/Content/images/boitmal/produit/zoom/CD52966267B9BDE508D8314F6FB7A801.jpg,,,,2024-12-31T23:59:59.999999999Z,PROSPECTUS,9,2,
42663,2696861000000,500.0,Pastelaria,Pão de Ló Cozido em Barro,500g,4.99,9.98,0,kg,€/Kg,,,https://driveimg1.intermarche.com/pt/Content/images/boitmal/produit/zoom/B009FBD8CFB957C94B5A95AEA0CFDAEA.jpg,,,,2024-12-31T23:59:59.999999999Z,PROSPECTUS,9,2,
43768,7613287121783,187.0,Smarties,"Smarties mini chocolate, 187g",,3.38,18.07,0,kg,€/Kg,,,https://driveimg1.intermarche.com/pt/Content/images/boitmal/produit/zoom/044C78E073B5B5B26D68268157615A9F.jpg,https://driveimg1.intermarche.com/pt/Content/images/boitmal/produit/zoom/E8FEE980732B87942B93ED2D1ABFFA78.jpg,https://driveimg1.intermarche.com/pt/Content/images/boitmal/produit/zoom/E8FEE980732B87942B93ED2D1ABFFA78.jpg,https://driveimg1.intermarche.com/pt/Content/images/boitmal/produit/zoom/E8FEE980732B87942B93ED2D1ABFFA78.jpg,2024-12-31T23:59:59.999999999Z,PROSPECTUS,9,2,https://driveimg1.intermarche.com/pt/Content/images/boitmal/produit/zoom/E8FEE980732B87942B93ED2D1ABFFA78.jpg
43949,5604260291038,,PorSi,Flutes transparentes,5 unidades,1.89,1.89,0,,€/Unidade,,,https://driveimg1.intermarche.com/pt/Content/images/boitmal/produit/zoom/6968824FD9F1F2ECC3C33A068AD2C1AC.jpg,,,,2024-12-31T23:59:59.999999999Z,PROSPECTUS,9,2,
44701,5053990156009,175.0,Pringles,"Snacks batata original, embalagem de 175g",,2.39,13.66,0,kg,€/Kg,,,https://driveimg1.intermarche.com/pt/Content/images/boitmal/produit/zoom/BE87AADF1BA674A5818FDF008937F90A.jpg,https://driveimg1.intermarche.com/pt/Content/images/boitmal/produit/zoom/843E1395B62C4B40E91467CF90852642.jpg,https://driveimg1.intermarche.com/pt/Content/images/boitmal/produit/zoom/843E1395B62C4B40E91467CF90852642.jpg,https://driveimg1.intermarche.com/pt/Content/images/boitmal/produit/zoom/843E1395B62C4B40E91467CF90852642.jpg,2024-12-31T23:59:59.999999999Z,PROSPECTUS,9,2,
44784,7613039993354,270.0,Nestlé,"Tablete chocolate preto com amêndoas, 270g",,3.74,13.85,0,kg,€/Kg,,,https://driveimg1.intermarche.com/pt/Content/images/boitmal/produit/zoom/553AD4834013A43C1EC2E8B4E57237FC.jpg,,,,2024-12-31T23:59:59.999999999Z,PROSPECTUS,9,2,
44914,5601119345379,160.0,Nobre,"Vegalia especialidade vegetariana de soja, lata com 8 unidades",,2.09,13.06,0,kg,€/Kg,,,https://driveimg1.intermarche.com/pt/Content/images/boitmal/produit/zoom/8AC478A6669D2DB4609CB7280CA417C4.jpg,,,,2024-12-31T23:59:59.999999999Z,PROSPECTUS,9,2,
45700,5604260314249,,PorSi,Detergente maquina loiça tudo em 1 limão,Embalagem de 40 cápsulas,4.59,4.59,0,,€/Unidade,,,https://driveimg1.intermarche.com/pt/Content/images/boitmal/produit/zoom/E2AF666FA080D39884D54C761B4D071C.jpg,,,,2024-12-31T23:59:59.999999999Z,PROSPECTUS,9,2,
46436,5601578131018,750.0,Terras do Demo,Espumante Rosé Bruto,Garrafa de 0.75 l,8.39,11.19,750,L,€/L,,,https://driveimg1.intermarche.com/pt/Content/images/boitmal/produit/zoom/101CF071A993AA402B99D175EC96A727.jpg,,,,2024-12-31T23:59:59.999999999Z,PROSPECTUS,9,2,
47110,7613287218766,110.0,Nestlé,Bolsitas de puré de multifrutas,Embalagem de 110g,0.84,7.64,0,kg,€/Kg,,,https://driveimg1.intermarche.com/pt/Content/images/boitmal/produit/zoom/3A0DC006BA90FE4ED51AF00C38870697.jpg,,,,2024-12-31T23:59:59.999999999Z,PROSPECTUS,9,2,
48238,8410199023094,170.0,LayS,"Lays gourmet corte fino, embalagem de 180 g",,2.69,15.82,0,kg,€/Kg,,,https://driveimg1.intermarche.com/pt/Content/images/boitmal/produit/zoom/AA6FA3F91FCD11341E4CD77B7FF49E06.jpg,,,,2024-12-31T23:59:59.999999999Z,PROSPECTUS,9,2,
50403,5601096013063,750.0,Casal Garcia,"Fruitzy morango, garrafa de 750 ml",,3.59,4.79,750,L,€/L,,,https://driveimg1.intermarche.com/pt/Content/images/boitmal/produit/zoom/FBDD3F07DE4FF32D99EE50BBD56B8401.jpg,,,,2024-12-31T23:59:59.999999999Z,PROSPECTUS,9,2,
50500,5601217134981,500.0,Vanish,"Aditivo tira nódoas spray nódoas dia-a-dia, 500 ml",,3.89,7.78,500,L,€/L,,,https://driveimg1.intermarche.com/pt/Content/images/boitmal/produit/zoom/77F5862CE52D144666F18B51D6C135F6.jpg,,,,2024-12-31T23:59:59.999999999Z,PROSPECTUS,9,2,
50949,8410104898298,750.0,Vanish,"Tira nódoas spray desengordurante, 750 ml",,4.44,5.92,750,L,€/L,,,https://driveimg1.intermarche.com/pt/Content/images/boitmal/produit/zoom/30BFC1FBF59084C87DB41E232C17BF7C.jpg,,,,2024-12-31T23:59:59.999999999Z,PROSPECTUS,9,2,
50950,8410104898496,750.0,Vanish,"Tira nódoas spray roupa branca, 750 ml",,4.44,5.92,750,L,€/L,,,https://driveimg1.intermarche.com/pt/Content/images/boitmal/produit/zoom/0413FE9809C4CF93F596173995893472.jpg,,,,2024-12-31T23:59:59.999999999Z,PROSPECTUS,9,2,
51369,5000116125791,1400.0,Capitão Iglo,"50 douradinhos de peixe ómega 3 iglo, embalagem de 1.4 kg",,13.99,9.99,0,kg,€/Kg,,Tipo de stockagem,https://driveimg1.intermarche.com/pt/Content/images/boitmal/produit/zoom/6C5BC15FEE115209F2EC3E0B9DBA1CCD.jpg,,,,2024-12-31T23:59:59.999999999Z,PROSPECTUS,9,2,
5163,5601119225459,110.0,Nobre,"Peito de peru fatias finas, embalagem de 110g",,2.39,21.73,0,kg,€/Kg,,,https://driveimg1.intermarche.com/pt/Content/images/boitmal/produit/zoom/974FB18B55CA4E77D8BC07F3A9C285B6.jpg,,,,2024-12-31T23:59:59.999999999Z,PROSPECTUS,9,2,
52597,5601217137692,3180.0,Xau,"Detergente máquina roupa líquido primavera, 69 doses",,8.99,2.83,3180,L,€/L,,,https://driveimg1.intermarche.com/pt/Content/images/boitmal/produit/zoom/61EBC61951F2D699FB04A2EDBCC5DED6.jpg,,,,2024-12-31T23:59:59.999999999Z,PROSPECTUS,9,2,
52831,5411188139386,750.0,Alpro,"Bebida soja alto teor proteína, 750 ml",,1.59,2.12,750,L,€/L,,,https://driveimg1.intermarche.com/pt/Content/images/boitmal/produit/zoom/49ADB141EE7D3ED699ADC3A17F20F163.jpg,,,,2024-12-31T23:59:59.999999999Z,PROSPECTUS,9,2,
52856,5411188137993,400.0,Alpro,"Yofu mirtilo, 400g",,1.99,4.98,0,kg,€/Kg,,,https://driveimg1.intermarche.com/pt/Content/images/boitmal/produit/zoom/485F657BAFD51912DFB54A5C99A1A224.jpg,https://driveimg1.intermarche.com/pt/Content/images/boitmal/produit/zoom/11533D920C6F50B230FF02F2A50E7E1F.jpg,https://driveimg1.intermarche.com/pt/Content/images/boitmal/produit/zoom/11533D920C6F50B230FF02F2A50E7E1F.jpg,,2024-12-31T23:59:59.999999999Z,PROSPECTUS,9,2,
53065,5601050037869,620.0,Danone,"Bifidus líquido activia cereais 000%, 4 x 155g",,1.99,3.21,0,kg,€/Kg,,,https://driveimg1.intermarche.com/pt/Content/images/boitmal/produit/zoom/DBB68FAAD4295A916F961528157D95F0.jpg,https://driveimg1.intermarche.com/pt/Content/images/boitmal/produit/zoom/B131D80C948546BCBA16D94F59138000.jpg,https://driveimg1.intermarche.com/pt/Content/images/boitmal/produit/zoom/B131D80C948546BCBA16D94F59138000.jpg,https://driveimg1.intermarche.com/pt/Content/images/boitmal/produit/zoom/B131D80C948546BCBA16D94F59138000.jpg,2024-12-31T23:59:59.999999999Z,PROSPECTUS,9,2,
53066,5601050037845,620.0,Danone,"Bifidus líquido activia aveia e noz 000%, 4 x 155g",,1.99,3.21,0,kg,€/Kg,,,https://driveimg1.intermarche.com/pt/Content/images/boitmal/produit/zoom/CA31731A632F34AB50927A2984D0BF84.jpg,https://driveimg1.intermarche.com/pt/Content/images/boitmal/produit/zoom/C3E5261F5C2ADA6A9243957038878389.jpg,https://driveimg1.intermarche.com/pt/Content/images/boitmal/produit/zoom/C3E5261F5C2ADA6A9243957038878389.jpg,https://driveimg1.intermarche.com/pt/Content/images/boitmal/produit/zoom/C3E5261F5C2ADA6A9243957038878389.jpg,2024-12-31T23:59:59.999999999Z,PROSPECTUS,9,2,
5521,5601692071214,1000.0,Bom sucesso,"Arroz agulha, embalagem de 1 kg",,1.29,1.29,0,kg,€/Kg,,,https://driveimg1.intermarche.com/pt/Content/images/boitmal/produit/zoom/393929D01B09747982258DD594BE66FB.jpg,,,,2024-12-31T23:59:59.999999999Z,PROSPECTUS,9,2,
5745,5603722513718,1000.0,Vigor,Leite pasteurizado m/g sem lactose,Garrafa de 1 l,1.15,1.15,1000,L,€/L,,,https://driveimg1.intermarche.com/pt/Content/images/boitmal/produit/zoom/4A274333D648928B02F1993344237862.jpg,,,,2024-12-31T23:59:59.999999999Z,PROSPECTUS,9,2,
8068,5011417544679,400.0,Finish,Abrilhantador p/ máquina de lavar loiça,Garrafa de 400 ml,3.99,9.98,400,L,€/L,,,https://driveimg1.intermarche.com/pt/Content/images/boitmal/produit/zoom/5D045CC65EE222532216DB5B0BF2A582.jpg,,,,2024-12-31T23:59:59.999999999Z,PROSPECTUS,9,2,
8201,5410316671118,700.0,Smirnoff,Vodka red,Garrafa de 700 ml,12.39,17.7,700,L,€/L,,,https://driveimg1.intermarche.com/pt/Content/images/boitmal/produit/zoom/5E1C2F2F2227574BAFE17233513E38CA.jpg,,,,2024-12-31T23:59:59.999999999Z,PROSPECTUS,9,2,
8222,5411188553304,1000.0,Alpro,"Bebida de soja com cálcio, embalagem de 1 l",,1.69,1.69,1000,L,€/L,,,https://driveimg1.intermarche.com/pt/Content/images/boitmal/produit/zoom/E93FBC9C48DDB0A312E01AACFB10CDEE.jpg,,,,2024-12-31T23:59:59.999999999Z,PROSPECTUS,9,2,
8399,5601050033809,620.0,Danone,"Iogurte activia líquido morango, embalagem de 4 x 155 g",,1.99,3.21,0,kg,€/Kg,,,https://driveimg1.intermarche.com/pt/Content/images/boitmal/produit/zoom/D308B1FB4C89B3E5388CD017CB0E1529.jpg,,,,2024-12-31T23:59:59.999999999Z,PROSPECTUS,9,2,
8434,5601050033731,620.0,Danone,"Iogurte activia líquido 0% lima/limão, embalagem de 4 x 155g",,1.99,3.21,0,kg,€/Kg,,,https://driveimg1.intermarche.com/pt/Content/images/boitmal/produit/zoom/B41EA750EA9360556362913E488E9E4D.jpg,,,,2024-12-31T23:59:59.999999999Z,PROSPECTUS,9,2,
8487,5601096401303,750.0,Aveleda,"Vinho maduro branco minho alvarinho, garrafa de 0.75 l",,4.69,6.25,750,L,€/L,,,https://driveimg1.intermarche.com/pt/Content/images/boitmal/produit/zoom/5584288B4D3CB005FE87B35856EF89A7.jpg,,,,2024-12-31T23:59:59.999999999Z,PROSPECTUS,9,2,
8898,5601333051674,750.0,O Tal Vinho da Lixa,"Vinho verde branco, garrafa de 750 ml",,2.19,2.92,750,L,€/L,,,https://driveimg1.intermarche.com/pt/Content/images/boitmal/produit/zoom/99E3C8AD5B7BC228DE7D81019141F430.jpg,,,,2024-12-31T23:59:59.999999999Z,PROSPECTUS,9,2,
929,5601001187803,625.0,Nestlé,"Cereais chocapic, 625 g",,3.49,5.58,0,kg,€/Kg,,,https://driveimg1.intermarche.com/pt/Content/images/boitmal/produit/zoom/8DB31C1F3066D48D593AE11B75516670.jpg,,,,2024-12-31T23:59:59.999999999Z,PROSPECTUS,9,2,
980,5601024134488,750.0,Oliveira da Serra,Azeite virgem extra clássico,Embalagem de 750 ml,8.19,10.92,750,L,€/L,,,https://driveimg1.intermarche.com/pt/Content/images/boitmal/produit/zoom/01EF39EFE8396CC9ACA95DC25E9D3412.jpg,,,,2024-12-31T23:59:59.999999999Z,PROSPECTUS,9,2,
989,5601029004014,120.0,Bom Petisco,"Atum posta em óleo, embalagem de 120g",,1.18,9.83,0,kg,€/Kg,,,https://driveimg1.intermarche.com/pt/Content/images/boitmal/produit/zoom/0EDE399096BE62933DCF2A734D746C1A.jpg,,,,2024-12-31T23:59:59.999999999Z,PROSPECTUS,9,2,
35749,5603722509667,800.0,Mimosa,"Leite bem essencial chocolate , embalagem de 4 x 200 ml",,1.69,2.11,800,L,€/L,,,https://driveimg1.intermarche.com/pt/Content/images/boitmal/produit/zoom/66BA85F80F98E7331B63BC3D4684C6AC.jpg,,,,2024-12-31T23:59:59.999999999Z,PROSPECTUS,9,2,
44702,5053990155354,175.0,Pringles,"Snacks batata sour cream & onion, embalagem de 175g",,2.39,13.66,0,kg,€/Kg,,,https://driveimg1.intermarche.com/pt/Content/images/boitmal/produit/zoom/0C0E56E5BC42C468A1D6A594D5BD0C63.jpg,https://driveimg1.intermarche.com/pt/Content/images/boitmal/produit/zoom/3743B152C095FACA5BB155343DC8A7EE.jpg,https://driveimg1.intermarche.com/pt/Content/images/boitmal/produit/zoom/3743B152C095FACA5BB155343DC8A7EE.jpg,https://driveimg1.intermarche.com/pt/Content/images/boitmal/produit/zoom/3743B152C095FACA5BB155343DC8A7EE.jpg,2024-12-31T23:59:59.999999999Z,PROSPECTUS,9,2,https://driveimg1.intermarche.com/pt/Content/images/boitmal/produit/zoom/3743B152C095FACA5BB155343DC8A7EE.jpg
20918,5000116110964,840.0,Capitão Iglo,"30 douradinhos, embalagem de 840g",,8.99,10.7,0,kg,€/Kg,,Tipo de stockagem,https://driveimg1.intermarche.com/pt/Content/images/boitmal/produit/zoom/3C52B0905F2F1ACE3D67359B13FE0331.jpg,,,,2024-12-31T23:59:59.999999999Z,PROSPECTUS,9,2,
13895,2891047000000,150.0,Porco,Espetadas,1 un = 150 gr (aprox.),0.97,6.49,0,,€/Kg,,,https://driveimg1.intermarche.com/pt/Content/images/boitmal/produit/zoom/1E16755CED294E905F3A5B2727B27D5F.jpg,,,,2024-12-31T23:59:59.999999999Z,PROSPECTUS,9,2,
15687,5000116109234,700.0,Iglo,"Ervilhas, embalagem de 700g",,3.39,4.84,0,kg,€/Kg,,Tipo de stockagem,https://driveimg1.intermarche.com/pt/Content/images/boitmal/produit/zoom/AC9F197DD289CE6E6A9903FC824FDD75.jpg,,,,2024-12-31T23:59:59.999999999Z,PROSPECTUS,9,2,
6988,0000056090017,100.0,Eru,Queijo creme real,Embalagem de 100 g,1.3,13.0,0,kg,€/Kg,,,https://driveimg1.intermarche.com/pt/Content/images/boitmal/produit/zoom/903838029622B2F4259D8E514B009979.jpg,,,,2024-12-31T23:59:59.999999999Z,PROSPECTUS,9,2,
10509,8435250297955,256.0,Nestlé,"Iogurte mix in smarties baunilha, embalagem de 2 x 128 g",,1.99,7.77,0,kg,€/Kg,,,https://driveimg1.intermarche.com/pt/Content/images/boitmal/produit/zoom/5355941DC0922592DB9EDB46788FEE19.jpg,,,,2024-12-31T23:59:59.999999999Z,PROSPECTUS,9,2,
52880,8719200267794,450.0,Becel,"Creme vegetal de barrar com sabor a manteiga, 450g",,2.99,6.64,0,kg,€/Kg,,,https://driveimg1.intermarche.com/pt/Content/images/boitmal/produit/zoom/E2EFE8BE5E96AF9FCA9D840059BF696C.jpg,https://driveimg1.intermarche.com/pt/Content/images/boitmal/produit/zoom/287D301C66C180312FAA8A3BAE7EA710.jpg,https://driveimg1.intermarche.com/pt/Content/images/boitmal/produit/zoom/287D301C66C180312FAA8A3BAE7EA710.jpg,https://driveimg1.intermarche.com/pt/Content/images/boitmal/produit/zoom/287D301C66C180312FAA8A3BAE7EA710.jpg,2024-12-31T23:59:59.999999999Z,PROSPECTUS,9,2,
848,5000189974579,200.0,Kit Kat,"Chocolate mini, embalagem de 200g",,3.38,16.9,0,kg,€/Kg,,,https://driveimg1.intermarche.com/pt/Content/images/boitmal/produit/zoom/90873705F18CB17964EF30C7A0BF7D60.jpg,,,,2024-12-31T23:59:59.999999999Z,PROSPECTUS,9,2,
10826,2895082000000,250.0,Ilha Azul,Queijo Curado,Vendido ao peso a partir de 250 gr,2.0,7.99,0,,€/Kg,,,https://driveimg1.intermarche.com/pt/Content/images/boitmal/produit/zoom/3B62E6B6007870C37C76A52222AF902D.jpg,,,,2024-12-31T23:59:59.999999999Z,PROSPECTUS,9,2,
22307,5601019012647,390.0,Guloso,"Tomate em pedaços, embalagem de 390g",,1.45,3.72,0,kg,€/Kg,,,https://driveimg1.intermarche.com/pt/Content/images/boitmal/produit/zoom/5ED4DE98BAC903A7106FCD013B7A79FA.jpg,,,,2024-12-31T23:59:59.999999999Z,PROSPECTUS,9,2,
882,5410041001204,100.0,Tuc,"Bolachas aperitivas, simples, embalagem de 100g",,0.99,9.9,0,kg,€/Kg,,,https://driveimg1.intermarche.com/pt/Content/images/boitmal/produit/zoom/DB0E5412E4B7AABA821CD2AF0DA3E461.jpg,,,,2024-12-31T23:59:59.999999999Z,PROSPECTUS,9,2,
1538,5601489134153,500.0,Du Bois de la Roche,"Bolachas crackers sem sal, embalagem de 500g",,2.99,5.98,0,kg,€/Kg,,,https://driveimg1.intermarche.com/pt/Content/images/boitmal/produit/zoom/A3AED4DA2D1415C7EB643F2D474CEC29.jpg,,,,2024-12-31T23:59:59.999999999Z,PROSPECTUS,9,2,
8416,5601050029345,1200.0,Danone,"Iogurte actimel, morango, embalagem de 12 x 100g",,4.89,4.08,0,kg,€/Kg,,,https://driveimg1.intermarche.com/pt/Content/images/boitmal/produit/zoom/745F8F4185D59AC1CCF745B58159ECA9.jpg,,,,2024-12-31T23:59:59.999999999Z,PROSPECTUS,9,2,
1465,5601286234773,250.0,Milaneza,"Massa de letras, embalagem de 250g",,0.57,2.28,0,kg,€/Kg,,,https://driveimg1.intermarche.com/pt/Content/images/boitmal/produit/zoom/93F4FB7CE3C81A4CA398AFB1F88C82DD.jpg,,,,2024-12-31T23:59:59.999999999Z,PROSPECTUS,9,2,
17873,8718951037885,500.0,Ajax,"Limpa vidros recarga tripla ação, 500 ml",,1.79,3.58,500,L,€/L,,,https://driveimg1.intermarche.com/pt/Content/images/boitmal/produit/zoom/D0A7A0C399BF07DEEA9FD446034A3D4F.jpg,,,,2024-12-31T23:59:59.999999999Z,PROSPECTUS,9,2,
5143,5601096201309,750.0,Casal Garcia,"Vinho verde branco, garrafa de 0.75 l",,4.69,6.25,750,L,€/L,,,https://driveimg1.intermarche.com/pt/Content/images/boitmal/produit/zoom/C499325EC5B55389E1608DCDF3310034.jpg,,,,2024-12-31T23:59:59.999999999Z,PROSPECTUS,9,2,
21766,7613035487840,90.0,Nestlé,Fruta para bebé banana laranja bolacha +6 meses,Embalagem de 90g,0.78,8.67,0,kg,€/Kg,,,https://driveimg1.intermarche.com/pt/Content/images/boitmal/produit/zoom/A8104E7B3738DD14CEF192706B16EFC4.jpg,,,,2024-12-31T23:59:59.999999999Z,PROSPECTUS,9,2,
25808,8426617002510,100.0,Haribo,"Gomas ositos de oro, embalagem de 100g",,1.04,10.4,0,kg,€/Kg,,,https://driveimg1.intermarche.com/pt/Content/images/boitmal/produit/zoom/D707EDE7A37DA83FE8A19E7DC6FBE016.jpg,,,,2024-12-31T23:59:59.999999999Z,PROSPECTUS,9,2,
13839,2891006000000,800.0,Novilho,Bife da Pá,Vendido ao peso a partir de 800 g,8.38,10.48,0,,€/Kg,,,https://driveimg1.intermarche.com/pt/Content/images/boitmal/produit/zoom/5626B1315F40E59D057B37FBCA18064B.jpg,,,,2024-12-31T23:59:59.999999999Z,PROSPECTUS,9,2,
16003,5000116109630,300.0,Capitão Iglo,"12 douradinhos forníssimo, embalagem de 300g",,3.98,13.27,0,kg,€/Kg,,Tipo de stockagem,https://driveimg1.intermarche.com/pt/Content/images/boitmal/produit/zoom/544992A31EAE2C5ED6C344C7B21BC2DA.jpg,,,,2024-12-31T23:59:59.999999999Z,PROSPECTUS,9,2,
21051,8435257034300,640.0,Nestlé,"Iogurte líquido yoggi, sem lactose, morango, embalagem de 4 x 160g",,2.19,3.42,0,kg,€/Kg,,,https://driveimg1.intermarche.com/pt/Content/images/boitmal/produit/zoom/D5CB31CBF064EE8A66067DB03B82499E.jpg,,,,2024-12-31T23:59:59.999999999Z,PROSPECTUS,9,2,
35983,5601027972735,700.0,Bimbo,Pão de forma torradas familiares,Embalagem de 700 g,1.99,2.84,0,kg,€/Kg,,,https://driveimg1.intermarche.com/pt/Content/images/boitmal/produit/zoom/6F4E1280EFC32C3DD99C945770A284F8.jpg,,,,2024-12-31T23:59:59.999999999Z,PROSPECTUS,9,2,
49964,8719200238176,225.0,Becel,"Creme de barrar, embalagem de 225g",,1.89,8.4,0,kg,€/Kg,,,https://driveimg1.intermarche.com/pt/Content/images/boitmal/produit/zoom/02C3B8CB4BF40DA381639A6BD63AEBA6.jpg,,,,2024-12-31T23:59:59.999999999Z,PROSPECTUS,9,2,
959,5601019012418,1000.0,Guloso,Polpa de Tomate,Embalagem de 1 kg,1.79,1.79,0,kg,€/Kg,,,https://driveimg1.intermarche.com/pt/Content/images/boitmal/produit/zoom/3946132CDF77B4B5ABC4B3B587DC5572.jpg,,,,2024-12-31T23:59:59.999999999Z,PROSPECTUS,9,2,
11942,5603533492202,1000.0,Frize,"Água com gás groselha, pack 4 x 0.25 l",,1.99,1.99,1000,L,€/L,,,https://driveimg1.intermarche.com/pt/Content/images/boitmal/produit/zoom/9F272D120CD1620A52E8FDFD1398797A.jpg,,,,2024-12-31T23:59:59.999999999Z,PROSPECTUS,9,2,
40347,8410076471604,350.0,Old El Paso,"6 tortilhas de trigo wrap, embalagem de 350g",,2.69,7.69,0,kg,€/Kg,,,https://driveimg1.intermarche.com/pt/Content/images/boitmal/produit/zoom/1EB2056E778DEB67B0CA58563B07CF9B.jpg,,,,2024-12-31T23:59:59.999999999Z,PROSPECTUS,9,2,
40743,5604260303236,2500.0,PorSi,Batata pré-frita palitos finos,Embalagem de 2.5 kg,4.86,1.94,0,kg,€/Kg,,Tipo de stockagem,https://driveimg1.intermarche.com/pt/Content/images/boitmal/produit/zoom/8C1F058D1E72F760AB403A89545663F3.jpg,,,,2024-12-31T23:59:59.999999999Z,PROSPECTUS,9,2,
41384,5601050036602,440.0,Danone,"Iogurte grego oikos stracciatella, embalagem de 4 x 110g",,1.99,4.52,0,kg,€/Kg,,,https://driveimg1.intermarche.com/pt/Content/images/boitmal/produit/zoom/4F7A349ED222FA644F51711D6A4D74B4.jpg,,,,2024-12-31T23:59:59.999999999Z,PROSPECTUS,9,2,
50416,8410500028268,900.0,Danone,"Iogurte Natural Oikos,  900g",,4.19,4.66,0,kg,€/Kg,,,https://driveimg1.intermarche.com/pt/Content/images/boitmal/produit/zoom/BE2729F7AF85DB2F2D16166480DF9AA2.jpg,,,,2024-12-31T23:59:59.999999999Z,PROSPECTUS,9,2,
1281,5601151136140,1000.0,Compal,"Nectar vital equilibrio ananásemcoco, embalagem de 1l",,1.19,1.19,1000,L,€/L,,,https://driveimg1.intermarche.com/pt/Content/images/boitmal/produit/zoom/8767C13FE6BC314E1156E753BCDBEE55.jpg,,,,2024-12-31T23:59:59.999999999Z,PROSPECTUS,9,2,
21749,7613035766532,250.0,Nestum,"Nestum chocolate, embalagem de 250g",,2.14,8.56,0,kg,€/Kg,,,https://driveimg1.intermarche.com/pt/Content/images/boitmal/produit/zoom/56615AB89B36DE078E553AF04539E1E0.jpg,,,,2024-12-31T23:59:59.999999999Z,PROSPECTUS,9,2,
27840,5600376210093,230.0,Pasta do Dia,"Massa folhada, embalagem de 230g",,1.67,7.26,0,kg,€/Kg,,,https://driveimg1.intermarche.com/pt/Content/images/boitmal/produit/zoom/384448AE0DEC166EDAE195A960C6C330.jpg,,,,2024-12-31T23:59:59.999999999Z,PROSPECTUS,9,2,
35913,5603722498022,800.0,Mimosa,"Leite bem essencial morango , embalagem de 4 x 200 ml",,1.69,2.11,800,L,€/L,,,https://driveimg1.intermarche.com/pt/Content/images/boitmal/produit/zoom/4B6AB6C5E199D6DAC849805FE4702BB4.jpg,,,,2024-12-31T23:59:59.999999999Z,PROSPECTUS,9,2,
40672,5609060095992,100.0,Delta,Café solúvel intenso,Embalagem de 100g,3.09,30.9,0,kg,€/Kg,,,https://driveimg1.intermarche.com/pt/Content/images/boitmal/produit/zoom/9D4895AD34340D994C0746A03FC85B3A.jpg,,,,2024-12-31T23:59:59.999999999Z,PROSPECTUS,9,2,
50405,8445290489173,900.0,Cerelac,Papa Infantil + 6 meses,Embalagem de 900g,6.29,6.99,0,kg,€/Kg,,,https://driveimg1.intermarche.com/pt/Content/images/boitmal/produit/zoom/0A70BA4758F3FECE6D5BDD328F2D5826.jpg,,,,2024-12-31T23:59:59.999999999Z,PROSPECTUS,9,2,
5093,5601050033755,620.0,Danone,"Iogurte activia líquido 0% morango/kiwi, embalagem de 4 x 155 g",,1.99,3.21,0,kg,€/Kg,,,https://driveimg1.intermarche.com/pt/Content/images/boitmal/produit/zoom/29B41AE598716D0550D815AA0FE86025.jpg,,,,2024-12-31T23:59:59.999999999Z,PROSPECTUS,9,2,
1271,5601151043455,1000.0,Compal,"Néctar vital equilibrio laranja/cenoura/manga, embalagem de 1l",,1.35,1.35,1000,L,€/L,,,https://driveimg1.intermarche.com/pt/Content/images/boitmal/produit/zoom/95EEEE3EF954497922A88CB87837123B.jpg,,,,2024-12-31T23:59:59.999999999Z,PROSPECTUS,9,2,
14227,5601043119015,500.0,Espiga,"Farinha de milho, embalagem de 500g",,0.94,1.88,0,kg,€/Kg,,,https://driveimg1.intermarche.com/pt/Content/images/boitmal/produit/zoom/3A94212450C6EA54B275D891253D59E7.jpg,,,,2024-12-31T23:59:59.999999999Z,PROSPECTUS,9,2,
14510,5411188116592,1000.0,Alpro,"Bebida coco, embalagem de 1l",,1.99,1.99,1000,L,€/L,,,https://driveimg1.intermarche.com/pt/Content/images/boitmal/produit/zoom/3169716B6C6ACB981FBF106D130524DA.jpg,,,,2024-12-31T23:59:59.999999999Z,PROSPECTUS,9,2,
22338,8715700422084,400.0,Heinz,Maionese top down de 400 ml,,2.46,6.15,400,L,€/L,,,https://driveimg1.intermarche.com/pt/Content/images/boitmal/produit/zoom/612634FE8A5F525F53CC12FEFDCD73F6.jpg,,,,2024-12-31T23:59:59.999999999Z,PROSPECTUS,9,2,
22395,8712100745614,412.0,HellmannS,"Mionese top down, embalagem de 410g",,3.14,7.62,0,kg,€/Kg,,,https://driveimg1.intermarche.com/pt/Content/images/boitmal/produit/zoom/69FC39D7436E837B71E260D76DC0DC69.jpg,https://driveimg1.intermarche.com/pt/Content/images/boitmal/produit/zoom/8441A970BF19CB238C08CCCD9712CAB2.jpg,https://driveimg1.intermarche.com/pt/Content/images/boitmal/produit/zoom/8441A970BF19CB238C08CCCD9712CAB2.jpg,https://driveimg1.intermarche.com/pt/Content/images/boitmal/produit/zoom/8441A970BF19CB238C08CCCD9712CAB2.jpg,2024-12-31T23:59:59.999999999Z,PROSPECTUS,9,2,
29126,8001090134257,,Dodot,Toalhitas,4 x 64 un.,3.95,3.95,0,,€/Unidade,,,https://driveimg1.intermarche.com/pt/Content/images/boitmal/produit/zoom/E3BE8EF176EE8D7463628FB693E59536.jpg,,,,2024-12-31T23:59:59.999999999Z,PROSPECTUS,9,2,
34456,5604260325726,330.0,PorSi,Salsicha fresca merguez,Embalagem de 330 g,5.29,16.03,0,kg,€/Kg,,,https://driveimg1.intermarche.com/pt/Content/images/boitmal/produit/zoom/5AF24CB9ECB0552B9DC2158D80B5D568.jpg,,,,2024-12-31T23:59:59.999999999Z,PROSPECTUS,9,2,
8672,5601164902589,5000.0,Super Bock,"Cerveja com álcool, pack 20 x 25 cl",,9.99,2.0,5000,L,€/L,,,https://driveimg1.intermarche.com/pt/Content/images/boitmal/produit/zoom/2F3621A27B73789EDA7DDA7347F7A8AE.jpg,,,,2024-12-31T23:59:59.999999999Z,PROSPECTUS,9,2,
14854,2891117000000,2350.0,PorSi,Pato inteiro com miúdos,1 un = 2.250 kg (aprox.),10.53,4.48,0,,€/Kg,,,https://driveimg1.intermarche.com/pt/Content/images/boitmal/produit/zoom/E5F2031D60089F4C13D404725928D593.jpg,,,,2024-12-31T23:59:59.999999999Z,PROSPECTUS,9,3,
20433,5601244500070,1000.0,Terra Nostra,"Leite de pastagem magro, embalagem de 1 l",,0.88,0.88,1000,L,€/L,,,https://driveimg1.intermarche.com/pt/Content/images/boitmal/produit/zoom/B939B1217BBC39F38E62527F688EBFEA.jpg,https://driveimg1.intermarche.com/pt/Content/images/boitmal/produit/zoom/E6424B45F8177C670F59F3BF8C085519.jpg,,,2024-12-31T23:59:59.999999999Z,PROSPECTUS,9,3,
20477,8714789876801,650.0,Palmolive,Gel Banho Coco,Embalagem de 650 ml,3.29,5.06,650,L,€/L,,,https://driveimg1.intermarche.com/pt/Content/images/boitmal/produit/zoom/C841EAB15BFBC711E7703D2FB84F7757.jpg,,,,2024-12-31T23:59:59.999999999Z,PROSPECTUS,9,3,
31554,8435257039138,1280.0,Nestlé,"Nestlé - iogurte líquido de tutti-frutti, pack 8 x 160 g",,3.89,3.04,0,kg,€/Kg,,,https://driveimg1.intermarche.com/pt/Content/images/boitmal/produit/zoom/FBACDDE5448B1E7990331AE3CC79D8AF.jpg,,,,2024-12-31T23:59:59.999999999Z,PROSPECTUS,9,3,
32306,8718951202979,500.0,Palmolive,"Gel de banho naturals amêndoa e leite, 500 ml",,2.69,5.38,500,L,€/L,,,https://driveimg1.intermarche.com/pt/Content/images/boitmal/produit/zoom/F33F92F4F53A6A0ED534C67B846C0ABA.jpg,,,,2024-12-31T23:59:59.999999999Z,PROSPECTUS,9,3,
9079,5601883000719,200.0,Nova Açores,"Queijo flamengo, fatias, embalagem de 200g",,2.09,10.45,0,kg,€/Kg,,,https://driveimg1.intermarche.com/pt/Content/images/boitmal/produit/zoom/52AF50A3353B95E784996AD8533A093F.jpg,,,,2024-12-31T23:59:59.999999999Z,PROSPECTUS,9,3,
10056,8410036800468,750.0,Freixenet,"Espumante cava bruto, reserva, garrafa de 750 ml",,7.99,10.65,750,L,€/L,,,https://driveimg1.intermarche.com/pt/Content/images/boitmal/produit/zoom/96EFA695B1C4201910FA2011BCE09AEA.jpg,,,,2024-12-31T23:59:59.999999999Z,PROSPECTUS,9,3,
11297,5000127524026,300.0,Kellogg's,"Cereais special k, frutos vermelhos",Embalagem de 300g,2.99,9.97,0,kg,€/Kg,,,https://driveimg1.intermarche.com/pt/Content/images/boitmal/produit/zoom/CB255FE180D4EB8D64E75856EC06E921.jpg,,,,2024-12-31T23:59:59.999999999Z,PROSPECTUS,9,3,
14346,3387390406849,150.0,Nestlé,"Barras cereais chocapic, embalagem de 150g",,2.39,15.93,0,kg,€/Kg,,,https://driveimg1.intermarche.com/pt/Content/images/boitmal/produit/zoom/A9E143A7AE167B7B2DF153E69E157760.jpg,,,,2024-12-31T23:59:59.999999999Z,PROSPECTUS,9,3,
1463,5601286232779,250.0,Milaneza,"Massa pevide, embalagem de 250g",,0.57,2.28,0,kg,€/Kg,,,https://driveimg1.intermarche.com/pt/Content/images/boitmal/produit/zoom/7FABF67C8683DAD5B618F045601E14A4.jpg,,,,2024-12-31T23:59:59.999999999Z,PROSPECTUS,9,3,
29591,3387390339505,375.0,Nestlé,"Cereais golden grahams, embalagem de 380g",,2.99,7.97,0,kg,€/Kg,,,https://driveimg1.intermarche.com/pt/Content/images/boitmal/produit/zoom/52B010047394B5E18C21D533AA60A41C.jpg,,,,2024-12-31T23:59:59.999999999Z,PROSPECTUS,9,3,
41582,5601050036626,440.0,Danone,"Iogurte grego café, embalagem de 4 x 110g",,1.99,4.52,0,kg,€/Kg,,,https://driveimg1.intermarche.com/pt/Content/images/boitmal/produit/zoom/EF95F2D28E70847A0AC4BCB56F85C051.jpg,,,,2024-12-31T23:59:59.999999999Z,PROSPECTUS,9,3,
6993,0000056091151,100.0,Eru,"Queijo creme, presunto",Embalagem de 100 g,1.3,13.0,0,kg,€/Kg,,,https://driveimg1.intermarche.com/pt/Content/images/boitmal/produit/zoom/18F3A18A3116B3716EC2E65028430488.jpg,,,,2024-12-31T23:59:59.999999999Z,PROSPECTUS,9,3,
10513,8435250439591,236.0,Nestlé,"Iogurte mix-in chocapic,  2 x 118 g",,1.99,8.43,0,kg,€/Kg,,,https://driveimg1.intermarche.com/pt/Content/images/boitmal/produit/zoom/368B8AC44F8070965585916E17063F2C.jpg,,,,2024-12-31T23:59:59.999999999Z,PROSPECTUS,9,3,
12468,8435250439584,256.0,Nestlé,"Iogurte mix in smarties morango, embalagem de 2 x 128 g",,1.99,7.77,0,kg,€/Kg,,,https://driveimg1.intermarche.com/pt/Content/images/boitmal/produit/zoom/546EB338CC6149CC0CDDECE6E5ABF48D.jpg,,,,2024-12-31T23:59:59.999999999Z,PROSPECTUS,9,3,
12471,8435257040868,640.0,Nestlé,"Iogurte líquido yoggi morango/banana, embalagem de 4 x 160g",,1.99,3.11,0,kg,€/Kg,,,https://driveimg1.intermarche.com/pt/Content/images/boitmal/produit/zoom/E92C48D7A1A5BA67322D0E6250F5BAFF.jpg,,,,2024-12-31T23:59:59.999999999Z,PROSPECTUS,9,3,
16493,8718951037939,500.0,Ajax,"Limpa vidros pistola, cristal, embalagem de 500 ml",,1.97,3.94,500,L,€/L,,,https://driveimg1.intermarche.com/pt/Content/images/boitmal/produit/zoom/B2152E81252C8B3ECCDB87063FC44E64.jpg,,,,2024-12-31T23:59:59.999999999Z,PROSPECTUS,9,3,
23652,8712000900175,6000.0,Heineken,"Cerveja com álcool, pack 24 x 0.25 l",,14.99,2.5,6000,L,€/L,,,https://driveimg1.intermarche.com/pt/Content/images/boitmal/produit/zoom/AB5BBEB462A56533212E5950F8D46993.jpg,,,,2024-12-31T23:59:59.999999999Z,PROSPECTUS,9,3,
49392,4001724039204,320.0,Dr. Oetker,Pizza Ristorante Pepperoni-Salame,Embalagem de 320g,4.99,15.59,0,kg,€/Kg,,Tipo de stockagem,https://driveimg1.intermarche.com/pt/Content/images/boitmal/produit/zoom/97020808BED188B1A034BCC8DC6633CF.jpg,,,,2024-12-31T23:59:59.999999999Z,PROSPECTUS,9,3,
50393,5411188136613,1000.0,Alpro,"Bebida de aveia not milk clássica vegan, de 1 l",,1.99,1.99,1000,L,€/L,,,https://driveimg1.intermarche.com/pt/Content/images/boitmal/produit/zoom/6821B4EC371AD517DBE48650010725D9.jpg,,,,2024-12-31T23:59:59.999999999Z,PROSPECTUS,9,3,
815,5000116106172,250.0,Capitão Iglo,"Douradinhos de frango, 10 unidades, embalagem de 250g",,3.49,13.96,0,kg,€/Kg,,Tipo de stockagem,https://driveimg1.intermarche.com/pt/Content/images/boitmal/produit/zoom/C5A8F3400BD1CDAA3A658C1B6BE7A4E1.jpg,,,,2024-12-31T23:59:59.999999999Z,PROSPECTUS,9,3,
8415,8410500007836,600.0,Danone,"Actimel iogurte líquido tutti frutti, embalagem de 6 x 100g",,2.89,4.82,0,kg,€/Kg,,,https://driveimg1.intermarche.com/pt/Content/images/boitmal/produit/zoom/0712AE23BC1EFB6DA91FF7C37F68326A.jpg,,,,2024-12-31T23:59:59.999999999Z,PROSPECTUS,9,3,
14437,5411188110835,1000.0,Alpro,"Bebida de soja de amêndoa, embalagem de 1 litro",,1.99,1.99,1000,L,€/L,,,https://driveimg1.intermarche.com/pt/Content/images/boitmal/produit/zoom/7737749B389B841C77AB65B76665C756.jpg,,,,2024-12-31T23:59:59.999999999Z,PROSPECTUS,9,3,
14508,5411188115496,1000.0,Alpro,"Bebida de soja sem acucar 1l, embalagem de 1l",,1.99,1.99,1000,L,€/L,,,https://driveimg1.intermarche.com/pt/Content/images/boitmal/produit/zoom/08FB7DF3E9A91E663DF63A6991F64B9B.jpg,,,,2024-12-31T23:59:59.999999999Z,PROSPECTUS,9,3,
16706,5601260592608,67.0,Cigala,"Noodle banzai carne, embalagem de 70g",,1.09,16.27,0,kg,€/Kg,,,https://driveimg1.intermarche.com/pt/Content/images/boitmal/produit/zoom/82737AEBE736E2B8511494BB15EEB657.jpg,,,,2024-12-31T23:59:59.999999999Z,PROSPECTUS,9,3,
21349,3011932000805,1000.0,Martini,"Vermute rosso, garrafa de 1l",,11.39,11.39,1000,L,€/L,,,https://driveimg1.intermarche.com/pt/Content/images/boitmal/produit/zoom/96D9134A2586DA6649B3F76E6ED9CE38.jpg,,,,2024-12-31T23:59:59.999999999Z,PROSPECTUS,9,3,
2753,8410066113484,400.0,Heinz,Maionese de cebola e alho 400 ml,,2.89,7.23,400,L,€/L,,,https://driveimg1.intermarche.com/pt/Content/images/boitmal/produit/zoom/CB59DADB624294DBACBA357544AFD162.jpg,,,,2024-12-31T23:59:59.999999999Z,PROSPECTUS,9,3,
28507,8006540618752,,Dodot,Fraldas Bebé Seco Extra +14kg T6,Embalagem c/ 48 un.,13.49,13.49,0,,€/Unidade,,,https://driveimg1.intermarche.com/pt/Content/images/boitmal/produit/zoom/3B2C8C276E6D8600A83CC88CD26B6A19.jpg,,,,2024-12-31T23:59:59.999999999Z,PROSPECTUS,9,3,
29374,5601146530304,500.0,Bandida do Pomar,"Sidra maçã, lata de 500 ml",,1.19,2.38,500,L,€/L,,,https://driveimg1.intermarche.com/pt/Content/images/boitmal/produit/zoom/BCB2E29A160CFF6D3AE7FEB90426D1E6.jpg,,,,2024-12-31T23:59:59.999999999Z,PROSPECTUS,9,3,
31551,8414100333241,250.0,Schweppes,"Schweppes tónica zero, garrafa de 250 ml",,0.69,2.76,250,L,€/L,,,https://driveimg1.intermarche.com/pt/Content/images/boitmal/produit/zoom/4DBFD7A80C20CF9D74FFDE40B52421E2.jpg,,,,2024-12-31T23:59:59.999999999Z,PROSPECTUS,9,3,
40594,5603722519468,480.0,Mimosa,"Iogurte fruta batida banana e morango, 4 x 120 g",,1.69,3.52,0,kg,€/Kg,,,https://driveimg1.intermarche.com/pt/Content/images/boitmal/produit/zoom/783BF0B8040C15143355DB1E8A912AD4.jpg,,,,2024-12-31T23:59:59.999999999Z,PROSPECTUS,9,3,
41299,5601050036565,440.0,Danone,"Iogurte oikos maracujá, embalagem de 4 x 110g",,1.99,4.52,0,kg,€/Kg,,,https://driveimg1.intermarche.com/pt/Content/images/boitmal/produit/zoom/29553156A2F0422FEBEDFC7E0CF7883D.jpg,,,,2024-12-31T23:59:59.999999999Z,PROSPECTUS,9,3,
41874,8718951313316,75.0,Colgate,"Pasta dentífrica cool mint, 75 ml",,2.0,26.67,75,L,€/L,,,https://driveimg1.intermarche.com/pt/Content/images/boitmal/produit/zoom/2DAA61BE6D06A4399D41EFB19DA0D088.jpg,,,,2024-12-31T23:59:59.999999999Z,PROSPECTUS,9,3,
883,5410041143508,100.0,Tuc,"Bolachas aperitivas, bacon, embalagem de 100g",,0.99,9.9,0,kg,€/Kg,,,https://driveimg1.intermarche.com/pt/Content/images/boitmal/produit/zoom/B095F5D2E9406AF6F3665FBD23416490.jpg,,,,2024-12-31T23:59:59.999999999Z,PROSPECTUS,9,3,
10639,8712566395514,61.0,Knorr,"Sopa gourmet, cogumelos, embalagem de 60g",,1.99,32.62,0,kg,€/Kg,,,https://driveimg1.intermarche.com/pt/Content/images/boitmal/produit/zoom/37AB5E4154A122936DBF40F8E46CCD3D.jpg,,,,2024-12-31T23:59:59.999999999Z,PROSPECTUS,9,3,
10859,3023290400395,230.0,Nestlé,"Iogurte mix in kit kat, embalagem de 2 x 115g",,1.99,8.65,0,kg,€/Kg,,,https://driveimg1.intermarche.com/pt/Content/images/boitmal/produit/zoom/46A338E8D7EAC63B8EF63808F7DF5998.jpg,,,,2024-12-31T23:59:59.999999999Z,PROSPECTUS,9,3,
1466,5601286235770,250.0,Milaneza,"Massa cuscus, embalagem de 250g",,0.57,2.28,0,kg,€/Kg,,,https://driveimg1.intermarche.com/pt/Content/images/boitmal/produit/zoom/606493A56C3149C89E86FD71CB1A6172.jpg,,,,2024-12-31T23:59:59.999999999Z,PROSPECTUS,9,3,
18401,3250390224747,400.0,Páturages,Queijo Raclette Fatias,Embalagem de 400 g,4.99,12.48,0,kg,€/Kg,,,https://driveimg1.intermarche.com/pt/Content/images/boitmal/produit/zoom/DBAFB046D9950AAE2BCD847D8EA8C5FE.jpg,,,,2024-12-31T23:59:59.999999999Z,PROSPECTUS,9,3,
25214,7613035930551,90.0,Nestlé,"Fruta para bebé maçã banana morango +8 meses, embalagem de 90g",,0.78,8.67,0,kg,€/Kg,,,https://driveimg1.intermarche.com/pt/Content/images/boitmal/produit/zoom/A2E1B043C34553B91FFED35123D220EC.jpg,,,,2024-12-31T23:59:59.999999999Z,PROSPECTUS,9,3,
25375,5601050033441,620.0,Danone,"Activia líquido manga e papaia, embalagem de 4 x 155g",,1.99,3.21,0,kg,€/Kg,,,https://driveimg1.intermarche.com/pt/Content/images/boitmal/produit/zoom/69B1DCCC9C05220260C5D2E9F924831A.jpg,,,,2024-12-31T23:59:59.999999999Z,PROSPECTUS,9,3,
33563,5609060007070,200.0,Delta,Cevada solúvel,Embalagem de 200 g,2.29,11.45,0,kg,€/Kg,,,https://driveimg1.intermarche.com/pt/Content/images/boitmal/produit/zoom/9DB066DE69C74BAF6E3C3065BCCE0FA7.jpg,,,,2024-12-31T23:59:59.999999999Z,PROSPECTUS,9,3,
36188,0000087157635,342.0,Heinz,"Ketchup squeeze, 342 g",,2.43,7.11,0,kg,€/Kg,,,https://driveimg1.intermarche.com/pt/Content/images/boitmal/produit/zoom/EE52B25D49D994FEB41D538040399913.jpg,,,,2024-12-31T23:59:59.999999999Z,PROSPECTUS,9,3,
40596,5601151974018,1750.0,Pepsi,"Refrigerante com gás regular, garrafa de 1.75 l",,1.59,0.91,1750,L,€/L,,,https://driveimg1.intermarche.com/pt/Content/images/boitmal/produit/zoom/7B807BAC9125C9023E2C7A157C242AE7.jpg,,,,2024-12-31T23:59:59.999999999Z,PROSPECTUS,9,3,
44788,5603722514777,480.0,Mimosa,"Iogurte sólido sem lactose morango, 4 x 125 g",,1.89,3.94,0,kg,€/Kg,,,https://driveimg1.intermarche.com/pt/Content/images/boitmal/produit/zoom/3DB7F02446D5B9722A9F0B8C3AE2AFA0.jpg,,,,2024-12-31T23:59:59.999999999Z,PROSPECTUS,9,3,
46768,5601082046068,55.0,Delta Q,Café Qalidus XXL,Embalagem com 60 cápsulas,20.99,381.64,0,kg,€/Kg,,,https://driveimg1.intermarche.com/pt/Content/images/boitmal/produit/zoom/B57D51E1DBAB84530CA47C710EFFC338.jpg,,,,2024-12-31T23:59:59.999999999Z,PROSPECTUS,9,3,
47109,7613287218704,110.0,Nestlé,"Bolsitas de puré de 4 frutas, embalagem de 110g",,0.84,7.64,0,kg,€/Kg,,,https://driveimg1.intermarche.com/pt/Content/images/boitmal/produit/zoom/AAE972318DF3C7B29E7A2F9B4E66DEFB.jpg,,,,2024-12-31T23:59:59.999999999Z,PROSPECTUS,9,3,
47653,8414100306559,330.0,Schweppes,"Ginger ale, lata 33 cl",,0.71,2.15,330,L,€/L,,,https://driveimg1.intermarche.com/pt/Content/images/boitmal/produit/zoom/AF2113C89BE09A44CC79705B477BE6A0.jpg,,,,2024-12-31T23:59:59.999999999Z,PROSPECTUS,9,3,
52859,8410063094571,1000.0,Pescanova,"Peskitos pescada panada sem glúten, 1 kg",,7.49,7.49,0,kg,€/Kg,,Tipo de stockagem,https://driveimg1.intermarche.com/pt/Content/images/boitmal/produit/zoom/7BDF38BE112B6C73B2BBE43BC17C505D.jpg,https://driveimg1.intermarche.com/pt/Content/images/boitmal/produit/zoom/68AC33F24F2A838C3801DAA9F2505E5E.jpg,https://driveimg1.intermarche.com/pt/Content/images/boitmal/produit/zoom/68AC33F24F2A838C3801DAA9F2505E5E.jpg,https://driveimg1.intermarche.com/pt/Content/images/boitmal/produit/zoom/68AC33F24F2A838C3801DAA9F2505E5E.jpg,2024-12-31T23:59:59.999999999Z,PROSPECTUS,9,3,
10666,8714789700472,360.0,Palmolive,"Sabonete leite & mel, 4x90 g",,3.59,9.97,0,kg,€/Kg,,,https://driveimg1.intermarche.com/pt/Content/images/boitmal/produit/zoom/5054B5E09BC173AD5DB7C185375CA910.jpg,,,,2024-12-31T23:59:59.999999999Z,PROSPECTUS,9,3,
12307,8004300029053,750.0,Maestri Cantinieri,Lambrusco bianco,Garrafa de 750 ml,1.99,2.65,750,L,€/L,,,https://driveimg1.intermarche.com/pt/Content/images/boitmal/produit/zoom/1D7434B347C301248CA250A7190031BB.jpg,,,,2024-12-31T23:59:59.999999999Z,PROSPECTUS,9,3,
16567,5000116110070,750.0,Iglo,"Esparregado de espinafres, embalagem de 750g",,3.49,4.65,0,kg,€/Kg,,Tipo de stockagem,https://driveimg1.intermarche.com/pt/Content/images/boitmal/produit/zoom/F70E4F5A76F097E6E455FB2FF67D9B6F.jpg,,,,2024-12-31T23:59:59.999999999Z,PROSPECTUS,9,3,
20202,5601151976456,1000.0,Frize,"Água com gás limão/pepino/gengibre, pack 4 x 0.25 l",,1.99,1.99,1000,L,€/L,,,https://driveimg1.intermarche.com/pt/Content/images/boitmal/produit/zoom/8CC607BECDA933771553297655559077.jpg,,,,2024-12-31T23:59:59.999999999Z,PROSPECTUS,9,3,
30174,5607238032046,345.0,Casa de Mateus,"Doce tomate, embalagem de 350g",,2.59,7.51,0,kg,€/Kg,,,https://driveimg1.intermarche.com/pt/Content/images/boitmal/produit/zoom/68BD498836252129F5A5B26010C2955F.jpg,,,,2024-12-31T23:59:59.999999999Z,PROSPECTUS,9,3,
35631,8410436329545,100.0,Sonasol,Bloco sanitário desinfectante duplo floral,Embalagem de 2 x 50 g,2.99,29.9,0,kg,€/Kg,,,https://driveimg1.intermarche.com/pt/Content/images/boitmal/produit/zoom/4EBD52C2D6799DC552F1A6B94AE3AADD.jpg,,,,2024-12-31T23:59:59.999999999Z,PROSPECTUS,9,3,
36282,5602016061096,750.0,Cacho Fresco,"Vinho branco frisante, garrafa de 0.75 l",,1.64,2.19,750,L,€/L,,,https://driveimg1.intermarche.com/pt/Content/images/boitmal/produit/zoom/6D86515914160CB8CA3A3E44260175D9.jpg,,,,2024-12-31T23:59:59.999999999Z,PROSPECTUS,9,3,
37989,8410063071206,1000.0,Pescanova,"Tiras do mar, embalagem de 1 kg",,7.49,7.49,0,kg,€/Kg,,Tipo de stockagem,https://driveimg1.intermarche.com/pt/Content/images/boitmal/produit/zoom/05601F6E04A5D43B974FEF47AA3F0757.jpg,,,,2024-12-31T23:59:59.999999999Z,PROSPECTUS,9,3,
3819,3250390727002,700.0,On/Off,Tequila,Garrafa de 70 cl,13.59,19.41,700,L,€/L,,,https://driveimg1.intermarche.com/pt/Content/images/boitmal/produit/zoom/997FF584E2D23FD608B64329027568B1.jpg,,,,2024-12-31T23:59:59.999999999Z,PROSPECTUS,9,3,
38418,5411188125808,400.0,Alpro,"Yofu soja e manga sem açúcar adicionado, de 400g",,2.54,6.35,0,kg,€/Kg,,,https://driveimg1.intermarche.com/pt/Content/images/boitmal/produit/zoom/3BB622CE7FCFFFFBE1BDE445F2F172B5.jpg,,,,2024-12-31T23:59:59.999999999Z,PROSPECTUS,9,3,
38555,5601019012807,500.0,Guloso,"Polpa de tomate com manjericão e oregãos, 500 g",,1.49,2.98,0,kg,€/Kg,,,https://driveimg1.intermarche.com/pt/Content/images/boitmal/produit/zoom/DD3F790AD3540766E8551E7402E008AE.jpg,,,,2024-12-31T23:59:59.999999999Z,PROSPECTUS,9,3,
391,8712566173648,69.0,Knorr,"Sopa de cozido, 70g",,1.6,23.19,0,kg,€/Kg,,,https://driveimg1.intermarche.com/pt/Content/images/boitmal/produit/zoom/0C584B5CFBC96172D2290B0DB00EB0B4.jpg,,,,2024-12-31T23:59:59.999999999Z,PROSPECTUS,9,3,
10512,8435250439577,232.0,Nestlé,"Iogurte mix in nesquik, embalagem de 2 x 115g",,1.99,8.58,0,kg,€/Kg,,,https://driveimg1.intermarche.com/pt/Content/images/boitmal/produit/zoom/6C2207480393D760FBF1824B2B4CD877.jpg,,,,2024-12-31T23:59:59.999999999Z,PROSPECTUS,9,3,
13856,2891025000000,1250.0,Bovino,Picanha,1 un = 1.250 kg (aprox.),27.48,21.98,0,,€/Kg,,,https://driveimg1.intermarche.com/pt/Content/images/boitmal/produit/zoom/759532435621A3D4B458F022D645930E.jpg,,,,2024-12-31T23:59:59.999999999Z,PROSPECTUS,9,3,
14003,2696306000000,,Pastelaria,Dawnut Açucarado,48g,0.45,0.45,0,,€/Unidade,,,https://driveimg1.intermarche.com/pt/Content/images/boitmal/produit/zoom/B9EA98E412C9E431736E9BC6BDF86CF7.jpg,,,,2024-12-31T23:59:59.999999999Z,PROSPECTUS,9,3,
14458,7613034678607,90.0,Nestlé,"Fruta para bebé banana maçã +4 meses, embalagem de 90g",,0.78,8.67,0,kg,€/Kg,,,https://driveimg1.intermarche.com/pt/Content/images/boitmal/produit/zoom/0F3547F16577E97D821E3E9FDD9F17B9.jpg,,,,2024-12-31T23:59:59.999999999Z,PROSPECTUS,9,3,
14470,5000289925440,700.0,Gordons,Gin dry,Garrafa de 700 ml,12.99,18.56,700,L,€/L,,,https://driveimg1.intermarche.com/pt/Content/images/boitmal/produit/zoom/D55937CEA347BBDAFF1873A2B59C5243.jpg,,,,2024-12-31T23:59:59.999999999Z,PROSPECTUS,9,3,
16329,5000299223017,700.0,Captain Morgan,"Rum spiced, garrafa de 0,70l",,14.39,20.56,700,L,€/L,,,https://driveimg1.intermarche.com/pt/Content/images/boitmal/produit/zoom/E4C5AA879DD286612B9B0EA538FAE2E1.jpg,,,,2024-12-31T23:59:59.999999999Z,PROSPECTUS,9,3,
18024,2696283000000,250.0,Pastelaria,"Baguete Constance Cereais, 250 g",,1.09,4.36,0,kg,€/Kg,,,https://driveimg1.intermarche.com/pt/Content/images/boitmal/produit/zoom/CA22C31024FFE026D063A83A78526055.jpg,,,,2024-12-31T23:59:59.999999999Z,PROSPECTUS,9,3,
20263,5000116110889,180.0,Iglo,"Crocantes de frango original, embalagem de 180g",,3.74,20.78,0,kg,€/Kg,,Tipo de stockagem,https://driveimg1.intermarche.com/pt/Content/images/boitmal/produit/zoom/9B2BC0EEC5724C42D02D0AAA44CCBB50.jpg,,,,2024-12-31T23:59:59.999999999Z,PROSPECTUS,9,3,
2153,5604260258604,1000.0,PorSi,Polvo limpo,Embalagem de 1 kg,9.99,9.99,0,kg,€/Kg,,Tipo de stockagem,https://driveimg1.intermarche.com/pt/Content/images/boitmal/produit/zoom/9397DB275F681CBF9FD31CDDD4D4FBAC.jpg,,,,2024-12-31T23:59:59.999999999Z,PROSPECTUS,9,3,
22327,7613035766488,250.0,Nestum,"Nestum bolacha maria, embalagem de 250g",,2.14,8.56,0,kg,€/Kg,,,https://driveimg1.intermarche.com/pt/Content/images/boitmal/produit/zoom/D162EB2F874EE55DA9D5C3AD396EFB47.jpg,,,,2024-12-31T23:59:59.999999999Z,PROSPECTUS,9,3,
2520,7613033822827,250.0,Nestum,"Cereais mel com cereais integrais, embalagem de 250g",,2.14,8.56,0,kg,€/Kg,,,https://driveimg1.intermarche.com/pt/Content/images/boitmal/produit/zoom/50987E91B590C03F84755178E67E5C7E.jpg,,,,2024-12-31T23:59:59.999999999Z,PROSPECTUS,9,3,
26153,8001090229083,,Ausonia,Pensos Higiênicos com Abas Super,embalagem com 12 un.,1.94,1.94,0,,€/Unidade,,,https://driveimg1.intermarche.com/pt/Content/images/boitmal/produit/zoom/4FCDBAAA6006F704DA8CF068ABE27C13.jpg,,,,2024-12-31T23:59:59.999999999Z,PROSPECTUS,9,3,
31215,5601692071498,1000.0,Bom sucesso,Arroz para risotto bom sucesso,Embalagem de 1 kg,2.44,2.44,0,kg,€/Kg,,,https://driveimg1.intermarche.com/pt/Content/images/boitmal/produit/zoom/16A389855C25CFF7AFC03E1E9FD5F3C2.jpg,,,,2024-12-31T23:59:59.999999999Z,PROSPECTUS,9,3,
32279,8001090229168,,Ausonia,Pensos com Abas de Noite,embalagem com 9 un.,1.94,1.94,0,,€/Unidade,,,https://driveimg1.intermarche.com/pt/Content/images/boitmal/produit/zoom/7B058B845CC4022D52A23EBEB340E566.jpg,,,,2024-12-31T23:59:59.999999999Z,PROSPECTUS,9,3,
34404,7613034675842,198.0,Lion,Chocolate lion mini,Embalagem de 198 g,3.38,17.07,0,kg,€/Kg,,,https://driveimg1.intermarche.com/pt/Content/images/boitmal/produit/zoom/E28536C14F7B040FA228E53807A4A467.jpg,,,,2024-12-31T23:59:59.999999999Z,PROSPECTUS,9,3,
34996,5601174790008,750.0,Joao Pires,"Vinho branco regional península de setúbal, garrafa de 0.75 l",,4.69,6.25,750,L,€/L,,,https://driveimg1.intermarche.com/pt/Content/images/boitmal/produit/zoom/06A55366E12859F57878E0AD687C3A61.jpg,,,,2024-12-31T23:59:59.999999999Z,PROSPECTUS,9,3,
35418,8410436321167,100.0,Sonasol,Bloco sanitário desinfetante eucalipto,Embalagem de 2 x 50 g,2.99,29.9,0,kg,€/Kg,,,https://driveimg1.intermarche.com/pt/Content/images/boitmal/produit/zoom/2218A2279726B6E8FC50ECCA7B714890.jpg,,,,2024-12-31T23:59:59.999999999Z,PROSPECTUS,9,3,
35559,5601151973738,3500.0,Pepsi,"Refrigerante com gás max zero, pack de 2 x 1.75 l",,2.58,0.74,3500,L,€/L,,,https://driveimg1.intermarche.com/pt/Content/images/boitmal/produit/zoom/698445C2558FCB105ECA616759C001D7.jpg,,,,2024-12-31T23:59:59.999999999Z,PROSPECTUS,9,3,
37510,7613036841498,90.0,Nestlé,"Pacote maçã e pêssego, embalagem de 90g",,0.78,8.67,0,kg,€/Kg,,,https://driveimg1.intermarche.com/pt/Content/images/boitmal/produit/zoom/E9135C730A89C3C259880AD7C684D6EF.jpg,,,,2024-12-31T23:59:59.999999999Z,PROSPECTUS,9,3,
38569,5601043111385,500.0,Espiga,"Farinha de arroz, embalagem de 500g",,0.95,1.9,0,kg,€/Kg,,,https://driveimg1.intermarche.com/pt/Content/images/boitmal/produit/zoom/28DC7EE63C94ABC2441EEA0D7A9449BD.jpg,,,,2024-12-31T23:59:59.999999999Z,PROSPECTUS,9,3,
392,8712566173860,68.0,Knorr,"Canja com aletria, embalagem de 70g",,1.6,23.53,0,kg,€/Kg,,,https://driveimg1.intermarche.com/pt/Content/images/boitmal/produit/zoom/0FDE190C3180267DE92D355FE905E718.jpg,,,,2024-12-31T23:59:59.999999999Z,PROSPECTUS,9,3,
40673,5609060095695,80.0,Delta,Café solúvel creme,Embalagem de 80 g,3.09,38.63,0,kg,€/Kg,,,https://driveimg1.intermarche.com/pt/Content/images/boitmal/produit/zoom/935D15F1339990569144EB9273226D10.jpg,,,,2024-12-31T23:59:59.999999999Z,PROSPECTUS,9,3,
41116,5604260304622,750.0,Selecção de Enófilos,Vinho branco regional península de Setúbal,Garrafa de 0.75 l,1.79,2.39,750,L,€/L,,,https://driveimg1.intermarche.com/pt/Content/images/boitmal/produit/zoom/C7D058E32E98F3D0ECB245DE5E8B3E69.jpg,,,,2024-12-31T23:59:59.999999999Z,PROSPECTUS,9,3,
44761,5601146050505,500.0,Bandida do Pomar,"Sidra frutos vermelhos, lata 50cl",,1.19,2.38,500,L,€/L,,,https://driveimg1.intermarche.com/pt/Content/images/boitmal/produit/zoom/3DF7967B62A6AA597E8EA0E6EC701FC9.jpg,,,,2024-12-31T23:59:59.999999999Z,PROSPECTUS,9,3,
4867,5410041472509,100.0,Tuc,Bolachas cream & onion,Embalagem de 100g,0.99,9.9,0,kg,€/Kg,,,https://driveimg1.intermarche.com/pt/Content/images/boitmal/produit/zoom/C2295774E4587CC2EFD25EAE1F8DEF19.jpg,,,,2024-12-31T23:59:59.999999999Z,PROSPECTUS,9,3,
49389,4001724038870,340.0,Dr. Oetker,Pizza Ristorante Quattro Formaggi,Embalagem de 340g,4.99,14.68,0,kg,€/Kg,,Tipo de stockagem,https://driveimg1.intermarche.com/pt/Content/images/boitmal/produit/zoom/A0C42E4A3CD0638DF6C232B46C1C7E27.jpg,,,,2024-12-31T23:59:59.999999999Z,PROSPECTUS,9,3,
49767,5601151969106,1000.0,Frize,"Água com gás ananás, pack 4 x 0.25 l",,1.99,1.99,1000,L,€/L,,,https://driveimg1.intermarche.com/pt/Content/images/boitmal/produit/zoom/894FBD4D289713EED7DB570E33675A74.jpg,,,,2024-12-31T23:59:59.999999999Z,PROSPECTUS,9,3,
52848,8410063094564,1000.0,Pescanova,"Nuggets pescada sem glúten, 1 kg",,7.49,7.49,0,kg,€/Kg,,Tipo de stockagem,https://driveimg1.intermarche.com/pt/Content/images/boitmal/produit/zoom/5276D77CD9BBF475970EE1C857741542.jpg,https://driveimg1.intermarche.com/pt/Content/images/boitmal/produit/zoom/16DCF1CA65B81C53FF13A02B354ADA88.jpg,https://driveimg1.intermarche.com/pt/Content/images/boitmal/produit/zoom/16DCF1CA65B81C53FF13A02B354ADA88.jpg,https://driveimg1.intermarche.com/pt/Content/images/boitmal/produit/zoom/16DCF1CA65B81C53FF13A02B354ADA88.jpg,2024-12-31T23:59:59.999999999Z,PROSPECTUS,9,3,
54361,8410104915186,,Finish,"Detergente Loiça Máquina Quantum Limão, 28 Pastilhas",,5.99,5.99,0,,€/Unidade,,,https://driveimg1.intermarche.com/pt/Content/images/boitmal/produit/zoom/AF6445EE2B2537230E8784866A377CB3.jpg,,,,2024-12-31T23:59:59.999999999Z,PROSPECTUS,9,3,
7231,3059941005008,750.0,Harpic,"Gel wc tripla ação com lixívia, de 750 ml",,1.99,2.65,750,L,€/L,,,https://driveimg1.intermarche.com/pt/Content/images/boitmal/produit/zoom/709DE4E0C5656AA740292F75F71F1AE8.jpg,,,,2024-12-31T23:59:59.999999999Z,PROSPECTUS,9,3,
11405,5411188104971,500.0,Alpro,"Yofu de soja natural, de 4x125 g",,2.54,5.08,0,kg,€/Kg,,,https://driveimg1.intermarche.com/pt/Content/images/boitmal/produit/zoom/F1F1BA1F02C9951A72D939766BAFAE6F.jpg,,,,2024-12-31T23:59:59.999999999Z,PROSPECTUS,9,3,
11642,5601180002003,1000.0,Vigor,Leite pasteurizado magro,Garrafa de 1 l,0.98,0.98,1000,L,€/L,,,https://driveimg1.intermarche.com/pt/Content/images/boitmal/produit/zoom/F8C109F76B61C34DDC541F6014AEA1D3.jpg,,,,2024-12-31T23:59:59.999999999Z,PROSPECTUS,9,3,
11753,5601489781357,135.0,Du Bois de la Roche,"Feuilletine, embalagem de 135g",,1.64,12.15,0,kg,€/Kg,,,https://driveimg1.intermarche.com/pt/Content/images/boitmal/produit/zoom/997953ACC55043196AF108062B03F127.jpg,,,,2024-12-31T23:59:59.999999999Z,PROSPECTUS,9,3,
1276,5601151117101,1000.0,Compal,"Néctar vital equilibrio frutos vermelhos, embalagem de 1l",,1.35,1.35,1000,L,€/L,,,https://driveimg1.intermarche.com/pt/Content/images/boitmal/produit/zoom/3CA812DD5305BE93221B5AAB38CEE709.jpg,,,,2024-12-31T23:59:59.999999999Z,PROSPECTUS,9,3,
16642,5000116109982,700.0,Iglo,"Favas, embalagem de 700g",,2.99,4.27,0,kg,€/Kg,,Tipo de stockagem,https://driveimg1.intermarche.com/pt/Content/images/boitmal/produit/zoom/F85552D539976B3D3F71699F3FA28017.jpg,,,,2024-12-31T23:59:59.999999999Z,PROSPECTUS,9,3,
20012,7622300571351,100.0,Tuc,Bolacha craker queijo,Embalagem de 100g,0.99,9.9,0,kg,€/Kg,,,https://driveimg1.intermarche.com/pt/Content/images/boitmal/produit/zoom/3B230B20F47582846EAA576338A2C26A.jpg,,,,2024-12-31T23:59:59.999999999Z,PROSPECTUS,9,3,
2415,5609060006608,100.0,Delta,Café solúvel c/ cafeína,Embalagem de 100g,3.09,30.9,0,kg,€/Kg,,,https://driveimg1.intermarche.com/pt/Content/images/boitmal/produit/zoom/23018616506690E6539F7D3E3843D149.jpg,,,,2024-12-31T23:59:59.999999999Z,PROSPECTUS,9,3,
25153,5000146400042,750.0,Harpic,"Líquido wc duraguard pinho da montanha, de 750 ml",,1.99,2.65,750,L,€/L,,,https://driveimg1.intermarche.com/pt/Content/images/boitmal/produit/zoom/60482C1A42B437AF7EE7BE6BA2170110.jpg,,,,2024-12-31T23:59:59.999999999Z,PROSPECTUS,9,3,
30182,5607238032091,345.0,Casa de Mateus,"Geleia de marmelo, 345 g",,2.99,8.67,0,kg,€/Kg,,,https://driveimg1.intermarche.com/pt/Content/images/boitmal/produit/zoom/3E020618FB9E5056C876AC01A4BE7AA3.jpg,,,,2024-12-31T23:59:59.999999999Z,PROSPECTUS,9,3,
32301,4005900377814,150.0,Nivea,"Desodorizante spray black & white active men, 150 ml",,3.14,20.93,150,L,€/L,,,https://driveimg1.intermarche.com/pt/Content/images/boitmal/produit/zoom/F5ED8FD84EC27F00F1BBC369E3567854.jpg,,,,2024-12-31T23:59:59.999999999Z,PROSPECTUS,9,3,
35753,8001841240640,270.0,Pantene,Creme para pentear caracóis,270 ml,5.99,22.19,270,L,€/L,,,https://driveimg1.intermarche.com/pt/Content/images/boitmal/produit/zoom/574B3E314AF635DCDB9A6448E3C017C1.jpg,,,,2024-12-31T23:59:59.999999999Z,PROSPECTUS,9,4,
37990,8410063036175,1000.0,Pescanova,"Caprichos do mar sem glúten, embalagem de 1 kg",,6.39,6.39,0,kg,€/Kg,,Tipo de stockagem,https://driveimg1.intermarche.com/pt/Content/images/boitmal/produit/zoom/6895ADBC20BAA64ABF1A75EDB160FACB.jpg,,,,2024-12-31T23:59:59.999999999Z,PROSPECTUS,9,4,
388,8712566156115,71.0,Knorr,"Sopa de rabo de boi, 70g",,1.6,22.54,0,kg,€/Kg,,,https://driveimg1.intermarche.com/pt/Content/images/boitmal/produit/zoom/3A7D2F019E799AC69E8329E3FE5B92BA.jpg,,,,2024-12-31T23:59:59.999999999Z,PROSPECTUS,9,4,
40121,8410076481825,185.0,Old El Paso,"Queijo chips, 185g",,2.39,12.92,0,kg,€/Kg,,,https://driveimg1.intermarche.com/pt/Content/images/boitmal/produit/zoom/B48B295FE352E2196B154716F7AF2C3E.jpg,,,,2024-12-31T23:59:59.999999999Z,PROSPECTUS,9,4,
40593,5603722519406,480.0,Mimosa,"Iogurte fruta batida morango, 4 x 120 g",,1.69,3.52,0,kg,€/Kg,,,https://driveimg1.intermarche.com/pt/Content/images/boitmal/produit/zoom/41C5135F0F8227064BFED500C982147E.jpg,,,,2024-12-31T23:59:59.999999999Z,PROSPECTUS,9,4,
41311,5601019012876,390.0,Guloso,"Tomate em pedaços com cebola e alho, embalagem de 390g",,1.79,4.59,0,kg,€/Kg,,,https://driveimg1.intermarche.com/pt/Content/images/boitmal/produit/zoom/E883E3A022F1A84703A576D4774FF229.jpg,,,,2024-12-31T23:59:59.999999999Z,PROSPECTUS,9,4,
42519,8001841677231,,Dodot,Fralda cueca T6 | +15 kg,Embalagem com 27 unidades,7.98,7.98,0,,€/Unidade,,,https://driveimg1.intermarche.com/pt/Content/images/boitmal/produit/zoom/1657DACDD9AB5B5A455490FE8D8D8077.jpg,,,,2024-12-31T23:59:59.999999999Z,PROSPECTUS,9,4,
43119,5411188121374,250.0,Alpro,"Creme soja cozinha, 250 ml",,1.39,5.56,250,L,€/L,,,https://driveimg1.intermarche.com/pt/Content/images/boitmal/produit/zoom/596BD7E2601FA9A818BD571593FBC40F.jpg,,,,2024-12-31T23:59:59.999999999Z,PROSPECTUS,9,4,
432,8722700084952,63.0,Knorr,"Sopa de legumes, embalagem de 60g",,1.6,25.4,0,kg,€/Kg,,,https://driveimg1.intermarche.com/pt/Content/images/boitmal/produit/zoom/874C4966DB2E96C857BCF940779F5791.jpg,,,,2024-12-31T23:59:59.999999999Z,PROSPECTUS,9,4,
49387,4001724039235,375.0,Dr. Oetker,Pizza Ristorante Bolognese,Embalagem de 375g,4.99,13.31,0,kg,€/Kg,,Tipo de stockagem,https://driveimg1.intermarche.com/pt/Content/images/boitmal/produit/zoom/46053FB4E0DC2CE725978B30687992F4.jpg,,,,2024-12-31T23:59:59.999999999Z,PROSPECTUS,9,4,
49432,4001724039051,345.0,Dr. Oetker,Pizza Speciale,Embalagem de 345g,3.69,10.7,0,kg,€/Kg,,Tipo de stockagem,https://driveimg1.intermarche.com/pt/Content/images/boitmal/produit/zoom/70751A7887E2B4C8A9C28CD4428D0373.jpg,,,,2024-12-31T23:59:59.999999999Z,PROSPECTUS,9,4,
51625,8445290109613,800.0,Purina One,Ração seca para gato indoor peru,Embalagem de 800g,5.59,6.99,0,kg,€/Kg,,,https://driveimg1.intermarche.com/pt/Content/images/boitmal/produit/zoom/3AEE8C01B23360874350D7A24BD612D4.jpg,,,,2024-12-31T23:59:59.999999999Z,PROSPECTUS,9,4,
8414,0000084105554,600.0,Danone,"Iogurte líquido natural, pack 6 x 100 g",,2.89,4.82,0,kg,€/Kg,,,https://driveimg1.intermarche.com/pt/Content/images/boitmal/produit/zoom/0D1F331132D6ABD29FDCEFD550221808.jpg,,,,2024-12-31T23:59:59.999999999Z,PROSPECTUS,9,4,
8435,5601050033953,620.0,Danone,"Iogurte activia líquido 0% de pêssego/maracujá, embalagem de 4 x 155g",,1.99,3.21,0,kg,€/Kg,,,https://driveimg1.intermarche.com/pt/Content/images/boitmal/produit/zoom/8F87711D2EAC77ED611C3C3EAE26545D.jpg,,,,2024-12-31T23:59:59.999999999Z,PROSPECTUS,9,4,
8438,5601050033816,620.0,Danone,"Iogurte activia líquido frutos silvestres, embalagem de 4 x 155g",,1.99,3.21,0,kg,€/Kg,,,https://driveimg1.intermarche.com/pt/Content/images/boitmal/produit/zoom/E214EAC60369F7ED2580B2CD156E97E1.jpg,,,,2024-12-31T23:59:59.999999999Z,PROSPECTUS,9,4,
962,5601019012517,210.0,Guloso,"Passata de manjericão/oregãos, embalagem de 210g",,0.74,3.52,0,kg,€/Kg,,,https://driveimg1.intermarche.com/pt/Content/images/boitmal/produit/zoom/FB183AA35B0A4E7518DB0F29131C2068.jpg,,,,2024-12-31T23:59:59.999999999Z,PROSPECTUS,9,4,
10272,8410436240109,50.0,Sonasol,"Bloco sanitário blue activ, eucalio",Embalagem de 50 g,1.98,39.6,0,kg,€/Kg,,,https://driveimg1.intermarche.com/pt/Content/images/boitmal/produit/zoom/AD6EF490A116ED8448E270834FD13125.jpg,,,,2024-12-31T23:59:59.999999999Z,PROSPECTUS,9,4,
12521,8712100417474,459.0,HellmannS,"Maionese magra em frasco, embalagem de 460g",,3.14,6.84,0,kg,€/Kg,,,https://driveimg1.intermarche.com/pt/Content/images/boitmal/produit/zoom/42C1DD6B5B9088F59B88BFAE0821ECAF.jpg,https://driveimg1.intermarche.com/pt/Content/images/boitmal/produit/zoom/5EE500879C9469898FD1466D95386BB7.jpg,https://driveimg1.intermarche.com/pt/Content/images/boitmal/produit/zoom/5EE500879C9469898FD1466D95386BB7.jpg,https://driveimg1.intermarche.com/pt/Content/images/boitmal/produit/zoom/5EE500879C9469898FD1466D95386BB7.jpg,2024-12-31T23:59:59.999999999Z,PROSPECTUS,9,4,https://driveimg1.intermarche.com/pt/Content/images/boitmal/produit/zoom/5EE500879C9469898FD1466D95386BB7.jpg
1300,5601151653456,1000.0,Compal,"Néctar vital equilibrio laranja/maracujá, embalagem de 1l",,1.19,1.19,1000,L,€/L,,,https://driveimg1.intermarche.com/pt/Content/images/boitmal/produit/zoom/66D7AD0BA2BE04FFDAEDA995E24E80A5.jpg,,,,2024-12-31T23:59:59.999999999Z,PROSPECTUS,9,4,
1464,5601286233776,250.0,Milaneza,"Massa de bagos, embalagem de 250g",,0.57,2.28,0,kg,€/Kg,,,https://driveimg1.intermarche.com/pt/Content/images/boitmal/produit/zoom/539D153DE9C377CF57F947CAA1EB45EB.jpg,,,,2024-12-31T23:59:59.999999999Z,PROSPECTUS,9,4,
1542,5601489300152,150.0,Du Bois de la Roche,"Palmiers, embalagem de 150g",,1.24,8.27,0,kg,€/Kg,,,https://driveimg1.intermarche.com/pt/Content/images/boitmal/produit/zoom/17803E7BE50A16D1AE691E64F5E7BF2C.jpg,,,,2024-12-31T23:59:59.999999999Z,PROSPECTUS,9,4,
15966,3387390324082,375.0,Nestlé,"Cereais crunch 375g, embalagem de 380g",,2.99,7.97,0,kg,€/Kg,,,https://driveimg1.intermarche.com/pt/Content/images/boitmal/produit/zoom/97E5DD22E6A0A1213DCE078E04C67C77.jpg,,,,2024-12-31T23:59:59.999999999Z,PROSPECTUS,9,4,
16066,7509546064864,75.0,Colgate,"Pasta de dentes max white expert white, 75 ml",,3.84,51.2,75,L,€/L,,,https://driveimg1.intermarche.com/pt/Content/images/boitmal/produit/zoom/E256F6CE78FE32A69A0EF60F2634C3EF.jpg,,,,2024-12-31T23:59:59.999999999Z,PROSPECTUS,9,4,
23525,5000204711936,500.0,Pronto,"Limpa móveis pistola, aloé vera, 500 ml",,2.99,5.98,500,L,€/L,,,https://driveimg1.intermarche.com/pt/Content/images/boitmal/produit/zoom/14C54EF198A96095262809AA1E3E0127.jpg,,,,2024-12-31T23:59:59.999999999Z,PROSPECTUS,9,4,
24393,5601028000352,,Renova,Guardanapos Red Label 1 folha |Branco,Dim: 30x32cm |70 unidades,0.79,0.79,0,,€/Unidade,,,https://driveimg1.intermarche.com/pt/Content/images/boitmal/produit/zoom/8EB475C9EAB7F71BAD24D03BE60490C5.jpg,,,,2024-12-31T23:59:59.999999999Z,PROSPECTUS,9,4,
25812,8426617013455,90.0,Haribo,"Gomas starmix, 90g",,1.04,11.56,0,kg,€/Kg,,,https://driveimg1.intermarche.com/pt/Content/images/boitmal/produit/zoom/B35ED05D8A260D8F3E2AE1035993071B.jpg,,,,2024-12-31T23:59:59.999999999Z,PROSPECTUS,9,4,
29355,8718951202795,500.0,Palmolive,"Gel de banho natural leite oliva, 500 ml",,2.69,5.38,500,L,€/L,,,https://driveimg1.intermarche.com/pt/Content/images/boitmal/produit/zoom/2257B865CA98C1B1D0FBBF003E4636F9.jpg,,,,2024-12-31T23:59:59.999999999Z,PROSPECTUS,9,4,
33191,5607238032169,350.0,Casa de Mateus,"Doce abóbora, embalagem de 350g",,2.99,8.54,0,kg,€/Kg,,,https://driveimg1.intermarche.com/pt/Content/images/boitmal/produit/zoom/C87AA48D6803DE717EB733A3113849A4.jpg,,,,2024-12-31T23:59:59.999999999Z,PROSPECTUS,9,4,
3539,2894220000000,100.0,Elpozo,Presunto Bodega,"Vendido ao peso, fatiado a partir de 100 g",2.4,23.99,0,,€/Kg,,,https://driveimg1.intermarche.com/pt/Content/images/boitmal/produit/zoom/B08B3C208782FD0824215A2662A05581.jpg,,,,2024-12-31T23:59:59.999999999Z,PROSPECTUS,9,4,
38313,8410104489090,800.0,Finish,"Abrilhantador máquinas de loiça, 800 ml",,7.94,9.93,800,L,€/L,,,https://driveimg1.intermarche.com/pt/Content/images/boitmal/produit/zoom/7564CFE2A1DC08A72CE75828296BD96F.jpg,,,,2024-12-31T23:59:59.999999999Z,PROSPECTUS,9,4,
40348,8410076481597,185.0,Old El Paso,"Nachips, 185g",,2.39,12.92,0,kg,€/Kg,,,https://driveimg1.intermarche.com/pt/Content/images/boitmal/produit/zoom/5D0BB0FFEBC832CC2B7352D32F3DE088.jpg,,,,2024-12-31T23:59:59.999999999Z,PROSPECTUS,9,4,
40566,5601151974216,1750.0,Sumol,"Refrigerante com gás de laranja, garrafa de 1.75 l",,1.39,0.79,1750,L,€/L,,,https://driveimg1.intermarche.com/pt/Content/images/boitmal/produit/zoom/648F0E152D80D30F20A3F78E84907122.jpg,,,,2024-12-31T23:59:59.999999999Z,PROSPECTUS,9,4,
41265,5411188122074,750.0,Alpro,Bebida soja chocolate light 3x250ml,,2.49,3.32,750,L,€/L,,,https://driveimg1.intermarche.com/pt/Content/images/boitmal/produit/zoom/CEEDD503270174A375D0D679D73C4678.jpg,,,,2024-12-31T23:59:59.999999999Z,PROSPECTUS,9,4,
41302,5601050036558,440.0,Danone,"Iogurte oikos natural açucarado, embalagem de 4 x 110g",,2.49,5.66,0,kg,€/Kg,,,https://driveimg1.intermarche.com/pt/Content/images/boitmal/produit/zoom/EF9CBAC3BDE3B09B251B8011D3C6F904.jpg,,,,2024-12-31T23:59:59.999999999Z,PROSPECTUS,9,4,
42782,2696841000000,500.0,Pastelaria,Cheesecake frutos vermelhos,500 g,7.99,15.98,0,kg,€/Kg,,,https://driveimg1.intermarche.com/pt/Content/images/boitmal/produit/zoom/36D3F0C4312DF34B527E768275C37216.jpg,,,,2024-12-31T23:59:59.999999999Z,PROSPECTUS,9,4,
44704,5053990155941,175.0,Pringles,"Snacks batata hot & spicy, embalagem de 175g",,2.39,13.66,0,kg,€/Kg,,,https://driveimg1.intermarche.com/pt/Content/images/boitmal/produit/zoom/41DF960E12D56D310EB0CF45988973FA.jpg,https://driveimg1.intermarche.com/pt/Content/images/boitmal/produit/zoom/6928ADB37A9D879D8A1130CADC9B4CD3.jpg,https://driveimg1.intermarche.com/pt/Content/images/boitmal/produit/zoom/6928ADB37A9D879D8A1130CADC9B4CD3.jpg,https://driveimg1.intermarche.com/pt/Content/images/boitmal/produit/zoom/6928ADB37A9D879D8A1130CADC9B4CD3.jpg,2024-12-31T23:59:59.999999999Z,PROSPECTUS,9,4,
44789,5603722514791,480.0,Mimosa,"Iogurte sólido sem lactose multifrutos, 4 x 125 g",,1.89,3.94,0,kg,€/Kg,,,https://driveimg1.intermarche.com/pt/Content/images/boitmal/produit/zoom/2AC20BA3667C7910E5060DF3546007E4.jpg,,,,2024-12-31T23:59:59.999999999Z,PROSPECTUS,9,4,
4484,4002448003533,,Calgon,"Anti calcário para máquina de roupa, embalagem de 15 pastilhas",,6.99,6.99,15,,€/Unidade,,,https://driveimg1.intermarche.com/pt/Content/images/boitmal/produit/zoom/A44E08731433528E1B37AF8859C05AB4.jpg,,,,2024-12-31T23:59:59.999999999Z,PROSPECTUS,9,4,
458,9002490100070,250.0,Red Bull,"Bebida energética original, garrafa de 250 ml",,1.19,4.76,250,L,€/L,,,https://driveimg1.intermarche.com/pt/Content/images/boitmal/produit/zoom/8631D987E25B7C3D3C8241754439F0B7.jpg,,,,2024-12-31T23:59:59.999999999Z,PROSPECTUS,9,4,
46814,8410036807887,750.0,Freixenet,"Blanc de blancs, garrafa de 750 ml",,5.99,7.99,750,L,€/L,,,https://driveimg1.intermarche.com/pt/Content/images/boitmal/produit/zoom/8443921EA647B3A561B8E54CBA9F0C34.jpg,,,,2024-12-31T23:59:59.999999999Z,PROSPECTUS,9,4,
47691,5000204827712,250.0,Pronto,"Óleo cedro líquido, garrafa de 250 ml",,2.69,10.76,250,L,€/L,,,https://driveimg1.intermarche.com/pt/Content/images/boitmal/produit/zoom/F581A602B2481926AA09B58EF7B4C946.jpg,,,,2024-12-31T23:59:59.999999999Z,PROSPECTUS,9,4,
47981,5000116126828,360.0,Capitão Iglo,"12 douradinhos de peixe sem glúten, embalagem de 360g",,4.97,13.81,0,kg,€/Kg,,Tipo de stockagem,https://driveimg1.intermarche.com/pt/Content/images/boitmal/produit/zoom/E088C1996A4222DF68B662FD3DF061BC.jpg,,,,2024-12-31T23:59:59.999999999Z,PROSPECTUS,9,4,
48767,5603722520433,750.0,Mimosa,"Leite uht morango sem lactose, pack 3 x 250 ml",,2.69,3.59,750,L,€/L,,,https://driveimg1.intermarche.com/pt/Content/images/boitmal/produit/zoom/131DD82E3B8B5964AC434CC4107E77EC.jpg,https://driveimg1.intermarche.com/pt/Content/images/boitmal/produit/zoom/C20EBB17C29A9F7AF802FE40FE4174C4.jpg,https://driveimg1.intermarche.com/pt/Content/images/boitmal/produit/zoom/8E7049719679131E7E9A0796D176D29B.jpg,https://driveimg1.intermarche.com/pt/Content/images/boitmal/produit/zoom/4D7C8BB6B0E88069DB4AB5DBD121C211.jpg,2024-12-31T23:59:59.999999999Z,PROSPECTUS,9,4,
49820,5603722520716,750.0,Mimosa,"Leite uht proteína café, pack 3 x 250 ml",,2.69,3.59,750,L,€/L,,,https://driveimg1.intermarche.com/pt/Content/images/boitmal/produit/zoom/48F4EA7A4852E9424196C65A31FE2582.jpg,https://driveimg1.intermarche.com/pt/Content/images/boitmal/produit/zoom/411D145ABC465CAC7D63421217C7C4BA.jpg,https://driveimg1.intermarche.com/pt/Content/images/boitmal/produit/zoom/D603E1E636FFDC97D12DCCB329B68EBF.jpg,https://driveimg1.intermarche.com/pt/Content/images/boitmal/produit/zoom/5B12A42DD54A8419BEE9956642FA18F9.jpg,2024-12-31T23:59:59.999999999Z,PROSPECTUS,9,4,
51924,5601146040506,500.0,Bandida do Pomar,Sidra bandida do pomar manga 0.50l,,1.19,2.38,500,L,€/L,,,https://driveimg1.intermarche.com/pt/Content/images/boitmal/produit/zoom/81489BBB77D76693BC9FD9E51BF2CA38.jpg,,,,2024-12-31T23:59:59.999999999Z,PROSPECTUS,9,4,
52807,5603722522956,250.0,Mimosa,"Iogurte líquido proteico de frutas tropicais, 250 ml",,1.79,7.16,250,L,€/L,,,https://driveimg1.intermarche.com/pt/Content/images/boitmal/produit/zoom/E3C5236F26E1D6BE7DDAA139301BDD7F.jpg,,,,2024-12-31T23:59:59.999999999Z,PROSPECTUS,9,4,
52881,8719200267190,450.0,Becel,"Creme vegetal para barrar original, 450g",,2.99,6.64,0,kg,€/Kg,,,https://driveimg1.intermarche.com/pt/Content/images/boitmal/produit/zoom/7D8CFDDFB89CBA606F61A06158439D60.jpg,https://driveimg1.intermarche.com/pt/Content/images/boitmal/produit/zoom/D67292663C5C1617E51BCDF904BF56A4.jpg,https://driveimg1.intermarche.com/pt/Content/images/boitmal/produit/zoom/D67292663C5C1617E51BCDF904BF56A4.jpg,,2024-12-31T23:59:59.999999999Z,PROSPECTUS,9,4,
6460,8410436216777,53.0,Sonasol,Bloco Sanitário Poder Activo Floral,Embalagem de 50 g,1.98,37.36,0,kg,€/Kg,,,https://driveimg1.intermarche.com/pt/Content/images/boitmal/produit/zoom/428A90D17C72E1CEA455915A18AE3510.jpg,,,,2024-12-31T23:59:59.999999999Z,PROSPECTUS,9,4,
7293,3141360050001,750.0,Calgon,"Anti calcário para máquina de roupa em gel, de 750 ml",,6.99,9.32,750,L,€/L,,,https://driveimg1.intermarche.com/pt/Content/images/boitmal/produit/zoom/6C55FBB2527B904983CBCD32EE0DD6E9.jpg,,,,2024-12-31T23:59:59.999999999Z,PROSPECTUS,9,4,
816,5000116106219,300.0,Iglo,"Bacalhau à brás, embalagem de 300g",,4.99,16.63,0,kg,€/Kg,,Tipo de stockagem,https://driveimg1.intermarche.com/pt/Content/images/boitmal/produit/zoom/548A3EECAA6EBC92135B4800CD140436.jpg,,,,2024-12-31T23:59:59.999999999Z,PROSPECTUS,9,4,
8640,5601151981283,1000.0,Compal,"Néctar vital equilibrio manga/maracujá, embalagem de 1l",,1.19,1.19,1000,L,€/L,,,https://driveimg1.intermarche.com/pt/Content/images/boitmal/produit/zoom/9545EAED819CD1B313F66793BF924B43.jpg,,,,2024-12-31T23:59:59.999999999Z,PROSPECTUS,9,4,
10057,8410036800512,750.0,Freixenet,"Espumante cava meio seco reserva, garrafa de 750 ml",,6.99,9.32,750,L,€/L,,,https://driveimg1.intermarche.com/pt/Content/images/boitmal/produit/zoom/595A72B091587557F63E6DF8F5C0E8F8.jpg,,,,2024-12-31T23:59:59.999999999Z,PROSPECTUS,9,4,
11505,5601050033793,620.0,Danone,"Iogurte activia líquido kiwi, embalagem de 4 x 155g",,1.99,3.21,0,kg,€/Kg,,,https://driveimg1.intermarche.com/pt/Content/images/boitmal/produit/zoom/14FD12E9F72A1B2587D9D8BF93B11B3E.jpg,,,,2024-12-31T23:59:59.999999999Z,PROSPECTUS,9,4,
12707,3387390326574,375.0,Nestlé,"Cereais cookie crisp, embalagem de 380g",,2.99,7.97,0,kg,€/Kg,,,https://driveimg1.intermarche.com/pt/Content/images/boitmal/produit/zoom/C3C9F6F83B5C3B2A5598C75459ACC4A8.jpg,,,,2024-12-31T23:59:59.999999999Z,PROSPECTUS,9,4,
14722,8410063045917,800.0,Pescanova,"Camarão vannamei 24/40, embalagem de 800g",,9.99,12.49,0,kg,€/Kg,,Tipo de stockagem,https://driveimg1.intermarche.com/pt/Content/images/boitmal/produit/zoom/CE44DDFA8734C0276A1512F05FB6C21A.jpg,,,,2024-12-31T23:59:59.999999999Z,PROSPECTUS,9,4,
1539,5601489135150,500.0,Du Bois de la Roche,"Bolachas crackers com sal, embalagem de 500g",,2.99,5.98,0,kg,€/Kg,,,https://driveimg1.intermarche.com/pt/Content/images/boitmal/produit/zoom/F0B5FA8856EDB5A939AB82442E09EFE5.jpg,,,,2024-12-31T23:59:59.999999999Z,PROSPECTUS,9,4,
