identifier,produitEan13,capacite,marque,libelle,conditionnement,prix,unitPrice,volume,typeProduit_uniteByCode,unit_value,pictogrammes_0,pictogrammes_libelleCategorie,images_0,images_1,images_2,images_3,avantages_dateFin,avantages_categorie,nro_paginas,page,images_4
11523,5601051410029,250.0,Primor,"Manteiga com sal, 250g",,1.99,7.96,0,kg,€/Kg,,,https://driveimg1.intermarche.com/pt/Content/images/boitmal/produit/zoom/6515E45A6FB2F6024F4DECB68FB265B3.jpg,,,,2024-12-04T23:59:59.999999999Z,PROSPECTUS,9,1,
30958,5449000957955,3500.0,Coca-Cola,"Refrigerante zero, pack 2 x 1.75 l",,3.14,0.9,3500,L,€/L,,,https://driveimg1.intermarche.com/pt/Content/images/boitmal/produit/zoom/F2EAD17F7ACB8ABDBC63DEE76B961767.jpg,,,,2024-12-04T23:59:59.999999999Z,PROSPECTUS,9,1,
13897,2891053000000,1000.0,Porco,Lombo sem Osso,Vendido ao peso a partir de 1 kg,4.89,4.89,0,,€/Kg,,,https://driveimg1.intermarche.com/pt/Content/images/boitmal/produit/zoom/415564DA70574ED3C1D7475F1F28BDB6.jpg,,,,2024-12-04T23:59:59.999999999Z,PROSPECTUS,9,1,
14861,2696026000000,90.0,Padaria,Pão da Avó 90 g,,0.28,3.11,0,kg,€/Kg,,,https://driveimg1.intermarche.com/pt/Content/images/boitmal/produit/zoom/9FA64E82AC12CACA439E3A9550163897.jpg,,,,2024-12-04T23:59:59.999999999Z,PROSPECTUS,9,1,
10095,8435257040899,640.0,Nestlé,"Iogurte líquido yoggi morango, embalagem de 4 x 160g",,1.99,3.11,0,kg,€/Kg,,,https://driveimg1.intermarche.com/pt/Content/images/boitmal/produit/zoom/BCBB1C4518CDF8045B46EB41CD173E54.jpg,,,,2024-12-04T23:59:59.999999999Z,PROSPECTUS,9,1,
13914,2891225000000,350.0,Frango,Perna com Costa,1 un. = 300 g (aprox.),1.04,2.98,0,,€/Kg,,,https://driveimg1.intermarche.com/pt/Content/images/boitmal/produit/zoom/D1297D1CD095629263E582A65B4C3857.jpg,,,,2024-12-04T23:59:59.999999999Z,PROSPECTUS,9,1,
36465,5601028023443,,Renova,Lenços de bolso kids,Embalagem sortida com 8 unidades + 2 grátis,1.09,1.09,0,,€/Unidade,,,https://driveimg1.intermarche.com/pt/Content/images/boitmal/produit/zoom/2B0AFA48224382F2654400960136DE54.jpg,https://driveimg1.intermarche.com/pt/Content/images/boitmal/produit/zoom/0CE1F27833749E5A2E2A6631A26FC1E0.jpg,https://driveimg1.intermarche.com/pt/Content/images/boitmal/produit/zoom/10669725004839CB519AC745D1B0A74F.jpg,https://driveimg1.intermarche.com/pt/Content/images/boitmal/produit/zoom/B68437CAB6470B905C65CD8F71745279.jpg,2024-12-04T23:59:59.999999999Z,PROSPECTUS,9,1,
24414,8410436297691,1300.0,Sonasol,"Lava tudo camomila e flor de laranjeira, 1,3l",,2.09,1.61,1300,L,€/L,,,https://driveimg1.intermarche.com/pt/Content/images/boitmal/produit/zoom/C67C521AD0B096D9F596A17B56363CA4.jpg,,,,2024-12-04T23:59:59.999999999Z,PROSPECTUS,9,1,
18704,5601176000860,750.0,Tellu's,Vinho doc douro tinto,Garrafa de 750 ml,3.49,4.65,750,L,€/L,,,https://driveimg1.intermarche.com/pt/Content/images/boitmal/produit/zoom/9E82C366E173674CD8F645F2C2CC82CA.jpg,,,,2024-12-04T23:59:59.999999999Z,PROSPECTUS,9,1,
48472,7613035442535,85.0,Purina Gourmet,"Comida húmida gato tartelette com carne de frango/cenoura, 85g",,0.87,10.24,0,kg,€/Kg,,,https://driveimg1.intermarche.com/pt/Content/images/boitmal/produit/zoom/FE2BFA3A67FA184C824076A0562D4232.jpg,,,,2024-12-04T23:59:59.999999999Z,PROSPECTUS,9,1,
2482,7613032584757,250.0,Cerelac,Papa infantil láctea 5 frutos +6 meses,Embalagem de 250g,3.19,12.76,0,kg,€/Kg,,,https://driveimg1.intermarche.com/pt/Content/images/boitmal/produit/zoom/3BA8FAB1CBB784A1F35D14E45DA423EA.jpg,,,,2024-12-04T23:59:59.999999999Z,PROSPECTUS,9,1,
30638,5607233511584,435.0,Panrico,Pão de Forma Cerealia 14 Cereais e Sementes 0% Açúcares,Embalagem de 440g,1.99,4.57,0,kg,€/Kg,,,https://driveimg1.intermarche.com/pt/Content/images/boitmal/produit/zoom/80E82D3789FD680BAAA3FD45989D08CD.jpg,,,,2024-12-04T23:59:59.999999999Z,PROSPECTUS,9,1,
17114,5000116110148,320.0,Capitão Iglo,"4 hamburguers vaca sem glúten, embalagem de 320g",,4.49,14.03,0,kg,€/Kg,,Tipo de stockagem,https://driveimg1.intermarche.com/pt/Content/images/boitmal/produit/zoom/F31F98EC751272F860D1F790EE53DF35.jpg,,,,2024-12-04T23:59:59.999999999Z,PROSPECTUS,9,1,
10094,8435257040776,640.0,Nestlé,"Iogurte líquido yoggi banana, embalagem de 4 x 160 g",,1.99,3.11,0,kg,€/Kg,,,https://driveimg1.intermarche.com/pt/Content/images/boitmal/produit/zoom/6885FCEF2FEF4752D565E64A3BDEE242.jpg,,,,2024-12-04T23:59:59.999999999Z,PROSPECTUS,9,1,
2466,7613032142599,500.0,Cerelac,Farinha láctea cerelac,Embalagem de 500g,3.74,7.48,0,kg,€/Kg,,,https://driveimg1.intermarche.com/pt/Content/images/boitmal/produit/zoom/9E8BA07E18AADF10F73E7F499EE6907F.jpg,,,,2024-12-04T23:59:59.999999999Z,PROSPECTUS,9,1,
12819,3600522023883,400.0,Elvive,Champô total repair,Embalagem de 400 ml,3.99,9.98,400,L,€/L,,,https://driveimg1.intermarche.com/pt/Content/images/boitmal/produit/zoom/EA7D6E07CD09475944FC0B7344377C93.jpg,,,,2024-12-04T23:59:59.999999999Z,PROSPECTUS,9,1,
51608,8006540830918,820.0,Fairy,Detergente Líquido p/ Lavar Loiça Limão,Embalagem de 820 ml,3.99,4.87,820,L,€/L,,,https://driveimg1.intermarche.com/pt/Content/images/boitmal/produit/zoom/F542477DBDEED3AD6C2F55650254DA51.jpg,,,,2024-12-04T23:59:59.999999999Z,PROSPECTUS,9,1,
5298,5601174301006,750.0,Alambre,"Moscatel de setúbal, garrafa de 0,75l",,4.99,6.65,750,L,€/L,,,https://driveimg1.intermarche.com/pt/Content/images/boitmal/produit/zoom/2AE0722A95A9B01CB9076AA574EAA2BE.jpg,,,,2024-12-24T23:59:59.999999999Z,PROSPECTUS,9,1,
48473,7613036226868,85.0,Purina Gourmet,"Comida húmida gato fondant frango, 85g",,0.87,10.24,0,kg,€/Kg,,,https://driveimg1.intermarche.com/pt/Content/images/boitmal/produit/zoom/074F76544249F751DC1D7D13566965F8.jpg,,,,2024-12-04T23:59:59.999999999Z,PROSPECTUS,9,1,
12994,2892524000000,100.0,Legumes,Cenoura Granel,1 un = 100 gr (aprox.),0.09,0.85,0,,€/Kg,,,https://driveimg1.intermarche.com/pt/Content/images/boitmal/produit/zoom/5AEDEF3ED6ABEF24EACEE9C46AA7916F.jpg,,,,2024-12-04T23:59:59.999999999Z,PROSPECTUS,9,1,
13833,2892579000000,300.0,Legumes,Pepino,1 un = 300 gr  (aprox.),0.42,1.39,0,,€/Kg,,,https://driveimg1.intermarche.com/pt/Content/images/boitmal/produit/zoom/BD2734BFC4704D52A466FC85B929304E.jpg,,,,2024-12-04T23:59:59.999999999Z,PROSPECTUS,9,1,
13866,2891048000000,1000.0,Porco,Bifanas,Vendido ao peso a partir de 1 kg,3.99,3.99,0,,€/Kg,,,https://driveimg1.intermarche.com/pt/Content/images/boitmal/produit/zoom/72DE0DA6B485199AC995C629E3E4D279.jpg,,,,2024-12-04T23:59:59.999999999Z,PROSPECTUS,9,1,
13934,2891062000000,250.0,Porco,Rojões,1 un = 250 gr  (aprox.),1.0,3.99,0,,€/Kg,,,https://driveimg1.intermarche.com/pt/Content/images/boitmal/produit/zoom/925F2FDC1F925A7FD71EE6165315B22E.jpg,,,,2024-12-04T23:59:59.999999999Z,PROSPECTUS,9,1,
8383,5601049132995,1000.0,Mimosa,"Leite uht meio gordo, embalagem de 1litro",,0.86,0.86,1000,L,€/L,,,https://driveimg1.intermarche.com/pt/Content/images/boitmal/produit/zoom/6FB52C843F677BD37D399D45BB10B38B.jpg,https://driveimg1.intermarche.com/pt/Content/images/boitmal/produit/zoom/AE810093A08CEBD60415DCC626CF5804.jpg,https://driveimg1.intermarche.com/pt/Content/images/boitmal/produit/zoom/A0562293538F541B1B99592AA046327B.jpg,,2024-12-04T23:59:59.999999999Z,PROSPECTUS,9,1,
13126,2893105000000,600.0,Peixaria,Dourada de Viveiro,de 600 a 800g,5.39,8.99,0,,€/Kg,,,https://driveimg1.intermarche.com/pt/Content/images/boitmal/produit/zoom/6E8A33BF89ACC347EAD33BE9A6FF5B5C.jpg,,,,2024-12-04T23:59:59.999999999Z,PROSPECTUS,9,1,
13814,2892558000000,250.0,Legumes,Feijão Verde,1 un = 250 gr  (aprox.),0.82,3.29,0,,€/Kg,,,https://driveimg1.intermarche.com/pt/Content/images/boitmal/produit/zoom/5688B97D5E073F1C8E51E2F8542D9EC1.jpg,,,,2024-12-04T23:59:59.999999999Z,PROSPECTUS,9,1,
13894,2891044000000,1000.0,Porco,Entremeada sem Entrecosto,Vendido ao peso a partir de 1 kg,4.89,4.89,0,,€/Kg,,,https://driveimg1.intermarche.com/pt/Content/images/boitmal/produit/zoom/033DDCE7C7F9A9CD99F0A4BEB2F74462.jpg,,,,2024-12-04T23:59:59.999999999Z,PROSPECTUS,9,1,
1195,5601119230224,650.0,Nobre,"Salsichas extra suculentas, frasco de 650 g",,2.09,3.22,0,kg,€/Kg,,,https://driveimg1.intermarche.com/pt/Content/images/boitmal/produit/zoom/F74C2FC7C8B9C0B3ED0E43FFE3B59991.jpg,,,,2024-12-04T23:59:59.999999999Z,PROSPECTUS,9,1,
1296,5601151543306,1000.0,Compal,"Néctar de pêra, embalagem de 1l",,1.19,1.19,1000,L,€/L,,,https://driveimg1.intermarche.com/pt/Content/images/boitmal/produit/zoom/20D6CCFACD44697943FB8CAF67B7E4F5.jpg,,,,2024-12-04T23:59:59.999999999Z,PROSPECTUS,9,1,
14230,5601089080829,113.0,Royal,"Fermento em pó, lata 110g",,1.49,13.19,0,kg,€/Kg,,,https://driveimg1.intermarche.com/pt/Content/images/boitmal/produit/zoom/24CF6B830E9333635B517F9E014F6916.jpg,,,,2024-12-04T23:59:59.999999999Z,PROSPECTUS,9,1,
1480,5601314000073,9000.0,Vitalis,"Água mineral sem gás, pack 6 x 1.5 l",,2.59,0.29,9000,L,€/L,,,https://driveimg1.intermarche.com/pt/Content/images/boitmal/produit/zoom/DA3E69EB6FBF3CE3F3256CE592DB9A52.jpg,,,,2024-12-04T23:59:59.999999999Z,PROSPECTUS,9,1,
277,0000080135463,200.0,Nutella,"Creme para barrar de avelãs e cacau, embalagem de 200 g",,1.99,9.95,0,kg,€/Kg,,Tipo de stockagem,https://driveimg1.intermarche.com/pt/Content/images/boitmal/produit/zoom/7F9EF4BFB078F0EE53FC86413847018B.jpg,,,,2024-12-04T23:59:59.999999999Z,PROSPECTUS,9,1,
8384,5601049133992,1000.0,Mimosa,"Leite uht magro, embalagem de 1litro",,0.86,0.86,1000,L,€/L,,,https://driveimg1.intermarche.com/pt/Content/images/boitmal/produit/zoom/128AB814EBA9C0783B386EB2E0A38CC9.jpg,https://driveimg1.intermarche.com/pt/Content/images/boitmal/produit/zoom/8C350978140C257D0AAD7365CD133F0C.jpg,https://driveimg1.intermarche.com/pt/Content/images/boitmal/produit/zoom/B9BED9F397071733FB4D36CBE39ECDBA.jpg,,2024-12-04T23:59:59.999999999Z,PROSPECTUS,9,1,
989,5601029004014,120.0,Bom Petisco,"Atum posta em óleo, embalagem de 120g",,1.18,9.83,0,kg,€/Kg,,,https://driveimg1.intermarche.com/pt/Content/images/boitmal/produit/zoom/0EDE399096BE62933DCF2A734D746C1A.jpg,,,,2024-12-04T23:59:59.999999999Z,PROSPECTUS,9,1,
10859,3023290400395,230.0,Nestlé,"Iogurte mix in kit kat, embalagem de 2 x 115g",,1.99,8.65,0,kg,€/Kg,,,https://driveimg1.intermarche.com/pt/Content/images/boitmal/produit/zoom/46A338E8D7EAC63B8EF63808F7DF5998.jpg,,,,2024-12-04T23:59:59.999999999Z,PROSPECTUS,9,1,
1120,5601066301718,500.0,Nacional,"Massa de espirais, embalagem de 500g",,0.89,1.78,0,kg,€/Kg,,,https://driveimg1.intermarche.com/pt/Content/images/boitmal/produit/zoom/B50E4B0B2C4856A819A2FF672D887104.jpg,,,,2024-12-04T23:59:59.999999999Z,PROSPECTUS,9,1,
11464,5601018003400,1000.0,Matinal,"Leite seleccionado meio gordo, de 1l",,0.98,0.98,1000,L,€/L,,,https://driveimg1.intermarche.com/pt/Content/images/boitmal/produit/zoom/5F34056BF2D07C9D39E218B31081D1FC.jpg,,,,2024-12-04T23:59:59.999999999Z,PROSPECTUS,9,1,
12909,2892005000000,250.0,Fruta,Laranja Económica,1 un = 250 gr  (aprox.),0.35,1.39,0,,€/Kg,,,https://driveimg1.intermarche.com/pt/Content/images/boitmal/produit/zoom/67E13FD34B36BCD37E12339EB836171D.jpg,,,,2024-12-04T23:59:59.999999999Z,PROSPECTUS,9,1,
1297,5601151543313,1000.0,Compal,"Néctar de pêssego, embalagem de 1l",,1.19,1.19,1000,L,€/L,,,https://driveimg1.intermarche.com/pt/Content/images/boitmal/produit/zoom/08E04D043544808C4F3901CA5FF6A2F4.jpg,,,,2024-12-04T23:59:59.999999999Z,PROSPECTUS,9,1,
13950,2891145000000,100.0,Porco,Salsicha Fresca,1 un = 100 gr (aprox.),0.5,4.99,0,,€/Kg,,,https://driveimg1.intermarche.com/pt/Content/images/boitmal/produit/zoom/2E1CED7EDF010F56C2BF0E6CDF74D52B.jpg,,,,2024-12-04T23:59:59.999999999Z,PROSPECTUS,9,1,
1433,5601260036102,1000.0,Cigala,"Arroz carolino, embalagem de 1 kg",,1.39,1.39,0,kg,€/Kg,,,https://driveimg1.intermarche.com/pt/Content/images/boitmal/produit/zoom/D96A08349D04F12B168FA774344BCEF6.jpg,,,,2024-12-04T23:59:59.999999999Z,PROSPECTUS,9,1,
1463,5601286232779,250.0,Milaneza,"Massa pevide, embalagem de 250g",,0.57,2.28,0,kg,€/Kg,,,https://driveimg1.intermarche.com/pt/Content/images/boitmal/produit/zoom/7FABF67C8683DAD5B618F045601E14A4.jpg,,,,2024-12-04T23:59:59.999999999Z,PROSPECTUS,9,1,
1465,5601286234773,250.0,Milaneza,"Massa de letras, embalagem de 250g",,0.57,2.28,0,kg,€/Kg,,,https://driveimg1.intermarche.com/pt/Content/images/boitmal/produit/zoom/93F4FB7CE3C81A4CA398AFB1F88C82DD.jpg,,,,2024-12-04T23:59:59.999999999Z,PROSPECTUS,9,1,
14711,5601286402332,180.0,Nacional,"Bolacha alfa, embalagem de 180g",,1.04,5.78,0,kg,€/Kg,,,https://driveimg1.intermarche.com/pt/Content/images/boitmal/produit/zoom/EEAED8EB73A6124CF9DC2D1D89DF265E.jpg,,,,2024-12-04T23:59:59.999999999Z,PROSPECTUS,9,1,
14858,2696002000000,250.0,PorSi,Baguete,250 g,0.44,1.76,0,kg,€/Kg,,,https://driveimg1.intermarche.com/pt/Content/images/boitmal/produit/zoom/E4FC9EECB7B8225F27BCA96C630D54A7.jpg,,,,2024-12-04T23:59:59.999999999Z,PROSPECTUS,9,1,
15979,5601119242364,650.0,Nobre,"Salsichas de aves extra suculentas, frasco de 650g",,2.09,3.22,0,kg,€/Kg,,,https://driveimg1.intermarche.com/pt/Content/images/boitmal/produit/zoom/F9B3EEFB29AFDD46B059DC76A73501AE.jpg,,,,2024-12-04T23:59:59.999999999Z,PROSPECTUS,9,1,
17827,5603344531022,110.0,General,Atum posta em óleo,Embalagem de 110g,0.94,8.55,0,kg,€/Kg,,,https://driveimg1.intermarche.com/pt/Content/images/boitmal/produit/zoom/6CF8780AD6CFF5E4D2703538338330A5.jpg,,,,2024-12-04T23:59:59.999999999Z,PROSPECTUS,9,1,
19072,3600522713227,400.0,Elvive,Champô Óleo Extraordinário Cabelos Normais,Embalagem de 400 ml,3.99,9.98,400,L,€/L,,,https://driveimg1.intermarche.com/pt/Content/images/boitmal/produit/zoom/3687D493E2BFC44B58430623FC44CF76.jpg,,,,2024-12-04T23:59:59.999999999Z,PROSPECTUS,9,1,
250,2892150000000,300.0,Fruta,Abacate,1 un. = 300 g (aprox.),1.11,3.69,0,,€/Kg,,,https://driveimg1.intermarche.com/pt/Content/images/boitmal/produit/zoom/E9095394002D145B7F2ABE932415A1F1.jpg,,,,2024-12-04T23:59:59.999999999Z,PROSPECTUS,9,1,
25861,5603722509759,800.0,Mimosa,"Leite com chocolate, embalagem de 4 x 200 ml",,1.49,1.86,800,L,€/L,,,https://driveimg1.intermarche.com/pt/Content/images/boitmal/produit/zoom/4FE9754297F54084EBC31D72FBB55E4F.jpg,,,,2024-12-04T23:59:59.999999999Z,PROSPECTUS,9,1,
26091,7613036115575,550.0,Nestlé,Cereais estrelitas,Embalagem de 550g,2.49,4.53,0,kg,€/Kg,,,https://driveimg1.intermarche.com/pt/Content/images/boitmal/produit/zoom/90505B63FB20AF187537F3B46DDB9B86.jpg,,,,2024-12-04T23:59:59.999999999Z,PROSPECTUS,9,1,
29356,8718951202856,500.0,Palmolive,"Gel de banho natural leite e mel, 500 ml",,2.42,4.84,500,L,€/L,,,https://driveimg1.intermarche.com/pt/Content/images/boitmal/produit/zoom/6CB5E843C7A08E2ECE1293E08A53478D.jpg,,,,2024-12-04T23:59:59.999999999Z,PROSPECTUS,9,1,
35983,5601027972735,700.0,Bimbo,Pão de forma torradas familiares,Embalagem de 700 g,1.99,2.84,0,kg,€/Kg,,,https://driveimg1.intermarche.com/pt/Content/images/boitmal/produit/zoom/6F4E1280EFC32C3DD99C945770A284F8.jpg,,,,2024-12-04T23:59:59.999999999Z,PROSPECTUS,9,1,
4335,3600540829160,50.0,Narta men,"Desodorizante roll-on, invisimax",Embalagem de 50 ml,2.69,53.8,50,L,€/L,,,https://driveimg1.intermarche.com/pt/Content/images/boitmal/produit/zoom/A48BB816DCCE142F5DC4F8D9E2CEC850.jpg,,,,2024-12-04T23:59:59.999999999Z,PROSPECTUS,9,1,
44756,8720182022066,350.0,Calvé,"Manteiga amendoim com pedaços, embalagem de 350g",,2.39,6.83,0,kg,€/Kg,,,https://driveimg1.intermarche.com/pt/Content/images/boitmal/produit/zoom/BDB7E894C421031DCDC32452508E8D9C.jpg,,,,2024-12-04T23:59:59.999999999Z,PROSPECTUS,9,1,
46216,5603722519925,480.0,Mimosa,"Iogurte batido magro com mirtilos sem lactose, 4 x 120 g",,1.99,4.15,0,kg,€/Kg,,,https://driveimg1.intermarche.com/pt/Content/images/boitmal/produit/zoom/6208D58EB4ADB7DBE2D23DC13048F924.jpg,,,,2024-12-04T23:59:59.999999999Z,PROSPECTUS,9,1,
46955,5600748341554,,Ovitae,Ovos | Classe: L,24 unidades,4.99,4.99,0,,€/Unidade,,,https://driveimg1.intermarche.com/pt/Content/images/boitmal/produit/zoom/60D180E3671C3B8C51448428E2B8CE67.jpg,,,,2024-12-04T23:59:59.999999999Z,PROSPECTUS,9,1,
47059,5900852054815,85.0,Blédina,"Frutapura maçã e banana, embalagem de 85g",,0.72,8.47,0,kg,€/Kg,,,https://driveimg1.intermarche.com/pt/Content/images/boitmal/produit/zoom/A0892A3DB2CC7D27FE13B3C1EADC2431.jpg,,,,2024-12-04T23:59:59.999999999Z,PROSPECTUS,9,1,
49460,7613287300362,99.0,Nescafé,Café Buondi Intensidade 8,16 cápsulas,5.99,60.51,0,kg,€/Kg,,,https://driveimg1.intermarche.com/pt/Content/images/boitmal/produit/zoom/E4BCDB4A1998B45DA9767B093A961A1E.jpg,,,,2024-12-04T23:59:59.999999999Z,PROSPECTUS,9,1,
49995,8445290170736,800.0,NAN,Leite Transição Optipro 3 +10 Meses,Embalagem de 800g,11.63,14.54,0,kg,€/Kg,,,https://driveimg1.intermarche.com/pt/Content/images/boitmal/produit/zoom/04AEC96DB6A5F805D25E7E9E11EE5586.jpg,,,,2024-12-04T23:59:59.999999999Z,PROSPECTUS,9,1,
53021,8445290502476,85.0,Purina Gourmet,"Comida Húmida para Gato Delícias Suculentas Frango, 85g",,0.87,10.24,0,kg,€/Kg,,,https://driveimg1.intermarche.com/pt/Content/images/boitmal/produit/zoom/3A51A0F14BC4724833E1E109F79F3E4E.jpg,https://driveimg1.intermarche.com/pt/Content/images/boitmal/produit/zoom/DF2FEBDB05BF47D3015BFCA5E9C4EC1B.jpg,https://driveimg1.intermarche.com/pt/Content/images/boitmal/produit/zoom/DF2FEBDB05BF47D3015BFCA5E9C4EC1B.jpg,,2024-12-04T23:59:59.999999999Z,PROSPECTUS,9,1,
53942,5603722523298,1000.0,Matinal,"Bebida de leite sem lactose livre, 1l",,1.25,1.25,1000,L,€/L,,,https://driveimg1.intermarche.com/pt/Content/images/boitmal/produit/zoom/3F3F185EBF624903AC3031EAC11A6631.jpg,,,,2024-12-04T23:59:59.999999999Z,PROSPECTUS,9,1,
8250,5600358330047,400.0,Sopas Graciete,"Creme de Feijão com Espinafres, garrafa de 400 ml",,1.35,3.38,400,L,€/L,,,https://driveimg1.intermarche.com/pt/Content/images/boitmal/produit/zoom/7B176A1999C2A2CAB410E4DA4BE2F849.jpg,,,,2024-12-04T23:59:59.999999999Z,PROSPECTUS,9,1,
8252,5600358330269,400.0,Sopas Graciete,"Creme de Feijão Verde, garrafa de 400 ml",,1.35,3.38,400,L,€/L,,,https://driveimg1.intermarche.com/pt/Content/images/boitmal/produit/zoom/3A11C09300A9D1B45DF931CBC33B6770.jpg,,,,2024-12-04T23:59:59.999999999Z,PROSPECTUS,9,1,
8434,5601050033731,620.0,Danone,"Iogurte activia líquido 0% lima/limão, embalagem de 4 x 155g",,1.99,3.21,0,kg,€/Kg,,,https://driveimg1.intermarche.com/pt/Content/images/boitmal/produit/zoom/B41EA750EA9360556362913E488E9E4D.jpg,,,,2024-12-04T23:59:59.999999999Z,PROSPECTUS,9,1,
8520,5601119956490,120.0,Nobre,"Fiambre perna extra finissimos fatiado, embalagem de 120g",,1.99,16.58,0,kg,€/Kg,,,https://driveimg1.intermarche.com/pt/Content/images/boitmal/produit/zoom/15C8ADF2CEDA2C19A63D893348F1D7F5.jpg,,,,2024-12-04T23:59:59.999999999Z,PROSPECTUS,9,1,
958,5601019012401,500.0,Guloso,Polpa de Tomate,Embalagem de 500g,1.09,2.18,0,kg,€/Kg,,,https://driveimg1.intermarche.com/pt/Content/images/boitmal/produit/zoom/0CE0E0ED1941D8AA40077B3BCCD426E3.jpg,,,,2024-12-04T23:59:59.999999999Z,PROSPECTUS,9,1,
10274,8410436242172,1100.0,Sonasol,"Lava Tudo Brilhante Floral, embalagem 1,1l",,2.79,2.54,1100,L,€/L,,,https://driveimg1.intermarche.com/pt/Content/images/boitmal/produit/zoom/01F5925CB3ADDDABA2B9F66C7D55728C.jpg,,,,2024-12-04T23:59:59.999999999Z,PROSPECTUS,9,1,
10512,8435250439577,232.0,Nestlé,"Iogurte mix in nesquik, embalagem de 2 x 115g",,1.99,8.58,0,kg,€/Kg,,,https://driveimg1.intermarche.com/pt/Content/images/boitmal/produit/zoom/6C2207480393D760FBF1824B2B4CD877.jpg,,,,2024-12-04T23:59:59.999999999Z,PROSPECTUS,9,1,
10513,8435250439591,236.0,Nestlé,"Iogurte mix-in chocapic,  2 x 118 g",,1.99,8.43,0,kg,€/Kg,,,https://driveimg1.intermarche.com/pt/Content/images/boitmal/produit/zoom/368B8AC44F8070965585916E17063F2C.jpg,,,,2024-12-04T23:59:59.999999999Z,PROSPECTUS,9,1,
10669,8714789703046,360.0,Palmolive,"Sabonete sensitive, 4x90 g",,3.36,9.33,0,kg,€/Kg,,,https://driveimg1.intermarche.com/pt/Content/images/boitmal/produit/zoom/8140413D2E9C838D4EEF2E30218B12BC.jpg,,,,2024-12-04T23:59:59.999999999Z,PROSPECTUS,9,1,
1104,5601066200301,1000.0,Nacional,"Farinha para bolos fina, embalagem de 1kg",,1.19,1.19,0,kg,€/Kg,,,https://driveimg1.intermarche.com/pt/Content/images/boitmal/produit/zoom/5D8295F49A4D85213E4D9B884A2879DE.jpg,,,,2024-12-04T23:59:59.999999999Z,PROSPECTUS,9,1,
1108,5601066300087,500.0,Nacional,"Massa de cotovelinhos, embalagem de 500g",,1.19,2.38,0,kg,€/Kg,,,https://driveimg1.intermarche.com/pt/Content/images/boitmal/produit/zoom/85D4AC87404986F6E33A67AEEDC0D0E8.jpg,,,,2024-12-04T23:59:59.999999999Z,PROSPECTUS,9,1,
11524,5601051420028,250.0,Primor,Manteiga sem sal,Embalagem de 250g,1.99,7.96,0,kg,€/Kg,,,https://driveimg1.intermarche.com/pt/Content/images/boitmal/produit/zoom/0C41B270FBA7B622E759FBA7E3B6B1CD.jpg,,,,2024-12-04T23:59:59.999999999Z,PROSPECTUS,9,1,
1168,5601089081109,92.0,Royal,"Leite creme, embalagem de 90g",,0.97,10.54,0,kg,€/Kg,,,https://driveimg1.intermarche.com/pt/Content/images/boitmal/produit/zoom/AC10D7FE310F07412F3D379CE62B219D.jpg,,,,2024-12-04T23:59:59.999999999Z,PROSPECTUS,9,1,
11922,5603089001125,200.0,Parmalat,"Molho bechamel, embalagem de 200 ml",,0.99,4.95,200,L,€/L,,,https://driveimg1.intermarche.com/pt/Content/images/boitmal/produit/zoom/20AABBCEA69E570B184582BA9E9011F8.jpg,,,,2024-12-04T23:59:59.999999999Z,PROSPECTUS,9,1,
12230,7613034192264,250.0,Cerelac,Papa infantil para preparar com leite +6 meses,Embalagem de 250g,1.84,7.36,0,kg,€/Kg,,,https://driveimg1.intermarche.com/pt/Content/images/boitmal/produit/zoom/71A50A4D3564A93E8A6CF702B1916C84.jpg,,,,2024-12-04T23:59:59.999999999Z,PROSPECTUS,9,1,
12468,8435250439584,256.0,Nestlé,"Iogurte mix in smarties morango, embalagem de 2 x 128 g",,1.99,7.77,0,kg,€/Kg,,,https://driveimg1.intermarche.com/pt/Content/images/boitmal/produit/zoom/546EB338CC6149CC0CDDECE6E5ABF48D.jpg,,,,2024-12-04T23:59:59.999999999Z,PROSPECTUS,9,1,
1291,5601151333457,1000.0,Compal,"Néctar clássico tutti frutti, embalagem de 1l",,1.19,1.19,1000,L,€/L,,,https://driveimg1.intermarche.com/pt/Content/images/boitmal/produit/zoom/72E1F82181A7A99589C5EAFAC26322FC.jpg,,,,2024-12-04T23:59:59.999999999Z,PROSPECTUS,9,1,
1295,5601151533451,1000.0,Compal,"Néctar clássico de manga, embalagem de 1l",,1.19,1.19,1000,L,€/L,,,https://driveimg1.intermarche.com/pt/Content/images/boitmal/produit/zoom/C39B088399EB8957F0ED194316340ED2.jpg,,,,2024-12-04T23:59:59.999999999Z,PROSPECTUS,9,1,
13095,2893071000000,100.0,Peixaria,Carapau Pequeno,1 un = 100 g (aprox.),0.3,2.99,0,,€/Kg,,,https://driveimg1.intermarche.com/pt/Content/images/boitmal/produit/zoom/07606BE143D22CF4796A63CA9C752E5B.jpg,,,,2024-12-04T23:59:59.999999999Z,PROSPECTUS,9,1,
13242,2893227000000,200.0,Peixaria,Robalo de Viveiro,de 200 a 600 g (aprox.),1.2,5.99,0,,€/Kg,,,https://driveimg1.intermarche.com/pt/Content/images/boitmal/produit/zoom/A78EB4330416D93C926049780B1174CB.jpg,,,,2024-12-04T23:59:59.999999999Z,PROSPECTUS,9,1,
1328,5601165005760,15.0,Lipton,"10 saquetas infusão de cidreira, embalagem de 20g",,0.74,49.33,0,kg,€/Kg,,,https://driveimg1.intermarche.com/pt/Content/images/boitmal/produit/zoom/8EA72609B2FBFE9A06C9099CA2FDB5E1.jpg,,,,2024-12-04T23:59:59.999999999Z,PROSPECTUS,9,1,
13625,2893620000000,300.0,Peixaria,Salmão de viveiro à posta,1 un. = 300 g (aprox.),3.3,10.99,0,,€/Kg,,,https://driveimg1.intermarche.com/pt/Content/images/boitmal/produit/zoom/29B9DB2E73FB6AE756265DB326B65712.jpg,,,,2024-12-04T23:59:59.999999999Z,PROSPECTUS,9,1,
13892,2891041000000,1000.0,Porco,Costeletas do Lombo,Vendido ao peso a partir de 1 kg,3.99,3.99,0,,€/Kg,,,https://driveimg1.intermarche.com/pt/Content/images/boitmal/produit/zoom/589E4AFE71E19AF7FEB32FB0C0E176FF.jpg,,,,2024-12-04T23:59:59.999999999Z,PROSPECTUS,9,1,
14226,5602132656015,500.0,Serramel,Mel rosmaninho 500g,Embalagem de 500G,4.69,9.38,0,kg,€/Kg,,,https://driveimg1.intermarche.com/pt/Content/images/boitmal/produit/zoom/81C953E85A34CFBA4C41A1CB98565D0D.jpg,,,,2024-12-04T23:59:59.999999999Z,PROSPECTUS,9,1,
1462,5601286231772,250.0,Milaneza,"Massa, estrelinhas, embalagem de 250g",,0.57,2.28,0,kg,€/Kg,,,https://driveimg1.intermarche.com/pt/Content/images/boitmal/produit/zoom/3936C365D7B95744ED545201CA491D61.jpg,,,,2024-12-04T23:59:59.999999999Z,PROSPECTUS,9,1,
15349,5603722514203,1000.0,Mimosa,"Leite infantil 3+ anos sem lactose, de 1 l",,1.59,1.59,1000,L,€/L,,,https://driveimg1.intermarche.com/pt/Content/images/boitmal/produit/zoom/094DEBD5422652B3A0B648EAF46A79A6.jpg,https://driveimg1.intermarche.com/pt/Content/images/boitmal/produit/zoom/C8D2B05C3B050A036DFF481D77A9A7CA.jpg,https://driveimg1.intermarche.com/pt/Content/images/boitmal/produit/zoom/A8FB4969B6C4BCA92A1313FDA5392B39.jpg,,2024-12-04T23:59:59.999999999Z,PROSPECTUS,9,1,
15981,5601119244375,210.0,Nobre,"Salsichas extra suculentas de frango, frasco de 210g",,2.39,11.38,0,kg,€/Kg,,,https://driveimg1.intermarche.com/pt/Content/images/boitmal/produit/zoom/FF112EFB90E4953B2240BF7E131FD2C0.jpg,,,,2024-12-04T23:59:59.999999999Z,PROSPECTUS,9,1,
16042,8410022000025,200.0,Donuts,Donuts classic,Embalagem de 200g,2.19,10.95,0,kg,€/Kg,,,https://driveimg1.intermarche.com/pt/Content/images/boitmal/produit/zoom/E1B9DB77B40B4B4B4AC4E69C7559B6D6.jpg,,,,2024-12-04T23:59:59.999999999Z,PROSPECTUS,9,1,
16406,7622210352231,31.0,Royal,"Gelatina frutos tropicais 10kcal, 30g",,1.55,50.0,0,kg,€/Kg,,,https://driveimg1.intermarche.com/pt/Content/images/boitmal/produit/zoom/0B3BA156EC613D4E9D8ADDCBB32811AB.jpg,,,,2024-12-04T23:59:59.999999999Z,PROSPECTUS,9,1,
16723,8410376041002,265.0,Gullón,"Bolacha vitalday crocante original, embalagem de 270g",,1.29,4.87,0,kg,€/Kg,,,https://driveimg1.intermarche.com/pt/Content/images/boitmal/produit/zoom/1F006617D1D0A76F1AD1074F91D2D364.jpg,,,,2024-12-04T23:59:59.999999999Z,PROSPECTUS,9,1,
17189,5603344531107,110.0,General,"Atum em posta, em azeite, embalagem de 110g",,1.49,13.55,0,kg,€/Kg,,,https://driveimg1.intermarche.com/pt/Content/images/boitmal/produit/zoom/9B578FD57DAE66EA731A200412CF6D79.jpg,,,,2024-12-04T23:59:59.999999999Z,PROSPECTUS,9,1,
17269,4084500617421,820.0,Fairy,"Detergente Líquido Lavar Loiça Original, 820 ml",,3.59,4.38,820,L,€/L,,,https://driveimg1.intermarche.com/pt/Content/images/boitmal/produit/zoom/AAC34482F7A307A6F6D7CF7355F8BFDC.jpg,,,,2024-12-04T23:59:59.999999999Z,PROSPECTUS,9,1,
17595,5411188115366,1000.0,Alpro,"Bebida aveia, embalagem de 1 litro",,1.9,1.9,1000,L,€/L,,,https://driveimg1.intermarche.com/pt/Content/images/boitmal/produit/zoom/F5E08DFF719942D46F9D4BF500500435.jpg,,,,2024-12-04T23:59:59.999999999Z,PROSPECTUS,9,1,
18030,2696251000000,800.0,Pastelaria,Bolo rei,800 g,5.99,7.49,0,kg,€/Kg,,,https://driveimg1.intermarche.com/pt/Content/images/boitmal/produit/zoom/5797896372B1CA8FFFA288DDFDA8F828.jpg,,,,2024-12-04T23:59:59.999999999Z,PROSPECTUS,9,1,
18079,5601066400923,180.0,Nacional,"Bolacha shortcake, embalagem de 180g",,1.24,6.89,0,kg,€/Kg,,,https://driveimg1.intermarche.com/pt/Content/images/boitmal/produit/zoom/4B79AC637369F03F42CAF309849AA6E9.jpg,,,,2024-12-04T23:59:59.999999999Z,PROSPECTUS,9,1,
18350,8410320148245,80.0,Campofrio,Chouriço fatiado,Embalagem de 80g,1.59,19.88,0,kg,€/Kg,,,https://driveimg1.intermarche.com/pt/Content/images/boitmal/produit/zoom/C3DD6539D50EC6C28C822B12B80D5795.jpg,,,,2024-12-04T23:59:59.999999999Z,PROSPECTUS,9,1,
20477,8714789876801,650.0,Palmolive,Gel Banho Coco,Embalagem de 650 ml,3.29,5.06,650,L,€/L,,,https://driveimg1.intermarche.com/pt/Content/images/boitmal/produit/zoom/C841EAB15BFBC711E7703D2FB84F7757.jpg,,,,2024-12-04T23:59:59.999999999Z,PROSPECTUS,9,1,
20781,5011417553114,,Air Wick,Ambientador stick micado blackberry,Embalagem de 1 unidades,5.99,5.99,1,,€/Unidade,,,https://driveimg1.intermarche.com/pt/Content/images/boitmal/produit/zoom/1994156825AF850DCCFA44F1976E6E15.jpg,,,,2024-12-04T23:59:59.999999999Z,PROSPECTUS,9,1,
22307,5601019012647,390.0,Guloso,"Tomate em pedaços, embalagem de 390g",,1.45,3.72,0,kg,€/Kg,,,https://driveimg1.intermarche.com/pt/Content/images/boitmal/produit/zoom/5ED4DE98BAC903A7106FCD013B7A79FA.jpg,,,,2024-12-04T23:59:59.999999999Z,PROSPECTUS,9,2,
22414,7613035268364,123.0,Nestlé,"Tablete de chocolate extra fina leite/avelã, embalagem de 120g",,1.85,15.04,0,kg,€/Kg,,,https://driveimg1.intermarche.com/pt/Content/images/boitmal/produit/zoom/9808E888C4001F4745E47DCC68B9FDA8.jpg,,,,2024-12-04T23:59:59.999999999Z,PROSPECTUS,9,2,
22952,8411660670212,750.0,Sanytol,Desinfetante p/ Cozinha,Embalagem de 750 ml,1.99,2.65,750,L,€/L,,,https://driveimg1.intermarche.com/pt/Content/images/boitmal/produit/zoom/6670903192D029E406F52DBF4952D846.jpg,,,,2024-12-04T23:59:59.999999999Z,PROSPECTUS,9,2,
24415,8410436299961,1300.0,Sonasol,"Lava tudo lavanda, 1,3l",,2.09,1.61,1300,L,€/L,,,https://driveimg1.intermarche.com/pt/Content/images/boitmal/produit/zoom/7357FEB6EC6D53B795AF0EA5889F5ADF.jpg,,,,2024-12-04T23:59:59.999999999Z,PROSPECTUS,9,2,
2474,7613032408602,85.0,Purina Gourmet,"Comida húmida para gato vaca e frango, embalagem de 90g",,0.87,10.24,0,kg,€/Kg,,,https://driveimg1.intermarche.com/pt/Content/images/boitmal/produit/zoom/571C1A9D6D5EE4C101463565EC0CDDDE.jpg,,,,2024-12-04T23:59:59.999999999Z,PROSPECTUS,9,2,
2480,7613032584436,250.0,Cerelac,"Papa infantil láctea maçã +6 meses, embalagem de 250g",,3.19,12.76,0,kg,€/Kg,,,https://driveimg1.intermarche.com/pt/Content/images/boitmal/produit/zoom/DE2856C1EA531D0617965332F05D89D4.jpg,,,,2024-12-04T23:59:59.999999999Z,PROSPECTUS,9,2,
2503,7613033156212,85.0,Purina Gourmet,"Comida húmida para gato mousse com salmão, embalagem de 90g",,0.87,10.24,0,kg,€/Kg,,,https://driveimg1.intermarche.com/pt/Content/images/boitmal/produit/zoom/BCD32627F59A029C2931D459EC84583E.jpg,,,,2024-12-04T23:59:59.999999999Z,PROSPECTUS,9,2,
25532,8410376046908,300.0,Gullón,"Bolacha vitalday crocante fruta & fibra, embalagem de 300g",,1.29,4.3,0,kg,€/Kg,,,https://driveimg1.intermarche.com/pt/Content/images/boitmal/produit/zoom/473F8651EAFD9E8ED0ACED0FCD074922.jpg,,,,2024-12-04T23:59:59.999999999Z,PROSPECTUS,9,2,
25735,5000116112173,208.0,Capitão Iglo,"10 nuggets peito de frango e queijo, embalagem de 210g",,2.99,14.38,0,kg,€/Kg,,Tipo de stockagem,https://driveimg1.intermarche.com/pt/Content/images/boitmal/produit/zoom/C51CDDEB144DBFB12E5D153B5560BAD5.jpg,,,,2024-12-04T23:59:59.999999999Z,PROSPECTUS,9,2,
2776,8410168195586,85.0,Purina Gourmet,"Comida húmida para gato mousse com frango, embalagem de 90g",,0.87,10.24,0,kg,€/Kg,,,https://driveimg1.intermarche.com/pt/Content/images/boitmal/produit/zoom/AD2543EBC7042F310644AC95CA7E3983.jpg,,,,2024-12-04T23:59:59.999999999Z,PROSPECTUS,9,2,
284,0000080393320,85.0,Purina Gourmet,"Comida húmida para gato mousse com vaca, embalagem de 90g",,0.87,10.24,0,kg,€/Kg,,Tipo de stockagem,https://driveimg1.intermarche.com/pt/Content/images/boitmal/produit/zoom/999600DE38174FC22F21A586B409CFE0.jpg,,,,2024-12-04T23:59:59.999999999Z,PROSPECTUS,9,2,
30173,5607238032022,330.0,Casa de Mateus,"Doce de morango, embalagem de 330g",,2.59,7.85,0,kg,€/Kg,,,https://driveimg1.intermarche.com/pt/Content/images/boitmal/produit/zoom/2D6070A1F1EB4D27068EDD936E4C7823.jpg,,,,2024-12-04T23:59:59.999999999Z,PROSPECTUS,9,2,
30175,5607238032015,345.0,Casa de Mateus,"Doce de gila, embalagem de 350g",,2.99,8.67,0,kg,€/Kg,,,https://driveimg1.intermarche.com/pt/Content/images/boitmal/produit/zoom/59C7C2F566A9BD5C29D8672F40580460.jpg,,,,2024-12-04T23:59:59.999999999Z,PROSPECTUS,9,2,
30261,3574661350202,,O.B.,Tampão Super,1 Embalagem c/32 unidades,3.74,3.74,0,,€/Unidade,,,https://driveimg1.intermarche.com/pt/Content/images/boitmal/produit/zoom/DAA171336AF6D59A0D2D28D3DD1CFF6E.jpg,,,,2024-12-04T23:59:59.999999999Z,PROSPECTUS,9,2,
30348,3600524029920,400.0,Elvive,Champô Hidra Hialurónico,400 ml,3.95,9.88,400,L,€/L,,,https://driveimg1.intermarche.com/pt/Content/images/boitmal/produit/zoom/00D7F464F5357E3A8D0AC719ED012FCF.jpg,,,,2024-12-04T23:59:59.999999999Z,PROSPECTUS,9,2,
31326,5601286260437,500.0,Milaneza,"Macarrão integral com aveia, 500g",,1.29,2.58,0,kg,€/Kg,,,https://driveimg1.intermarche.com/pt/Content/images/boitmal/produit/zoom/212FB83AC9C0B84676450D6A6F562CFF.jpg,,,,2024-12-04T23:59:59.999999999Z,PROSPECTUS,9,2,
31327,5601286260444,500.0,Milaneza,"Esparguete integral com aveia, embalagem de 500g",,1.29,2.58,0,kg,€/Kg,,,https://driveimg1.intermarche.com/pt/Content/images/boitmal/produit/zoom/C7C1B707BDFB668F7CFB6D27DE2D8BF6.jpg,,,,2024-12-04T23:59:59.999999999Z,PROSPECTUS,9,2,
32306,8718951202979,500.0,Palmolive,"Gel de banho naturals amêndoa e leite, 500 ml",,2.65,5.3,500,L,€/L,,,https://driveimg1.intermarche.com/pt/Content/images/boitmal/produit/zoom/F33F92F4F53A6A0ED534C67B846C0ABA.jpg,,,,2024-12-04T23:59:59.999999999Z,PROSPECTUS,9,2,
33191,5607238032169,350.0,Casa de Mateus,"Doce abóbora, embalagem de 350g",,2.99,8.54,0,kg,€/Kg,,,https://driveimg1.intermarche.com/pt/Content/images/boitmal/produit/zoom/C87AA48D6803DE717EB733A3113849A4.jpg,,,,2024-12-04T23:59:59.999999999Z,PROSPECTUS,9,2,
33884,2893837000000,1500.0,Peixaria,Peixe espada preto inteiro,Vendido ao peso,10.49,6.99,0,,€/Kg,,,https://driveimg1.intermarche.com/pt/Content/images/boitmal/produit/zoom/0C1CA3DE6B16A13335042AAFE1F612D6.jpg,,,,2024-12-04T23:59:59.999999999Z,PROSPECTUS,9,2,
35297,5601314223205,500.0,Vitalis,"Água sem gás, garrafa de 0.5 l",,0.3,0.6,500,L,€/L,,,https://driveimg1.intermarche.com/pt/Content/images/boitmal/produit/zoom/7FE52B99CA553391F86364EECEA547A5.jpg,,,,2024-12-04T23:59:59.999999999Z,PROSPECTUS,9,2,
36586,3574660240030,,O.B.,Tampões ProComfort Normal,1 Embalagem c/32 unidades,4.1,4.1,0,,€/Unidade,,,https://driveimg1.intermarche.com/pt/Content/images/boitmal/produit/zoom/415C4417CFD5EA986A9EA57263D43052.jpg,,,,2024-12-04T23:59:59.999999999Z,PROSPECTUS,9,2,
36790,8410376055740,280.0,Gullón,"Bolacha vitalday crocante, embalagem de 280 g",,1.29,4.61,0,kg,€/Kg,,,https://driveimg1.intermarche.com/pt/Content/images/boitmal/produit/zoom/311728C27855FFA53B8039949C165E5E.jpg,,,,2024-12-04T23:59:59.999999999Z,PROSPECTUS,9,2,
36945,8719200009899,500.0,Vaqueiro,"Margarina líquida, embalagem de 500 ml",,2.79,5.58,500,L,€/L,,,https://driveimg1.intermarche.com/pt/Content/images/boitmal/produit/zoom/3D6E957EB440340EBC178B3A8B1B6F1E.jpg,,,,2024-12-04T23:59:59.999999999Z,PROSPECTUS,9,2,
37564,7622210937223,165.0,Milka,Bombons I Love Milka,Embalagem de 165 g,4.49,27.21,0,kg,€/Kg,,,https://driveimg1.intermarche.com/pt/Content/images/boitmal/produit/zoom/2B7A5D9162ECEF74C32349BA8D7ACC33.jpg,,,,2024-12-24T23:59:59.999999999Z,PROSPECTUS,9,2,
37799,7613037096828,240.0,Cerelac,Farinha láctea seleção da natureza aveia e centeio +6 meses,Embalagem de 240 g,3.19,13.29,0,kg,€/Kg,,,https://driveimg1.intermarche.com/pt/Content/images/boitmal/produit/zoom/196E9C25A91135A06C0EF78AB5B82C2A.jpg,,,,2024-12-04T23:59:59.999999999Z,PROSPECTUS,9,2,
37900,5601119305007,210.0,Nobre,"Salsicha hot dog, frasco de 250g",,2.39,11.38,0,kg,€/Kg,,,https://driveimg1.intermarche.com/pt/Content/images/boitmal/produit/zoom/68E53CA887C0767923F878238ADB6D84.jpg,,,,2024-12-04T23:59:59.999999999Z,PROSPECTUS,9,2,
38132,4005900676023,50.0,Nivea,"Creme de dia q10 plus anti rugas, embalagem de 50 ml",,9.74,194.8,50,L,€/L,,,https://driveimg1.intermarche.com/pt/Content/images/boitmal/produit/zoom/4C6D7480A40FB197EBAB3BABCA66A99D.jpg,,,,2024-12-04T23:59:59.999999999Z,PROSPECTUS,9,2,
38278,4005900676054,50.0,Nivea,"Creme q10 anti rugas de noite, 50 ml",,9.74,194.8,50,L,€/L,,,https://driveimg1.intermarche.com/pt/Content/images/boitmal/produit/zoom/6CF120417D3CDFCEA236568EF541A31F.jpg,,,,2024-12-04T23:59:59.999999999Z,PROSPECTUS,9,2,
386,8712100479298,260.0,Calvé,"Molho mad chips top down, embalagem de 260g",,1.94,7.46,0,kg,€/Kg,,,https://driveimg1.intermarche.com/pt/Content/images/boitmal/produit/zoom/21B88C464F7BBC164FDD806BA18E0B84.jpg,https://driveimg1.intermarche.com/pt/Content/images/boitmal/produit/zoom/5EE595CA865FFD7654A8E18623535097.jpg,https://driveimg1.intermarche.com/pt/Content/images/boitmal/produit/zoom/5EE595CA865FFD7654A8E18623535097.jpg,,2024-12-04T23:59:59.999999999Z,PROSPECTUS,9,2,
39625,5607233533951,385.0,Panrico,Pão cerealia 100% integral,Embalagem de 385g,1.99,5.17,0,kg,€/Kg,,,https://driveimg1.intermarche.com/pt/Content/images/boitmal/produit/zoom/41D40B955E0A17EB04A654C74F17935A.jpg,,,,2024-12-04T23:59:59.999999999Z,PROSPECTUS,9,2,
40177,8412600028124,450.0,Bimbo,"Pão massa mãe, 450g",,2.09,4.64,0,kg,€/Kg,,,https://driveimg1.intermarche.com/pt/Content/images/boitmal/produit/zoom/900995AFBEB3ABFB4AB11A712889A509.jpg,,,,2024-12-04T23:59:59.999999999Z,PROSPECTUS,9,2,
40825,7613038901954,,Nescafé,"Café dolce gusto marrakech, embalagem com 16 cápsulas",,5.49,5.49,16,,€/Unidade,,,https://driveimg1.intermarche.com/pt/Content/images/boitmal/produit/zoom/F73957FF9FB27931D99B81466C7679FE.jpg,,,,2024-12-04T23:59:59.999999999Z,PROSPECTUS,9,2,
438,8722700140139,20.0,Lipton,"20 saquetas infusão de cidreira, embalagem de 20g",,1.49,74.5,0,kg,€/Kg,,,https://driveimg1.intermarche.com/pt/Content/images/boitmal/produit/zoom/75772B648D442A3C0BB5D4E8A4601B76.jpg,,,,2024-12-04T23:59:59.999999999Z,PROSPECTUS,9,2,
4409,3600550266917,200.0,Narta,"Desodorizante spray, protect.5",Embalagem de 200 ml,2.69,13.45,200,L,€/L,,,https://driveimg1.intermarche.com/pt/Content/images/boitmal/produit/zoom/7C71A1978C10610C24EF8E897CF38176.jpg,,,,2024-12-04T23:59:59.999999999Z,PROSPECTUS,9,2,
44747,8722700210641,32.0,Lipton,"Chá verde 20 saquetas, embalagem de 32g",,1.65,51.56,0,kg,€/Kg,,,https://driveimg1.intermarche.com/pt/Content/images/boitmal/produit/zoom/A6E7510DD313681656D5ACEBB7B8BE51.jpg,,,,2024-12-04T23:59:59.999999999Z,PROSPECTUS,9,2,
44785,7613039960196,120.0,Nestlé,Chocolate negro 85% cacau,Embalagem de 120g,2.84,23.67,0,kg,€/Kg,,,https://driveimg1.intermarche.com/pt/Content/images/boitmal/produit/zoom/7396A5CCC61A62D534BA9B9A6177D344.jpg,,,,2024-12-04T23:59:59.999999999Z,PROSPECTUS,9,2,
44788,5603722514777,480.0,Mimosa,"Iogurte sólido sem lactose morango, 4 x 125 g",,1.89,3.94,0,kg,€/Kg,,,https://driveimg1.intermarche.com/pt/Content/images/boitmal/produit/zoom/3DB7F02446D5B9722A9F0B8C3AE2AFA0.jpg,,,,2024-12-04T23:59:59.999999999Z,PROSPECTUS,9,2,
44935,8711327324060,540.0,Olá,"Cornetto chocolate, de 6 x 90 ml",,3.56,6.59,540,L,€/L,,Tipo de stockagem,https://driveimg1.intermarche.com/pt/Content/images/boitmal/produit/zoom/F648CC74169B371CACB89E6B5A5C134C.jpg,,,,2024-12-04T23:59:59.999999999Z,PROSPECTUS,9,2,
45364,3041091718068,380.0,Bledina,"Frutapura maçã, laranja e banana, embalagem de 4 x 95g",,2.24,5.89,0,kg,€/Kg,,,https://driveimg1.intermarche.com/pt/Content/images/boitmal/produit/zoom/22D2668AEF69D9D09BD268012763F668.jpg,,,,2024-12-04T23:59:59.999999999Z,PROSPECTUS,9,2,
46158,3041091718044,380.0,Bledina,"Frutapura banana, 4 x 95 g",,2.24,5.89,0,kg,€/Kg,,,https://driveimg1.intermarche.com/pt/Content/images/boitmal/produit/zoom/31B9A081D314FACBED95322AABDA791F.jpg,,,,2024-12-04T23:59:59.999999999Z,PROSPECTUS,9,2,
46159,3041091718051,380.0,Bledina,"Frutapura frutos variados, 4 x 95 g",,2.24,5.89,0,kg,€/Kg,,,https://driveimg1.intermarche.com/pt/Content/images/boitmal/produit/zoom/F62E1D8E44BFDFADA7D5693EC0F82248.jpg,,,,2024-12-04T23:59:59.999999999Z,PROSPECTUS,9,2,
46364,8006540213933,1500.0,Fairy,Detergente Líquido p/ Lavar Loiça Jasmim Rosa,"1 Embalagem 1,5L",4.99,3.33,1500,L,€/L,,,https://driveimg1.intermarche.com/pt/Content/images/boitmal/produit/zoom/7E044FBF90C875C48E3727FD13EE2574.jpg,,,,2024-12-04T23:59:59.999999999Z,PROSPECTUS,9,2,
47065,5900852054877,85.0,Bledina,"Frutapura pera, banana e alperce, embalagem de 85g",,0.78,9.18,0,kg,€/Kg,,,https://driveimg1.intermarche.com/pt/Content/images/boitmal/produit/zoom/8B761434692E7A9B2DB2C6939ABCC028.jpg,,,,2024-12-04T23:59:59.999999999Z,PROSPECTUS,9,2,
48246,8718951465848,75.0,Colgate,Pasta de Dentes Branqueadora,Embalagem de 75 ml,2.99,39.87,75,L,€/L,,,https://driveimg1.intermarche.com/pt/Content/images/boitmal/produit/zoom/F0ECF7A03475E29B09B3E6B396F5645D.jpg,,,,2024-12-04T23:59:59.999999999Z,PROSPECTUS,9,2,
4867,5410041472509,100.0,Tuc,Bolachas cream & onion,Embalagem de 100g,0.99,9.9,0,kg,€/Kg,,,https://driveimg1.intermarche.com/pt/Content/images/boitmal/produit/zoom/C2295774E4587CC2EFD25EAE1F8DEF19.jpg,,,,2024-12-04T23:59:59.999999999Z,PROSPECTUS,9,2,
494,3041090004247,200.0,Blédina,"Refeição pronta boião de frango e arroz, 200g",,1.69,8.45,0,kg,€/Kg,,,https://driveimg1.intermarche.com/pt/Content/images/boitmal/produit/zoom/61DAC8BF0A14F05F8B631B48EF546DDA.jpg,,,,2024-12-04T23:59:59.999999999Z,PROSPECTUS,9,2,
495,3041090004841,200.0,Bledina,"Refeição pronta, boião de legumes e vitela, embalagem de 200g",,1.69,8.45,0,kg,€/Kg,,,https://driveimg1.intermarche.com/pt/Content/images/boitmal/produit/zoom/B7B49515AC600DC98F5ACF6AD0E7C397.jpg,,,,2024-12-04T23:59:59.999999999Z,PROSPECTUS,9,2,
49612,8718951463295,50.0,Sanex,Desodorizante Roll On Invisible,50 ml,1.74,34.8,50,L,€/L,,,https://driveimg1.intermarche.com/pt/Content/images/boitmal/produit/zoom/E52A6466D0D2CBA4FFC121F9A9054CB1.jpg,,,,2024-12-04T23:59:59.999999999Z,PROSPECTUS,9,2,
49821,5603722520754,1000.0,Mimosa,"Bebida láctea bolacha uht 1 a 3 anos, de 1l",,1.59,1.59,1000,L,€/L,,,https://driveimg1.intermarche.com/pt/Content/images/boitmal/produit/zoom/DA52F6AF15B664E9FF05EBBA82F42FE5.jpg,https://driveimg1.intermarche.com/pt/Content/images/boitmal/produit/zoom/BB5149E20609EB03C3B5C6E51528CB2B.jpg,https://driveimg1.intermarche.com/pt/Content/images/boitmal/produit/zoom/4C42D36E570D2D71AD779BA04DD44C36.jpg,,2024-12-04T23:59:59.999999999Z,PROSPECTUS,9,2,
5008,5601028000383,,Renova,"Lenços de bolso sensi, brancos, 10 unidades",Uma embalagem de 6x10,0.89,0.89,0,,€/Unidade,,,https://driveimg1.intermarche.com/pt/Content/images/boitmal/produit/zoom/A7E56C5340E5213CBF3A606D0311258B.jpg,,,,2024-12-04T23:59:59.999999999Z,PROSPECTUS,9,2,
5028,5601028006231,,Renova,"Lenços de bolso sensitive brancos, 24 unidades",,2.89,2.89,0,,€/Unidade,,,https://driveimg1.intermarche.com/pt/Content/images/boitmal/produit/zoom/0CC244AFF55976B3210C6D16467CD206.jpg,,,,2024-12-04T23:59:59.999999999Z,PROSPECTUS,9,2,
50406,8445290490155,600.0,Cerelac,"Papa Infantil para Preparar com Leite +6M, 600g",,4.29,7.15,0,kg,€/Kg,,,https://driveimg1.intermarche.com/pt/Content/images/boitmal/produit/zoom/C95864141AF0280BDB80A795593394EA.jpg,,,,2024-12-04T23:59:59.999999999Z,PROSPECTUS,9,2,
5119,5601066200073,1000.0,Nacional,Farinha p/ bolos extra fina,Embalagem de 1 kg,1.47,1.47,0,kg,€/Kg,,,https://driveimg1.intermarche.com/pt/Content/images/boitmal/produit/zoom/CAC064713C07BACF659239959FBD0E0D.jpg,,,,2024-12-04T23:59:59.999999999Z,PROSPECTUS,9,2,
51954,5601151966501,1000.0,Compal,"Clássico néctar banana, embalagem de 1 l",,1.19,1.19,1000,L,€/L,,,https://driveimg1.intermarche.com/pt/Content/images/boitmal/produit/zoom/4AD4A949412C7056E69269DA8122DA04.jpg,,,,2024-12-04T23:59:59.999999999Z,PROSPECTUS,9,2,
52793,8001585008117,225.0,Balconi,"Bolachas wafers de chocolate, 5x45g",,2.24,9.96,0,kg,€/Kg,,,https://driveimg1.intermarche.com/pt/Content/images/boitmal/produit/zoom/F55155EBF50E696A1FE85DC6A7EDE284.jpg,,,,2024-12-04T23:59:59.999999999Z,PROSPECTUS,9,2,
52831,5411188139386,750.0,Alpro,"Bebida soja alto teor proteína, 750 ml",,1.59,2.12,750,L,€/L,,,https://driveimg1.intermarche.com/pt/Content/images/boitmal/produit/zoom/49ADB141EE7D3ED699ADC3A17F20F163.jpg,,,,2024-12-04T23:59:59.999999999Z,PROSPECTUS,9,2,
52856,5411188137993,400.0,Alpro,"Yofu mirtilo, 400g",,1.99,4.98,0,kg,€/Kg,,,https://driveimg1.intermarche.com/pt/Content/images/boitmal/produit/zoom/485F657BAFD51912DFB54A5C99A1A224.jpg,https://driveimg1.intermarche.com/pt/Content/images/boitmal/produit/zoom/11533D920C6F50B230FF02F2A50E7E1F.jpg,https://driveimg1.intermarche.com/pt/Content/images/boitmal/produit/zoom/11533D920C6F50B230FF02F2A50E7E1F.jpg,,2024-12-04T23:59:59.999999999Z,PROSPECTUS,9,2,
52859,8410063094571,1000.0,Pescanova,"Peskitos pescada panada sem glúten, 1 kg",,7.49,7.49,0,kg,€/Kg,,Tipo de stockagem,https://driveimg1.intermarche.com/pt/Content/images/boitmal/produit/zoom/7BDF38BE112B6C73B2BBE43BC17C505D.jpg,https://driveimg1.intermarche.com/pt/Content/images/boitmal/produit/zoom/68AC33F24F2A838C3801DAA9F2505E5E.jpg,https://driveimg1.intermarche.com/pt/Content/images/boitmal/produit/zoom/68AC33F24F2A838C3801DAA9F2505E5E.jpg,https://driveimg1.intermarche.com/pt/Content/images/boitmal/produit/zoom/68AC33F24F2A838C3801DAA9F2505E5E.jpg,2024-12-04T23:59:59.999999999Z,PROSPECTUS,9,2,
52883,8719200267824,1000.0,Planta,"Creme vegetal para barrar original, 1 kg",,4.99,4.99,0,kg,€/Kg,,,https://driveimg1.intermarche.com/pt/Content/images/boitmal/produit/zoom/936FEB2670E44E85562B9564D40B3E6A.jpg,https://driveimg1.intermarche.com/pt/Content/images/boitmal/produit/zoom/CBB4812E883E0A943660F7C5BD667E18.jpg,https://driveimg1.intermarche.com/pt/Content/images/boitmal/produit/zoom/CBB4812E883E0A943660F7C5BD667E18.jpg,,2024-12-04T23:59:59.999999999Z,PROSPECTUS,9,2,
52966,5411188137955,400.0,Alpro,"Yofu de baunilha, 400g",,1.99,4.98,0,kg,€/Kg,,,https://driveimg1.intermarche.com/pt/Content/images/boitmal/produit/zoom/49F50BDC14DC135C9DE9841614B2E971.jpg,https://driveimg1.intermarche.com/pt/Content/images/boitmal/produit/zoom/C1B8A31DBA4EB07280B40964777055ED.jpg,https://driveimg1.intermarche.com/pt/Content/images/boitmal/produit/zoom/C1B8A31DBA4EB07280B40964777055ED.jpg,https://driveimg1.intermarche.com/pt/Content/images/boitmal/produit/zoom/C1B8A31DBA4EB07280B40964777055ED.jpg,2024-12-04T23:59:59.999999999Z,PROSPECTUS,9,2,
52967,5411188138099,400.0,Alpro,"Yofu natural sem açúcar, 400g",,1.99,4.98,0,kg,€/Kg,,,https://driveimg1.intermarche.com/pt/Content/images/boitmal/produit/zoom/54214AECC446986553F991E1FE98EED2.jpg,https://driveimg1.intermarche.com/pt/Content/images/boitmal/produit/zoom/FAA5A0953C1320F7951A42ED471EF0CE.jpg,https://driveimg1.intermarche.com/pt/Content/images/boitmal/produit/zoom/FAA5A0953C1320F7951A42ED471EF0CE.jpg,,2024-12-04T23:59:59.999999999Z,PROSPECTUS,9,2,
53163,8445291099418,,Buondi,"Café original nespresso, 10 cápsulas",,2.99,2.99,10,,€/Unidade,,,https://driveimg1.intermarche.com/pt/Content/images/boitmal/produit/zoom/6E46F1C9FB77DF7B2C9479B336DCC810.jpg,,,,2024-12-04T23:59:59.999999999Z,PROSPECTUS,9,2,
53231,8445290752475,180.0,Cerelac,"Farinha não láctea 0% açúcar multicereais, 180g",,2.24,12.44,0,kg,€/Kg,,,https://driveimg1.intermarche.com/pt/Content/images/boitmal/produit/zoom/A7BFFF2BFEADB396EE2B5E590CBA9878.jpg,,,,2024-12-04T23:59:59.999999999Z,PROSPECTUS,9,2,
543,3228881083241,30.0,Lipton,"20 saquetas chá digestão fácil, embalagem de 30g",,2.09,69.67,0,kg,€/Kg,,,https://driveimg1.intermarche.com/pt/Content/images/boitmal/produit/zoom/62C3C7BA99F1F998410EDAE6BAC40CDF.jpg,,,,2024-12-04T23:59:59.999999999Z,PROSPECTUS,9,2,
5438,5601314222222,1980.0,Vitalis,"Água mineral sem gás, pack 6 x 0.33 l",,1.29,0.65,1980,L,€/L,,,https://driveimg1.intermarche.com/pt/Content/images/boitmal/produit/zoom/33D50EDEE051731540B4213BFFB43642.jpg,,,,2024-12-04T23:59:59.999999999Z,PROSPECTUS,9,2,
5439,5601314228248,750.0,Vitalis,"Água mineral sem gás sport, garrafa de 750 ml",,0.53,0.71,750,L,€/L,,,https://driveimg1.intermarche.com/pt/Content/images/boitmal/produit/zoom/010F08729D04976DF26AE7ABDA2D160B.jpg,,,,2024-12-04T23:59:59.999999999Z,PROSPECTUS,9,2,
54536,8006540521830,,Fairy,"Detergente Máquina Loiça Pastilhas Original Tudo em 1, 21D",,5.98,5.98,0,,€/Unidade,,,https://driveimg1.intermarche.com/pt/Content/images/boitmal/produit/zoom/1A348FE6C1FFA1BF08E9B5F7635F30CB.jpg,,,,2024-12-04T23:59:59.999999999Z,PROSPECTUS,9,2,
7043,2894074000000,150.0,Campofrio,Peito de peru forno lenha,1 un = 150 gr (aprox.),2.52,16.79,0,,€/Kg,,,https://driveimg1.intermarche.com/pt/Content/images/boitmal/produit/zoom/EF3CEFEECAD2391EED6F65839052F87D.jpg,,,,2024-12-04T23:59:59.999999999Z,PROSPECTUS,9,2,
7050,2894090000000,150.0,Campofrio,Peito frango forno de lenha,1 un = 150 gr (aprox.),2.52,16.79,0,,€/Kg,,,https://driveimg1.intermarche.com/pt/Content/images/boitmal/produit/zoom/6772968344189119743079B1997DCA88.jpg,,,,2024-12-04T23:59:59.999999999Z,PROSPECTUS,9,2,
8222,5411188553304,1000.0,Alpro,"Bebida de soja com cálcio, embalagem de 1 l",,1.69,1.69,1000,L,€/L,,,https://driveimg1.intermarche.com/pt/Content/images/boitmal/produit/zoom/E93FBC9C48DDB0A312E01AACFB10CDEE.jpg,,,,2024-12-04T23:59:59.999999999Z,PROSPECTUS,9,2,
8391,5601049159992,1000.0,Mimosa,"Leite especial cálcio + vitamina d magro, de 1l",,0.98,0.98,1000,L,€/L,,,https://driveimg1.intermarche.com/pt/Content/images/boitmal/produit/zoom/22E6964D6A2F2B922BCB40BB341AE902.jpg,,,,2024-12-04T23:59:59.999999999Z,PROSPECTUS,9,2,
882,5410041001204,100.0,Tuc,"Bolachas aperitivas, simples, embalagem de 100g",,0.99,9.9,0,kg,€/Kg,,,https://driveimg1.intermarche.com/pt/Content/images/boitmal/produit/zoom/DB0E5412E4B7AABA821CD2AF0DA3E461.jpg,,,,2024-12-04T23:59:59.999999999Z,PROSPECTUS,9,2,
8998,5601511000616,400.0,Limiano,"Queijo em fatias, 400g",,3.89,9.73,0,kg,€/Kg,,,https://driveimg1.intermarche.com/pt/Content/images/boitmal/produit/zoom/B876EB9E5C4AFD1BCE528AB6B8F31622.jpg,,,,2024-12-04T23:59:59.999999999Z,PROSPECTUS,9,2,
9247,5603089000661,500.0,Parmalat,"Molho bechamel, embalagem de 500 ml",,1.85,3.7,500,L,€/L,,,https://driveimg1.intermarche.com/pt/Content/images/boitmal/produit/zoom/006E1A6EFA1659920CA18FAFE3DAFE2E.jpg,,,,2024-12-04T23:59:59.999999999Z,PROSPECTUS,9,2,
9417,5604260047826,750.0,Selecção de Enófilos,Moscatel do Douro,"Garrafa de 0,75 l",4.56,6.08,750,L,€/L,,,https://driveimg1.intermarche.com/pt/Content/images/boitmal/produit/zoom/8C6AD17B630092BDDA352660B7F47B5C.jpg,,,,2024-12-24T23:59:59.999999999Z,PROSPECTUS,9,2,
959,5601019012418,1000.0,Guloso,Polpa de Tomate,Embalagem de 1 kg,1.79,1.79,0,kg,€/Kg,,,https://driveimg1.intermarche.com/pt/Content/images/boitmal/produit/zoom/3946132CDF77B4B5ABC4B3B587DC5572.jpg,,,,2024-12-04T23:59:59.999999999Z,PROSPECTUS,9,2,
9293,5603722493942,250.0,Primor,Manteiga pasteurizada com sal cuvet,Embalagem de 250g,2.29,9.16,0,kg,€/Kg,,,https://driveimg1.intermarche.com/pt/Content/images/boitmal/produit/zoom/F3F4D9FDF2A69DC31DE35D801759C2EE.jpg,,,,2024-12-04T23:59:59.999999999Z,PROSPECTUS,9,2,
13813,2892489000000,250.0,Legumes,Batata Doce,1 un = 250 gr  (aprox.),0.37,1.49,0,,€/Kg,,,https://driveimg1.intermarche.com/pt/Content/images/boitmal/produit/zoom/B0785A3D8A1A6773EB1FB43B119AC4D9.jpg,,,,2024-12-04T23:59:59.999999999Z,PROSPECTUS,9,2,
12892,2892508000000,400.0,Legumes,Beringela,1 un=400 gr (aprox.),0.76,1.89,0,,€/Kg,,,https://driveimg1.intermarche.com/pt/Content/images/boitmal/produit/zoom/5B7B3A896213DE67893050A67A6D9D9B.jpg,,,,2024-12-04T23:59:59.999999999Z,PROSPECTUS,9,2,
26772,5449000106186,3500.0,Coca-Cola,"Refrigerante com gás, pack 2 x 1.75 l",,3.68,1.05,3500,L,€/L,,,https://driveimg1.intermarche.com/pt/Content/images/boitmal/produit/zoom/A789E276311FA9DA8F07BCEEEA6CB731.jpg,,,,2024-12-04T23:59:59.999999999Z,PROSPECTUS,9,2,
405,8712566410910,275.0,Calvé,"Ketchup, embalagem de 280g",,1.59,5.78,0,kg,€/Kg,,,https://driveimg1.intermarche.com/pt/Content/images/boitmal/produit/zoom/9E63EED4B27A252289B8979C188F5B40.jpg,https://driveimg1.intermarche.com/pt/Content/images/boitmal/produit/zoom/0D7B165FF00CA45BD8F6AC077E3CA1EC.jpg,https://driveimg1.intermarche.com/pt/Content/images/boitmal/produit/zoom/0D7B165FF00CA45BD8F6AC077E3CA1EC.jpg,https://driveimg1.intermarche.com/pt/Content/images/boitmal/produit/zoom/0D7B165FF00CA45BD8F6AC077E3CA1EC.jpg,2024-12-04T23:59:59.999999999Z,PROSPECTUS,9,2,
978,5601024134136,750.0,Oliveira da Serra,Azeite,Embalagem de 750 ml,5.99,7.99,750,L,€/L,,,https://driveimg1.intermarche.com/pt/Content/images/boitmal/produit/zoom/9CC9A85673AA0BF0B09481F106398AA6.jpg,,,,2024-12-04T23:59:59.999999999Z,PROSPECTUS,9,2,
40925,8710522652138,240.0,Calvé,"Maionese top down, embalagem de 240g",,1.59,6.63,0,kg,€/Kg,,,https://driveimg1.intermarche.com/pt/Content/images/boitmal/produit/zoom/ECF2C8ABFC985CAC5B87AA78A2E96931.jpg,https://driveimg1.intermarche.com/pt/Content/images/boitmal/produit/zoom/8E23B17512BCD2C444A6228885CC4217.jpg,https://driveimg1.intermarche.com/pt/Content/images/boitmal/produit/zoom/8E23B17512BCD2C444A6228885CC4217.jpg,https://driveimg1.intermarche.com/pt/Content/images/boitmal/produit/zoom/8E23B17512BCD2C444A6228885CC4217.jpg,2024-12-04T23:59:59.999999999Z,PROSPECTUS,9,2,https://driveimg1.intermarche.com/pt/Content/images/boitmal/produit/zoom/8E23B17512BCD2C444A6228885CC4217.jpg
29738,8410436324533,1300.0,Sonasol,"Lava Tudo Flores Montanha, 1.3 l",,2.09,1.61,1300,L,€/L,,,https://driveimg1.intermarche.com/pt/Content/images/boitmal/produit/zoom/13FBFB2C777E7C44B0340328520A2D41.jpg,,,,2024-12-04T23:59:59.999999999Z,PROSPECTUS,9,2,
49359,5601146700066,6000.0,Sagres,"Cerveja com álcool, pack 24 x 0.25 l",,11.49,1.92,6000,L,€/L,,,https://driveimg1.intermarche.com/pt/Content/images/boitmal/produit/zoom/67C6D1253BB0D82F02E1633DF741EA25.jpg,https://driveimg1.intermarche.com/pt/Content/images/boitmal/produit/zoom/B2E3D57423A20C8E7B4C1173F1457C2E.jpg,,,2024-12-04T23:59:59.999999999Z,PROSPECTUS,9,2,
13956,2891205000000,50.0,Porco,Salsicha Brasileira,1 un = 50 gr (aprox.),0.25,4.99,0,,€/Kg,,,https://driveimg1.intermarche.com/pt/Content/images/boitmal/produit/zoom/F6298C19D94A9653E5F3E3E4F0DEBFCF.jpg,,,,2024-12-04T23:59:59.999999999Z,PROSPECTUS,9,2,
931,5601001228100,300.0,Nestum,Nestum flocos de cereais com mel,Embalagem de 300g,2.24,7.47,0,kg,€/Kg,,,https://driveimg1.intermarche.com/pt/Content/images/boitmal/produit/zoom/82B368094FF4C269D04DE75FB30D7775.jpg,,,,2024-12-04T23:59:59.999999999Z,PROSPECTUS,9,2,
10509,8435250297955,256.0,Nestlé,"Iogurte mix in smarties baunilha, embalagem de 2 x 128 g",,1.99,7.77,0,kg,€/Kg,,,https://driveimg1.intermarche.com/pt/Content/images/boitmal/produit/zoom/5355941DC0922592DB9EDB46788FEE19.jpg,,,,2024-12-04T23:59:59.999999999Z,PROSPECTUS,9,2,
16983,8712100735455,540.0,Olá,"Gelado cornetto morango, embalagem de 6 x 90 ml",,3.56,6.59,540,L,€/L,,Tipo de stockagem,https://driveimg1.intermarche.com/pt/Content/images/boitmal/produit/zoom/F864C0CC873250BC9D1DC90A794E1882.jpg,https://driveimg1.intermarche.com/pt/Content/images/boitmal/produit/zoom/FF03523E6B925BE3441B0A34A996CA2B.jpg,https://driveimg1.intermarche.com/pt/Content/images/boitmal/produit/zoom/FF03523E6B925BE3441B0A34A996CA2B.jpg,https://driveimg1.intermarche.com/pt/Content/images/boitmal/produit/zoom/FF03523E6B925BE3441B0A34A996CA2B.jpg,2024-12-04T23:59:59.999999999Z,PROSPECTUS,9,2,
12943,2892087000000,1500.0,Fruta,Mamão,"1 un = 1,5 kg (aprox.)",5.84,3.89,0,,€/Kg,,,https://driveimg1.intermarche.com/pt/Content/images/boitmal/produit/zoom/E92859558CF3617793775ADAD1A11B14.jpg,,,,2024-12-04T23:59:59.999999999Z,PROSPECTUS,9,2,
22232,8410320104500,80.0,Campofrio,"Salame fatiado, embalagem de 80g",,1.59,19.88,0,kg,€/Kg,,,https://driveimg1.intermarche.com/pt/Content/images/boitmal/produit/zoom/B989DC79BAD10F2BF93E42F2FFD0E3D8.jpg,,,,2024-12-04T23:59:59.999999999Z,PROSPECTUS,9,2,
12931,2892054000000,250.0,Fruta,Anona,1 un = 250 gr  (aprox.),0.75,2.99,0,,€/Kg,,,https://driveimg1.intermarche.com/pt/Content/images/boitmal/produit/zoom/F69BDF27946B341C19024099B2601791.jpg,,,,2024-12-04T23:59:59.999999999Z,PROSPECTUS,9,2,
14862,2696029000000,70.0,Padaria,Carcaça Rústica 70 g,,0.18,2.57,0,kg,€/Kg,,,https://driveimg1.intermarche.com/pt/Content/images/boitmal/produit/zoom/6A03940B6FE85C788180114F1E701715.jpg,,,,2024-12-04T23:59:59.999999999Z,PROSPECTUS,9,2,
44234,8710522854815,257.0,Calvé,"Mostarda top down, embalagem de 257g",,1.68,6.54,0,kg,€/Kg,,,https://driveimg1.intermarche.com/pt/Content/images/boitmal/produit/zoom/63AC7BC5BB2C7D5CE58B458BE855CC4A.jpg,,,,2024-12-04T23:59:59.999999999Z,PROSPECTUS,9,2,
34201,5601066401029,150.0,Nacional,"Bolachas com pepitas de chocolate my cookie!, 150g",,1.24,8.27,0,kg,€/Kg,,,https://driveimg1.intermarche.com/pt/Content/images/boitmal/produit/zoom/62E8A4FDEC6FCE6FCA9B1B71AEF816E1.jpg,,,,2024-12-04T23:59:59.999999999Z,PROSPECTUS,9,2,
16857,5603344531114,110.0,General,Atum natural,Embalagem de 110g,1.1,10.0,0,kg,€/Kg,,,https://driveimg1.intermarche.com/pt/Content/images/boitmal/produit/zoom/D147FF3405CBBBAF67756FEDE1B5317A.jpg,,,,2024-12-04T23:59:59.999999999Z,PROSPECTUS,9,2,
48281,8718951465756,75.0,Colgate,Pasta de Dentes Original,Embalagem de 75 ml,2.54,33.87,75,L,€/L,,,https://driveimg1.intermarche.com/pt/Content/images/boitmal/produit/zoom/48F077254E3FDAD89D992B7A57ABE360.jpg,,,,2024-12-04T23:59:59.999999999Z,PROSPECTUS,9,2,
15879,5601164902282,3000.0,Super Bock,"Cerveja com álcool mini, pack 15 x 0.20 l",,6.99,2.33,3000,L,€/L,,,https://driveimg1.intermarche.com/pt/Content/images/boitmal/produit/zoom/F51CB7668EA2A2D5B4B811ABB528133B.jpg,,,,2024-12-04T23:59:59.999999999Z,PROSPECTUS,9,2,
50377,8445290351357,,Nescafé,"Dolce gusto sical espresso cafés 99.2 g, embalagem de 16 unidades",,5.99,5.99,16,,€/Unidade,,,https://driveimg1.intermarche.com/pt/Content/images/boitmal/produit/zoom/44FD43160B41B883D60D056B524E6B93.jpg,,,,2024-12-04T23:59:59.999999999Z,PROSPECTUS,9,2,
9294,5603722494215,1000.0,Mimosa,"Bebida láctea especial crescimento 1 a 3 anos, de 1l",,1.49,1.49,1000,L,€/L,,,https://driveimg1.intermarche.com/pt/Content/images/boitmal/produit/zoom/E8EAAB44B3166FE020B43F64B725D8EB.jpg,https://driveimg1.intermarche.com/pt/Content/images/boitmal/produit/zoom/B8D0BEE13E0FA7481A224732CB88CE29.jpg,https://driveimg1.intermarche.com/pt/Content/images/boitmal/produit/zoom/CF47B7EE63F34663DCC396F54F91507B.jpg,,2024-12-04T23:59:59.999999999Z,PROSPECTUS,9,3,
2749,8410063046532,350.0,Pescanova,"Miolo de camarão 80/100, embalagem de 350g",,6.99,19.97,0,kg,€/Kg,,Tipo de stockagem,https://driveimg1.intermarche.com/pt/Content/images/boitmal/produit/zoom/0EA75135180DC26543A97F342303334A.jpg,,,,2024-12-04T23:59:59.999999999Z,PROSPECTUS,9,3,
419,8718114882536,50.0,Knorr,"Sopa de cebola, embalagem de 50g",,1.6,32.0,0,kg,€/Kg,,,https://driveimg1.intermarche.com/pt/Content/images/boitmal/produit/zoom/40DE8A4B0CCB6E254052E81CFB00180A.jpg,,,,2024-12-04T23:59:59.999999999Z,PROSPECTUS,9,3,
22953,8411660670236,750.0,Sanytol,Desinfetante Multiusos,Embalagem de 750 ml,2.49,3.32,750,L,€/L,,,https://driveimg1.intermarche.com/pt/Content/images/boitmal/produit/zoom/1EEAA97664C33C6BEBEA4FA4B7290F03.jpg,,,,2024-12-04T23:59:59.999999999Z,PROSPECTUS,9,3,
40178,8412600028131,450.0,Bimbo,Pão massa mãe e cereais,Embalagem de 450g,2.09,4.64,0,kg,€/Kg,,,https://driveimg1.intermarche.com/pt/Content/images/boitmal/produit/zoom/A632C29DAAE26CB81A49960299474BF9.jpg,,,,2024-12-04T23:59:59.999999999Z,PROSPECTUS,9,3,
50405,8445290489173,900.0,Cerelac,Papa Infantil + 6 meses,Embalagem de 900g,6.29,6.99,0,kg,€/Kg,,,https://driveimg1.intermarche.com/pt/Content/images/boitmal/produit/zoom/0A70BA4758F3FECE6D5BDD328F2D5826.jpg,,,,2024-12-04T23:59:59.999999999Z,PROSPECTUS,9,3,
1117,5601066301404,500.0,Nacional,"Linguini, embalagem de 500g",,0.94,1.88,0,kg,€/Kg,,,https://driveimg1.intermarche.com/pt/Content/images/boitmal/produit/zoom/DF7C372AE0C2092F08F85EAC22BBC6EF.jpg,,,,2024-12-04T23:59:59.999999999Z,PROSPECTUS,9,3,
14854,2891117000000,2350.0,PorSi,Pato inteiro com miúdos,1 un = 2.250 kg (aprox.),9.35,3.98,0,,€/Kg,,,https://driveimg1.intermarche.com/pt/Content/images/boitmal/produit/zoom/8590712CC932B136925D5328AF850637.jpg,,,,2024-12-04T23:59:59.999999999Z,PROSPECTUS,9,3,
23524,5000204922851,750.0,Pato,"Líquido sanitário extra power, marinho, 750 ml",,1.69,2.25,750,L,€/L,,,https://driveimg1.intermarche.com/pt/Content/images/boitmal/produit/zoom/60268FF4016AF8FBA52DB6A9A88D181B.jpg,,,,2024-12-04T23:59:59.999999999Z,PROSPECTUS,9,3,
24412,8410436297660,1300.0,Sonasol,"Lava tudo aloe vera e flores brancas, 1,3l",,2.09,1.61,1300,L,€/L,,,https://driveimg1.intermarche.com/pt/Content/images/boitmal/produit/zoom/1CF7718543DB6BCDD620E4F3293279BF.jpg,,,,2024-12-04T23:59:59.999999999Z,PROSPECTUS,9,3,
29834,8712100516467,480.0,Olá,"Gelado cornetto mini clássico, embalagem de 8 x 60 ml",,3.89,8.1,480,L,€/L,,Tipo de stockagem,https://driveimg1.intermarche.com/pt/Content/images/boitmal/produit/zoom/966639A10CEAB2E0B5CACE51C203C362.jpg,,,,2024-12-04T23:59:59.999999999Z,PROSPECTUS,9,3,
44809,7613035593756,1000.0,Nesquik,"Achocolatado em saco, embalagem de 1 kg",,6.25,6.25,0,kg,€/Kg,,,https://driveimg1.intermarche.com/pt/Content/images/boitmal/produit/zoom/B72BED7B45B21CF0D0F77A499251A582.jpg,,,,2024-12-04T23:59:59.999999999Z,PROSPECTUS,9,3,
5093,5601050033755,620.0,Danone,"Iogurte activia líquido 0% morango/kiwi, embalagem de 4 x 155 g",,1.99,3.21,0,kg,€/Kg,,,https://driveimg1.intermarche.com/pt/Content/images/boitmal/produit/zoom/29B41AE598716D0550D815AA0FE86025.jpg,,,,2024-12-04T23:59:59.999999999Z,PROSPECTUS,9,3,
8521,5601119956810,120.0,Nobre,"Fiambre perna extra fatiado, embalagem de 120g",,1.99,16.58,0,kg,€/Kg,,,https://driveimg1.intermarche.com/pt/Content/images/boitmal/produit/zoom/B962872D940BF7EEEBDD095332A56017.jpg,,,,2024-12-04T23:59:59.999999999Z,PROSPECTUS,9,3,
9286,5603722492068,1000.0,Mimosa,"Leite especial crescimento +3 anos, de 1l",,1.49,1.49,1000,L,€/L,,,https://driveimg1.intermarche.com/pt/Content/images/boitmal/produit/zoom/725DD97507787FA3537E15C080262D77.jpg,https://driveimg1.intermarche.com/pt/Content/images/boitmal/produit/zoom/C1DA16AEB6305B1844421608D84E82EB.jpg,https://driveimg1.intermarche.com/pt/Content/images/boitmal/produit/zoom/5674CBEBA359C0E43414CBEAA69D8774.jpg,,2024-12-04T23:59:59.999999999Z,PROSPECTUS,9,3,
942,5601001324109,100.0,Nescafé,"Café solúvel gold, embalagem de 100g",,4.99,49.9,0,kg,€/Kg,,,https://driveimg1.intermarche.com/pt/Content/images/boitmal/produit/zoom/56AF775E1D437B4623D4E42AE4DAA827.jpg,,,,2024-12-04T23:59:59.999999999Z,PROSPECTUS,9,3,
14372,8712100599392,550.0,Calvé,"Ketchup top down, embalagem de 550g",,2.89,5.25,0,kg,€/Kg,,,https://driveimg1.intermarche.com/pt/Content/images/boitmal/produit/zoom/6D3218F33B22BC3205033BC41E176600.jpg,https://driveimg1.intermarche.com/pt/Content/images/boitmal/produit/zoom/FE7F103C359D2D1FD7BF3FDC8DD381BA.jpg,https://driveimg1.intermarche.com/pt/Content/images/boitmal/produit/zoom/FE7F103C359D2D1FD7BF3FDC8DD381BA.jpg,https://driveimg1.intermarche.com/pt/Content/images/boitmal/produit/zoom/FE7F103C359D2D1FD7BF3FDC8DD381BA.jpg,2024-12-04T23:59:59.999999999Z,PROSPECTUS,9,3,
14510,5411188116592,1000.0,Alpro,"Bebida coco, embalagem de 1l",,1.99,1.99,1000,L,€/L,,,https://driveimg1.intermarche.com/pt/Content/images/boitmal/produit/zoom/3169716B6C6ACB981FBF106D130524DA.jpg,,,,2024-12-04T23:59:59.999999999Z,PROSPECTUS,9,3,
20988,5601260593605,67.0,Cigala,"Noodle banzai galinha, embalagem de 70g",,1.09,16.27,0,kg,€/Kg,,,https://driveimg1.intermarche.com/pt/Content/images/boitmal/produit/zoom/71C67AA9B3CABECA513D8BECB737982E.jpg,,,,2024-12-04T23:59:59.999999999Z,PROSPECTUS,9,3,
25262,5000116112166,208.0,Capitão Iglo,"10 nuggets de frango, embalagem de 210g",,2.99,14.38,0,kg,€/Kg,,Tipo de stockagem,https://driveimg1.intermarche.com/pt/Content/images/boitmal/produit/zoom/CF1467DF1CD91C352F5C2C303E0557A7.jpg,,,,2024-12-04T23:59:59.999999999Z,PROSPECTUS,9,3,
282,0000080361497,85.0,Purina Gourmet,"Comida húmida para gato pedacinhos em molho com salmão, embalagem de 90g",,0.87,10.24,0,kg,€/Kg,,Tipo de stockagem,https://driveimg1.intermarche.com/pt/Content/images/boitmal/produit/zoom/F3269BDBEA9617D986C45DC8EC354AB3.jpg,,,,2024-12-04T23:59:59.999999999Z,PROSPECTUS,9,3,
44936,8711327318373,540.0,Olá,"Cornetto clássico, embalagem de 6 x 90 ml",,3.56,6.59,540,L,€/L,,Tipo de stockagem,https://driveimg1.intermarche.com/pt/Content/images/boitmal/produit/zoom/375352E817B7CDAB1DA63F9C8C8FF261.jpg,,,,2024-12-04T23:59:59.999999999Z,PROSPECTUS,9,3,
17665,8712100745591,754.0,Calvé,"Maionese top down, embalagem de 753 g",,3.69,4.89,0,kg,€/Kg,,,https://driveimg1.intermarche.com/pt/Content/images/boitmal/produit/zoom/C6F00A8AA4D7D21E56D34CFA61170423.jpg,,,,2024-12-04T23:59:59.999999999Z,PROSPECTUS,9,3,
19046,5000116110414,480.0,Capitão Iglo,"8 hamburguers sem glúten frango, embalagem de 480g",,7.99,16.65,0,kg,€/Kg,,Tipo de stockagem,https://driveimg1.intermarche.com/pt/Content/images/boitmal/produit/zoom/B74DC0C9C4A898B602612BD394B808F5.jpg,,,,2024-12-04T23:59:59.999999999Z,PROSPECTUS,9,3,
20528,5601176001263,750.0,Tellu's,Vinho doc douro branco,Garrafa de 750 ml,3.49,4.65,750,L,€/L,,,https://driveimg1.intermarche.com/pt/Content/images/boitmal/produit/zoom/185F791518F6D9DFD69DD3FDFC056939.jpg,,,,2024-12-04T23:59:59.999999999Z,PROSPECTUS,9,3,
2748,8410063044521,200.0,Pescanova,"Miolo de camarão cozido 40/60, 200 g",,5.99,29.95,0,kg,€/Kg,,Tipo de stockagem,https://driveimg1.intermarche.com/pt/Content/images/boitmal/produit/zoom/D50FF0C33F27025B364B2A0F02EC1F36.jpg,,,,2024-12-04T23:59:59.999999999Z,PROSPECTUS,9,3,
34456,5604260325726,330.0,PorSi,Salsicha fresca merguez,Embalagem de 330 g,5.29,16.03,0,kg,€/Kg,,,https://driveimg1.intermarche.com/pt/Content/images/boitmal/produit/zoom/5AF24CB9ECB0552B9DC2158D80B5D568.jpg,,,,2024-12-04T23:59:59.999999999Z,PROSPECTUS,9,3,
44252,5601019012890,210.0,Guloso,"Tomate frito, embalagem de 210g",,0.86,4.1,0,kg,€/Kg,,,https://driveimg1.intermarche.com/pt/Content/images/boitmal/produit/zoom/8B263589AC7E30970A012A4A83920952.jpg,,,,2024-12-04T23:59:59.999999999Z,PROSPECTUS,9,3,
9079,5601883000719,200.0,Nova Açores,"Queijo flamengo, fatias, embalagem de 200g",,2.09,10.45,0,kg,€/Kg,,,https://driveimg1.intermarche.com/pt/Content/images/boitmal/produit/zoom/52AF50A3353B95E784996AD8533A093F.jpg,,,,2024-12-04T23:59:59.999999999Z,PROSPECTUS,9,3,
940,5601001322402,20.0,Nescafé,"Café solúvel nescafé, embalagem de 20g",,1.19,59.5,0,kg,€/Kg,,,https://driveimg1.intermarche.com/pt/Content/images/boitmal/produit/zoom/BCEBB6129FC84253AC3E2D01F300F9A9.jpg,,,,2024-12-04T23:59:59.999999999Z,PROSPECTUS,9,3,
10056,8410036800468,750.0,Freixenet,"Espumante cava bruto, reserva, garrafa de 750 ml",,7.99,10.65,750,L,€/L,,,https://driveimg1.intermarche.com/pt/Content/images/boitmal/produit/zoom/96EFA695B1C4201910FA2011BCE09AEA.jpg,,,,2024-12-24T23:59:59.999999999Z,PROSPECTUS,9,3,
1118,5601066301428,500.0,Nacional,"Esparguete fino, embalagem de 500g",,0.94,1.88,0,kg,€/Kg,,,https://driveimg1.intermarche.com/pt/Content/images/boitmal/produit/zoom/67F0D19883C839DBA45E58C8EE2EE72B.jpg,,,,2024-12-04T23:59:59.999999999Z,PROSPECTUS,9,3,
15955,7613032408794,85.0,Purina Gourmet,"Comida húmida para gato peixe do oceano, embalagem de 90g",,0.87,10.24,0,kg,€/Kg,,,https://driveimg1.intermarche.com/pt/Content/images/boitmal/produit/zoom/FEEA8DEA9BB460BB34BF8E0ADF22D62F.jpg,,,,2024-12-04T23:59:59.999999999Z,PROSPECTUS,9,3,
24411,8410436297752,1300.0,Sonasol,"Lava tudo rosas e jasmim, 1,3l",,2.09,1.61,1300,L,€/L,,,https://driveimg1.intermarche.com/pt/Content/images/boitmal/produit/zoom/A8DAC5F038BB6C2FB23FB3C7F35CC590.jpg,,,,2024-12-04T23:59:59.999999999Z,PROSPECTUS,9,3,
26177,5603722514470,1000.0,Matinal,"Leite seleccionado leve, de 1l",,1.05,1.05,1000,L,€/L,,,https://driveimg1.intermarche.com/pt/Content/images/boitmal/produit/zoom/3414EC19C8611CE7E0D99781254117D1.jpg,,,,2024-12-04T23:59:59.999999999Z,PROSPECTUS,9,3,
12237,7613034725936,390.0,Nesquik,"Achocolatado em pó extra chocolate, embalagem de 390g",,4.75,12.18,0,kg,€/Kg,,,https://driveimg1.intermarche.com/pt/Content/images/boitmal/produit/zoom/353302D99749C8164ECF43D711820BAA.jpg,,,,2024-12-04T23:59:59.999999999Z,PROSPECTUS,9,3,
12471,8435257040868,640.0,Nestlé,"Iogurte líquido yoggi morango/banana, embalagem de 4 x 160g",,1.99,3.11,0,kg,€/Kg,,,https://driveimg1.intermarche.com/pt/Content/images/boitmal/produit/zoom/E92C48D7A1A5BA67322D0E6250F5BAFF.jpg,,,,2024-12-04T23:59:59.999999999Z,PROSPECTUS,9,3,
1331,5601165006255,259.0,Calvé,"Molho de alho, embalagem de 260g",,1.94,7.49,0,kg,€/Kg,,,https://driveimg1.intermarche.com/pt/Content/images/boitmal/produit/zoom/250292652676F63A9916D46B501BCEC4.jpg,https://driveimg1.intermarche.com/pt/Content/images/boitmal/produit/zoom/5F13F0DF96776682A865C5AC21E8DB42.jpg,https://driveimg1.intermarche.com/pt/Content/images/boitmal/produit/zoom/5F13F0DF96776682A865C5AC21E8DB42.jpg,https://driveimg1.intermarche.com/pt/Content/images/boitmal/produit/zoom/5F13F0DF96776682A865C5AC21E8DB42.jpg,2024-12-04T23:59:59.999999999Z,PROSPECTUS,9,3,https://driveimg1.intermarche.com/pt/Content/images/boitmal/produit/zoom/5F13F0DF96776682A865C5AC21E8DB42.jpg
1466,5601286235770,250.0,Milaneza,"Massa cuscus, embalagem de 250g",,0.57,2.28,0,kg,€/Kg,,,https://driveimg1.intermarche.com/pt/Content/images/boitmal/produit/zoom/606493A56C3149C89E86FD71CB1A6172.jpg,,,,2024-12-04T23:59:59.999999999Z,PROSPECTUS,9,3,
46518,5000204208856,750.0,Pato,"Líquido sanitário ação total menta, 750 ml",,1.94,2.59,750,L,€/L,,,https://driveimg1.intermarche.com/pt/Content/images/boitmal/produit/zoom/8D02BC7C70B0CBFEDA11FE724DDAAE84.jpg,,,,2024-12-04T23:59:59.999999999Z,PROSPECTUS,9,3,
883,5410041143508,100.0,Tuc,"Bolachas aperitivas, bacon, embalagem de 100g",,0.99,9.9,0,kg,€/Kg,,,https://driveimg1.intermarche.com/pt/Content/images/boitmal/produit/zoom/B095F5D2E9406AF6F3665FBD23416490.jpg,,,,2024-12-04T23:59:59.999999999Z,PROSPECTUS,9,3,
941,5601001322808,100.0,Nescafé,"Café solúvel, embalagem de 100g",,3.19,31.9,0,kg,€/Kg,,,https://driveimg1.intermarche.com/pt/Content/images/boitmal/produit/zoom/B063757FB22F6A33CD1F9CE6C13974A8.jpg,,,,2024-12-04T23:59:59.999999999Z,PROSPECTUS,9,3,
10666,8714789700472,360.0,Palmolive,"Sabonete leite & mel, 4x90 g",,3.59,9.97,0,kg,€/Kg,,,https://driveimg1.intermarche.com/pt/Content/images/boitmal/produit/zoom/5054B5E09BC173AD5DB7C185375CA910.jpg,,,,2024-12-04T23:59:59.999999999Z,PROSPECTUS,9,3,
14508,5411188115496,1000.0,Alpro,"Bebida de soja sem acucar 1l, embalagem de 1l",,1.99,1.99,1000,L,€/L,,,https://driveimg1.intermarche.com/pt/Content/images/boitmal/produit/zoom/08FB7DF3E9A91E663DF63A6991F64B9B.jpg,,,,2024-12-04T23:59:59.999999999Z,PROSPECTUS,9,3,
20621,5601260591601,67.0,Cigala,"Noodles de caril banzai, 70g",,1.09,16.27,0,kg,€/Kg,,,https://driveimg1.intermarche.com/pt/Content/images/boitmal/produit/zoom/37D3A056B1CD5DC7680C3B2D265F5035.jpg,,,,2024-12-04T23:59:59.999999999Z,PROSPECTUS,9,3,
23267,2895081000000,250.0,Queijaria das Pousadas,Queijo Curado Amanteigado,Vendido ao peso a partir de 250 g,2.47,9.89,0,,€/Kg,,,https://driveimg1.intermarche.com/pt/Content/images/boitmal/produit/zoom/31299D2048E391B35B5AA2780F6966F4.jpg,,,,2024-12-04T23:59:59.999999999Z,PROSPECTUS,9,3,
30181,5607238032107,345.0,Casa de Mateus,"Geleia de morango, embalagem de 345g",,2.99,8.67,0,kg,€/Kg,,,https://driveimg1.intermarche.com/pt/Content/images/boitmal/produit/zoom/B386B3AED2791B1ABC3F8E529297B645.jpg,,,,2024-12-04T23:59:59.999999999Z,PROSPECTUS,9,3,
33090,5411188112709,1000.0,Alpro,"Bebida amêndoa torrada sem açúcar, embalagem de 1litro",,1.99,1.99,1000,L,€/L,,,https://driveimg1.intermarche.com/pt/Content/images/boitmal/produit/zoom/66C6488BDB769AFC2D2A2697199C34D6.jpg,,,,2024-12-04T23:59:59.999999999Z,PROSPECTUS,9,3,
38417,5411188124689,1000.0,Alpro,"Bebida aveia sem açúcar, embalagem de 1l",,1.99,1.99,1000,L,€/L,,,https://driveimg1.intermarche.com/pt/Content/images/boitmal/produit/zoom/242D83F75D71A1E8390A9D4AC652F0B9.jpg,,,,2024-12-04T23:59:59.999999999Z,PROSPECTUS,9,3,
43520,8411300478116,400.0,Elvive,Champô argila cabelos normais,Embalagem com 400ml,3.99,9.98,400,L,€/L,,,https://driveimg1.intermarche.com/pt/Content/images/boitmal/produit/zoom/638A557615C1C43E87F50B5AF3FB796E.jpg,,,,2024-12-04T23:59:59.999999999Z,PROSPECTUS,9,3,
4716,5000204593242,72.0,Pato,Discos Sanitários Activos Recarga Lima,Embalagem de 2x36 ml,3.49,48.47,72,L,€/L,,,https://driveimg1.intermarche.com/pt/Content/images/boitmal/produit/zoom/6E8BEEF9B9E1E763C6D9B6E49B0D85F6.jpg,,,,2024-12-04T23:59:59.999999999Z,PROSPECTUS,9,3,
50378,7613031300655,375.0,Nestlé,"Cereais Nestlé Multicheerios, 375g",,3.74,9.97,0,kg,€/Kg,,,https://driveimg1.intermarche.com/pt/Content/images/boitmal/produit/zoom/8274ECF7D20252BA262D6F0987D5E737.jpg,,,,2024-12-04T23:59:59.999999999Z,PROSPECTUS,9,3,
10639,8712566395514,61.0,Knorr,"Sopa gourmet, cogumelos, embalagem de 60g",,1.99,32.62,0,kg,€/Kg,,,https://driveimg1.intermarche.com/pt/Content/images/boitmal/produit/zoom/37AB5E4154A122936DBF40F8E46CCD3D.jpg,,,,2024-12-04T23:59:59.999999999Z,PROSPECTUS,9,3,
1337,5601165100786,50.0,Calvé,"Piri piri, 50 ml",,1.68,33.6,50,L,€/L,,,https://driveimg1.intermarche.com/pt/Content/images/boitmal/produit/zoom/4F951154E7DFDEA3712D693426B6D96C.jpg,,,,2024-12-04T23:59:59.999999999Z,PROSPECTUS,9,3,
16693,5601066400916,120.0,Nacional,"Bolacha chocomax mini, embalagem de 120g",,1.04,8.67,0,kg,€/Kg,,,https://driveimg1.intermarche.com/pt/Content/images/boitmal/produit/zoom/3DB56A546076CEE7A0263616FFAC5173.jpg,,,,2024-12-04T23:59:59.999999999Z,PROSPECTUS,9,3,
16706,5601260592608,67.0,Cigala,"Noodle banzai carne, embalagem de 70g",,1.09,16.27,0,kg,€/Kg,,,https://driveimg1.intermarche.com/pt/Content/images/boitmal/produit/zoom/82737AEBE736E2B8511494BB15EEB657.jpg,,,,2024-12-04T23:59:59.999999999Z,PROSPECTUS,9,3,
18351,8410320029971,80.0,Campofrio,"Salsichão fatiado, embalagem de 80g",,1.59,19.88,0,kg,€/Kg,,,https://driveimg1.intermarche.com/pt/Content/images/boitmal/produit/zoom/C191CA814FABA5218D4DFA0D00F6C92A.jpg,,,,2024-12-04T23:59:59.999999999Z,PROSPECTUS,9,3,
25906,8412600071144,650.0,Bimbo,"Pão de forma especial torradas s/ côdea, 650g",,2.09,3.22,0,kg,€/Kg,,,https://driveimg1.intermarche.com/pt/Content/images/boitmal/produit/zoom/4F48B1F91D04E92346A1FF1EEEE9277E.jpg,,,,2024-12-04T23:59:59.999999999Z,PROSPECTUS,9,3,
30165,8410436320573,1100.0,Sonasol,Lava Tudo Brilhante Eucalipto,"embalagem 1,1L",2.79,2.54,1100,L,€/L,,,https://driveimg1.intermarche.com/pt/Content/images/boitmal/produit/zoom/1D59B5FEAE0C00D87C9E61FEE70A9A3D.jpg,,,,2024-12-04T23:59:59.999999999Z,PROSPECTUS,9,3,
47648,5601119355378,120.0,Nobre,"Fiambre perna extra braseado finissimas, embalagem de 120g",,1.99,16.58,0,kg,€/Kg,,,https://driveimg1.intermarche.com/pt/Content/images/boitmal/produit/zoom/A268D38DBDCD3538A067D252174C096B.jpg,,,,2024-12-04T23:59:59.999999999Z,PROSPECTUS,9,3,
51177,8410436440455,,Persil,Detergente máquina roupa sabão azul e branco,76 doses,9.99,9.99,0,,€/Unidade,,,https://driveimg1.intermarche.com/pt/Content/images/boitmal/produit/zoom/5E50EB12EEC3E6015B903038248E68ED.jpg,,,,2024-12-04T23:59:59.999999999Z,PROSPECTUS,9,3,
6475,8410436242264,1100.0,Sonasol,"Lava Tudo Brilhante Madeira, embalagem 1,1l",,2.79,2.54,1100,L,€/L,,,https://driveimg1.intermarche.com/pt/Content/images/boitmal/produit/zoom/253E2DA4BDA6D34BDD85D7C760DD7434.jpg,,,,2024-12-04T23:59:59.999999999Z,PROSPECTUS,9,3,
10091,8410100059839,360.0,Nestlé,"Queijinho petit nesquik, embalagem de 6 x 60g",,2.79,7.75,0,kg,€/Kg,,,https://driveimg1.intermarche.com/pt/Content/images/boitmal/produit/zoom/88B248C453A669F7E350B1DDEC2F3C33.jpg,,,,2024-12-04T23:59:59.999999999Z,PROSPECTUS,9,3,
16505,8001010085454,280.0,Ponti,"Tomate seco, embalagem de 280g",,2.44,8.71,0,kg,€/Kg,,,https://driveimg1.intermarche.com/pt/Content/images/boitmal/produit/zoom/2298F19E576B3259C716C3773AA1D96D.jpg,,,,2024-12-04T23:59:59.999999999Z,PROSPECTUS,9,3,
25706,8411660670229,750.0,Sanytol,Desinfetante p/ WC,Embalagem de 750 ml,2.49,3.32,750,L,€/L,,,https://driveimg1.intermarche.com/pt/Content/images/boitmal/produit/zoom/D105B4A8ECD800E2D1E3546D9AD3B145.jpg,,,,2024-12-04T23:59:59.999999999Z,PROSPECTUS,9,3,
27891,3600523586387,400.0,Elvive,Champô Reconstrutor Dream Long,Embalagem de 400 ml,3.99,9.98,400,L,€/L,,,https://driveimg1.intermarche.com/pt/Content/images/boitmal/produit/zoom/F40EB01B8603C8C6E60C4732FA3B4049.jpg,,,,2024-12-04T23:59:59.999999999Z,PROSPECTUS,9,3,
33127,8001010033721,135.0,Ponti,"Molho pesto ponti, 135 g",,2.25,16.67,0,kg,€/Kg,,,https://driveimg1.intermarche.com/pt/Content/images/boitmal/produit/zoom/1A053A6A674F62936E57477C3620A6B1.jpg,,,,2024-12-04T23:59:59.999999999Z,PROSPECTUS,9,3,
37989,8410063071206,1000.0,Pescanova,"Tiras do mar, embalagem de 1 kg",,7.49,7.49,0,kg,€/Kg,,Tipo de stockagem,https://driveimg1.intermarche.com/pt/Content/images/boitmal/produit/zoom/05601F6E04A5D43B974FEF47AA3F0757.jpg,,,,2024-12-04T23:59:59.999999999Z,PROSPECTUS,9,3,
38418,5411188125808,400.0,Alpro,"Yofu soja e manga sem açúcar adicionado, de 400g",,2.54,6.35,0,kg,€/Kg,,,https://driveimg1.intermarche.com/pt/Content/images/boitmal/produit/zoom/3BB622CE7FCFFFFBE1BDE445F2F172B5.jpg,,,,2024-12-04T23:59:59.999999999Z,PROSPECTUS,9,3,
38555,5601019012807,500.0,Guloso,"Polpa de tomate com manjericão e oregãos, 500 g",,1.49,2.98,0,kg,€/Kg,,,https://driveimg1.intermarche.com/pt/Content/images/boitmal/produit/zoom/DD3F790AD3540766E8551E7402E008AE.jpg,,,,2024-12-04T23:59:59.999999999Z,PROSPECTUS,9,3,
391,8712566173648,69.0,Knorr,"Sopa de cozido, 70g",,1.6,23.19,0,kg,€/Kg,,,https://driveimg1.intermarche.com/pt/Content/images/boitmal/produit/zoom/0C584B5CFBC96172D2290B0DB00EB0B4.jpg,,,,2024-12-04T23:59:59.999999999Z,PROSPECTUS,9,3,
4236,3600521519479,400.0,Elvive,Champô color-vive,Embalagem de 400 ml,3.99,9.98,400,L,€/L,,,https://driveimg1.intermarche.com/pt/Content/images/boitmal/produit/zoom/B741E6BD8D506F6AF7B6C5B1B3D10A5F.jpg,,,,2024-12-04T23:59:59.999999999Z,PROSPECTUS,9,3,
44879,5000116125890,200.0,Iglo green,"Hambúrguer vegeta green cuisine, 200g",,2.99,14.95,0,kg,€/Kg,,Tipo de stockagem,https://driveimg1.intermarche.com/pt/Content/images/boitmal/produit/zoom/2E4B1ABB32FFC5A5E253B3D530CE9F99.jpg,,,,2024-12-04T23:59:59.999999999Z,PROSPECTUS,9,3,
45363,3041091718037,380.0,Blédina,"Frutapura pera, embalagem de 4 x 95g",,2.24,5.89,0,kg,€/Kg,,,https://driveimg1.intermarche.com/pt/Content/images/boitmal/produit/zoom/3A77A742FA18AC3DAAFD652771DE00E8.jpg,,,,2024-12-04T23:59:59.999999999Z,PROSPECTUS,9,3,
12146,5604260272785,750.0,Selecção de Enófilos,Espumoso moscato,"Garrafa de 0,75 l",3.39,4.52,750,L,€/L,,,https://driveimg1.intermarche.com/pt/Content/images/boitmal/produit/zoom/0A0A98BE17ADBF48ECEC0D2D97B4EA6E.jpg,,,,2024-12-24T23:59:59.999999999Z,PROSPECTUS,9,3,
15889,5000116112180,208.0,Capitão Iglo,"10 nuggets de frango com cereais integrais, embalagem de 208 g",,2.99,14.38,0,kg,€/Kg,,Tipo de stockagem,https://driveimg1.intermarche.com/pt/Content/images/boitmal/produit/zoom/A3B56B43D7DCCFA80725BB4E8335CE2C.jpg,,,,2024-12-04T23:59:59.999999999Z,PROSPECTUS,9,3,
15952,7613032918729,3000.0,Friskies,Ração para gato adulto de interior,Embalagem de 3 kg,8.74,2.91,0,kg,€/Kg,,,https://driveimg1.intermarche.com/pt/Content/images/boitmal/produit/zoom/750597FE3D8CEBBA8D73F587B10AA8B2.jpg,,,,2024-12-04T23:59:59.999999999Z,PROSPECTUS,9,3,
16714,5601319049251,400.0,Ferbar,"Marmelada, embalagem de 400g",,1.69,4.23,0,kg,€/Kg,,,https://driveimg1.intermarche.com/pt/Content/images/boitmal/produit/zoom/107A78167D3C3F5F7E86E454AB18B7F4.jpg,,,,2024-12-04T23:59:59.999999999Z,PROSPECTUS,9,3,
17115,5000116110155,640.0,Capitão Iglo,8 hamburguers s/ glúten vaca,Embalagem de 640g,7.99,12.48,0,kg,€/Kg,,Tipo de stockagem,https://driveimg1.intermarche.com/pt/Content/images/boitmal/produit/zoom/6FAFE9FC4DDEB6CE7DCD2D721BE41E81.jpg,,,,2024-12-04T23:59:59.999999999Z,PROSPECTUS,9,3,
18535,5601066400947,180.0,Nacional,"Bolacha shortcake chocolate, embalagem de 180g",,1.24,6.89,0,kg,€/Kg,,,https://driveimg1.intermarche.com/pt/Content/images/boitmal/produit/zoom/CBFE7AF5F924BE5497638A69DF62503A.jpg,,,,2024-12-04T23:59:59.999999999Z,PROSPECTUS,9,3,
25186,8001090370587,,Evax,Pensos higiénicos liberty super abas,Embalagem com 10 un.,2.46,2.46,0,,€/Unidade,,,https://driveimg1.intermarche.com/pt/Content/images/boitmal/produit/zoom/29E811F3421C099051A56CC6A37FBA28.jpg,,,,2024-12-04T23:59:59.999999999Z,PROSPECTUS,9,3,
2672,8410000002904,130.0,Chips Ahoy!,Bolachas chips ahoy,Embalagem de 130g,1.59,12.23,0,kg,€/Kg,,,https://driveimg1.intermarche.com/pt/Content/images/boitmal/produit/zoom/BD589AC15D17690FDC8560DC4300A108.jpg,,,,2024-12-04T23:59:59.999999999Z,PROSPECTUS,9,3,
283,0000080393313,85.0,Purina Gourmet,"Comida húmida para gato mousse com peixe do oceano, embalagem de 90g",,0.87,10.24,0,kg,€/Kg,,Tipo de stockagem,https://driveimg1.intermarche.com/pt/Content/images/boitmal/produit/zoom/1C1FA938089F82A59F34DAEE218383B9.jpg,,,,2024-12-04T23:59:59.999999999Z,PROSPECTUS,9,3,
3642,3059943009080,250.0,Air Wick,"Ambientador recarga lavanda, de 250 ml",,3.59,14.36,250,L,€/L,,,https://driveimg1.intermarche.com/pt/Content/images/boitmal/produit/zoom/1B5D8D27BED08EFB10F243DEB281D401.jpg,,,,2024-12-04T23:59:59.999999999Z,PROSPECTUS,9,3,
392,8712566173860,68.0,Knorr,"Canja com aletria, embalagem de 70g",,1.6,23.53,0,kg,€/Kg,,,https://driveimg1.intermarche.com/pt/Content/images/boitmal/produit/zoom/0FDE190C3180267DE92D355FE905E718.jpg,,,,2024-12-04T23:59:59.999999999Z,PROSPECTUS,9,3,
393,8712566173945,72.0,Knorr,"Creme marisco, embalagem de 70g",,1.6,22.22,0,kg,€/Kg,,,https://driveimg1.intermarche.com/pt/Content/images/boitmal/produit/zoom/42380F997942E9C34D4500FD929708AF.jpg,,,,2024-12-04T23:59:59.999999999Z,PROSPECTUS,9,3,
4322,3600540623911,50.0,Narta,"Desodorizante Roll'On Invisivel, 50 ml",,2.69,53.8,50,L,€/L,,,https://driveimg1.intermarche.com/pt/Content/images/boitmal/produit/zoom/7B358F90E8AB938D60B2A3E4BFA91BD4.jpg,,,,2024-12-04T23:59:59.999999999Z,PROSPECTUS,9,3,
43267,5607233552624,400.0,Panrico,"Pão de forma 100% farinha de centeio, 400g",,1.99,4.98,0,kg,€/Kg,,,https://driveimg1.intermarche.com/pt/Content/images/boitmal/produit/zoom/D9431B3977ECC1068CCABC331A85A32A.jpg,,,,2024-12-04T23:59:59.999999999Z,PROSPECTUS,9,3,
47145,5601008201120,200.0,Vieira,"Sortido princesa, embalagem de 200g",,2.04,10.2,0,kg,€/Kg,,,https://driveimg1.intermarche.com/pt/Content/images/boitmal/produit/zoom/C6A3ABED1C8504402615C3B1B3027054.jpg,,,,2024-12-04T23:59:59.999999999Z,PROSPECTUS,9,3,
51314,5601066200745,800.0,Nacional,"Farinha de aveia integral, 800g",,1.49,1.86,0,kg,€/Kg,,,https://driveimg1.intermarche.com/pt/Content/images/boitmal/produit/zoom/235C10960E97294CC4CDC7A584513052.jpg,,,,2024-12-04T23:59:59.999999999Z,PROSPECTUS,9,3,
52848,8410063094564,1000.0,Pescanova,"Nuggets pescada sem glúten, 1 kg",,7.49,7.49,0,kg,€/Kg,,Tipo de stockagem,https://driveimg1.intermarche.com/pt/Content/images/boitmal/produit/zoom/5276D77CD9BBF475970EE1C857741542.jpg,https://driveimg1.intermarche.com/pt/Content/images/boitmal/produit/zoom/16DCF1CA65B81C53FF13A02B354ADA88.jpg,https://driveimg1.intermarche.com/pt/Content/images/boitmal/produit/zoom/16DCF1CA65B81C53FF13A02B354ADA88.jpg,https://driveimg1.intermarche.com/pt/Content/images/boitmal/produit/zoom/16DCF1CA65B81C53FF13A02B354ADA88.jpg,2024-12-04T23:59:59.999999999Z,PROSPECTUS,9,3,
53800,8410436435574,2250.0,Xtra,Detergente Máquina Roupa Líquido Gel Total Color,Embalagem de 50 Doses,7.99,3.55,2250,L,€/L,,,https://driveimg1.intermarche.com/pt/Content/images/boitmal/produit/zoom/30CEE8C3BD131DB605A11F7B0975AB0B.jpg,https://driveimg1.intermarche.com/pt/Content/images/boitmal/produit/zoom/4E596594043A409630F2B3B70BA9B24B.jpg,https://driveimg1.intermarche.com/pt/Content/images/boitmal/produit/zoom/4E596594043A409630F2B3B70BA9B24B.jpg,,2024-12-04T23:59:59.999999999Z,PROSPECTUS,9,3,
544,3228881083326,30.0,Lipton,"20 saquetas chá noite tranquila, embalagem de 30g",,2.09,69.67,0,kg,€/Kg,,,https://driveimg1.intermarche.com/pt/Content/images/boitmal/produit/zoom/918429936BF1A7F518EA4E4A9580CA69.jpg,,,,2024-12-04T23:59:59.999999999Z,PROSPECTUS,9,3,
8435,5601050033953,620.0,Danone,"Iogurte activia líquido 0% de pêssego/maracujá, embalagem de 4 x 155g",,1.99,3.21,0,kg,€/Kg,,,https://driveimg1.intermarche.com/pt/Content/images/boitmal/produit/zoom/8F87711D2EAC77ED611C3C3EAE26545D.jpg,,,,2024-12-04T23:59:59.999999999Z,PROSPECTUS,9,3,
8457,5601066600118,375.0,Nacional,"Cereais corn flakes zero, embalagem de 375 g",,1.94,5.17,0,kg,€/Kg,,,https://driveimg1.intermarche.com/pt/Content/images/boitmal/produit/zoom/96E528B06E3C6DB5A90CC133A280FDF2.jpg,,,,2024-12-04T23:59:59.999999999Z,PROSPECTUS,9,3,
11405,5411188104971,500.0,Alpro,"Yofu de soja natural, de 4x125 g",,2.54,5.08,0,kg,€/Kg,,,https://driveimg1.intermarche.com/pt/Content/images/boitmal/produit/zoom/F1F1BA1F02C9951A72D939766BAFAE6F.jpg,,,,2024-12-04T23:59:59.999999999Z,PROSPECTUS,9,3,
15800,7613035078369,125.0,Nescafé,"Cappuccino intenso, embalagem de 130g",,2.69,21.52,0,kg,€/Kg,,,https://driveimg1.intermarche.com/pt/Content/images/boitmal/produit/zoom/61DADA7427797DA3A992DAC69018853B.jpg,,,,2024-12-04T23:59:59.999999999Z,PROSPECTUS,9,3,
2450,7310390855160,36.0,Lipton,"20 saquetas chá de limão, embalagem de 40g",,1.89,52.5,0,kg,€/Kg,,,https://driveimg1.intermarche.com/pt/Content/images/boitmal/produit/zoom/51745D26E08C95483DBCF029C7666E54.jpg,,,,2024-12-04T23:59:59.999999999Z,PROSPECTUS,9,3,
2492,7613032881399,85.0,Purina Gourmet,"Comida húmida para gato terrine com frango, 85g",,0.87,10.24,0,kg,€/Kg,,,https://driveimg1.intermarche.com/pt/Content/images/boitmal/produit/zoom/E8CAF868A9763EC78E3DCB07BB2B7709.jpg,,,,2024-12-04T23:59:59.999999999Z,PROSPECTUS,9,3,
2500,7613033129025,250.0,Cerelac,"Papa infantil não láctea bolacha maria +6 meses, de 250g",,2.39,9.56,0,kg,€/Kg,,,https://driveimg1.intermarche.com/pt/Content/images/boitmal/produit/zoom/86F8E21230827C4A87CCDAA9CDA276AE.jpg,,,,2024-12-04T23:59:59.999999999Z,PROSPECTUS,9,3,
29355,8718951202795,500.0,Palmolive,"Gel de banho natural leite oliva, 500 ml",,2.65,5.3,500,L,€/L,,,https://driveimg1.intermarche.com/pt/Content/images/boitmal/produit/zoom/2257B865CA98C1B1D0FBBF003E4636F9.jpg,,,,2024-12-04T23:59:59.999999999Z,PROSPECTUS,9,4,
30182,5607238032091,345.0,Casa de Mateus,"Geleia de marmelo, 345 g",,2.99,8.67,0,kg,€/Kg,,,https://driveimg1.intermarche.com/pt/Content/images/boitmal/produit/zoom/3E020618FB9E5056C876AC01A4BE7AA3.jpg,,,,2024-12-04T23:59:59.999999999Z,PROSPECTUS,9,4,
34367,8410022000063,188.0,Donuts,4 donuts bombom,Embalagem de 188 g,2.19,11.65,0,kg,€/Kg,,,https://driveimg1.intermarche.com/pt/Content/images/boitmal/produit/zoom/9D86969F758F8A1A1667EB164F055159.jpg,,,,2024-12-04T23:59:59.999999999Z,PROSPECTUS,9,4,
36655,8410436343404,500.0,Sonasol,Spray casa de banho brilhante,Embalagem de 500 ml,1.99,3.98,500,L,€/L,,,https://driveimg1.intermarche.com/pt/Content/images/boitmal/produit/zoom/74C5950FE2E809CF8D1EA09C76858123.jpg,,,,2024-12-04T23:59:59.999999999Z,PROSPECTUS,9,4,
372,8711200532391,260.0,Calvé,"Molho big burguer, embalagem de 260g",,1.94,7.46,0,kg,€/Kg,,,https://driveimg1.intermarche.com/pt/Content/images/boitmal/produit/zoom/274182EF6D0EFA8A84998CA913A7016C.jpg,https://driveimg1.intermarche.com/pt/Content/images/boitmal/produit/zoom/122719564EBC4BB4D52F039A6C0EDAF1.jpg,,,2024-12-04T23:59:59.999999999Z,PROSPECTUS,9,4,
37990,8410063036175,1000.0,Pescanova,"Caprichos do mar sem glúten, embalagem de 1 kg",,6.39,6.39,0,kg,€/Kg,,Tipo de stockagem,https://driveimg1.intermarche.com/pt/Content/images/boitmal/produit/zoom/6895ADBC20BAA64ABF1A75EDB160FACB.jpg,,,,2024-12-04T23:59:59.999999999Z,PROSPECTUS,9,4,
388,8712566156115,71.0,Knorr,"Sopa de rabo de boi, 70g",,1.6,22.54,0,kg,€/Kg,,,https://driveimg1.intermarche.com/pt/Content/images/boitmal/produit/zoom/3A7D2F019E799AC69E8329E3FE5B92BA.jpg,,,,2024-12-04T23:59:59.999999999Z,PROSPECTUS,9,4,
41311,5601019012876,390.0,Guloso,"Tomate em pedaços com cebola e alho, embalagem de 390g",,1.79,4.59,0,kg,€/Kg,,,https://driveimg1.intermarche.com/pt/Content/images/boitmal/produit/zoom/E883E3A022F1A84703A576D4774FF229.jpg,,,,2024-12-04T23:59:59.999999999Z,PROSPECTUS,9,4,
43119,5411188121374,250.0,Alpro,"Creme soja cozinha, 250 ml",,1.39,5.56,250,L,€/L,,,https://driveimg1.intermarche.com/pt/Content/images/boitmal/produit/zoom/596BD7E2601FA9A818BD571593FBC40F.jpg,,,,2024-12-04T23:59:59.999999999Z,PROSPECTUS,9,4,
432,8722700084952,63.0,Knorr,"Sopa de legumes, embalagem de 60g",,1.6,25.4,0,kg,€/Kg,,,https://driveimg1.intermarche.com/pt/Content/images/boitmal/produit/zoom/874C4966DB2E96C857BCF940779F5791.jpg,,,,2024-12-04T23:59:59.999999999Z,PROSPECTUS,9,4,
4323,3600540623959,50.0,Narta,Desodorizante Roll'On Bio Eficácia,Embalagem de 50 ml,2.69,53.8,50,L,€/L,,Produtos Bio,https://driveimg1.intermarche.com/pt/Content/images/boitmal/produit/zoom/DD8AA7994F81DF8B6C1997FC0ED10C60.jpg,,,,2024-12-04T23:59:59.999999999Z,PROSPECTUS,9,4,
43780,5900020036988,300.0,Nestlé,"Cereais de aveia cheerios, embalagem de 300g",,2.99,9.97,0,kg,€/Kg,,,https://driveimg1.intermarche.com/pt/Content/images/boitmal/produit/zoom/3CA38EDA05B7EB510885558D8C7C8029.jpg,,,,2024-12-04T23:59:59.999999999Z,PROSPECTUS,9,4,
44736,5601119354296,220.0,Nobre,"Fiambre da perna extra fatias finas, embalagem de 220g",,3.29,14.95,0,kg,€/Kg,,,https://driveimg1.intermarche.com/pt/Content/images/boitmal/produit/zoom/4A56BA492C24F9CA3A987E9B4C367F7A.jpg,,,,2024-12-04T23:59:59.999999999Z,PROSPECTUS,9,4,
49819,5603722517327,600.0,Matinal,"Leite seleccionado leve, pack 3 x 200 ml",,1.43,2.38,600,L,€/L,,,https://driveimg1.intermarche.com/pt/Content/images/boitmal/produit/zoom/4E1E39519082067F8E10CE178A1C4928.jpg,,,,2024-12-04T23:59:59.999999999Z,PROSPECTUS,9,4,
50402,8412600018897,400.0,Bimbo,"Pão Bakery Integral, 400 g",,2.09,5.23,0,kg,€/Kg,,,https://driveimg1.intermarche.com/pt/Content/images/boitmal/produit/zoom/78C348E387912367C5B2F91D8DA1408D.jpg,,,,2024-12-04T23:59:59.999999999Z,PROSPECTUS,9,4,
5136,5601077122012,750.0,Velhotes,"Vinho do porto branco, garrafa de 0,75 l",,5.49,7.32,750,L,€/L,,,https://driveimg1.intermarche.com/pt/Content/images/boitmal/produit/zoom/97071FF72A588EB9C21E2DCCFEDE4E31.jpg,,,,2024-12-04T23:59:59.999999999Z,PROSPECTUS,9,4,
52882,8719200267923,1000.0,Planta,"Creme vegetal de barrar com sabor a manteiga, 1 kg",,4.99,4.99,0,kg,€/Kg,,,https://driveimg1.intermarche.com/pt/Content/images/boitmal/produit/zoom/7FA2022C1B0ECE643B6D5766E124CAA0.jpg,https://driveimg1.intermarche.com/pt/Content/images/boitmal/produit/zoom/CA359583CDC4B85860A9620A14431005.jpg,https://driveimg1.intermarche.com/pt/Content/images/boitmal/produit/zoom/CA359583CDC4B85860A9620A14431005.jpg,https://driveimg1.intermarche.com/pt/Content/images/boitmal/produit/zoom/CA359583CDC4B85860A9620A14431005.jpg,2024-12-04T23:59:59.999999999Z,PROSPECTUS,9,4,
962,5601019012517,210.0,Guloso,"Passata de manjericão/oregãos, embalagem de 210g",,0.74,3.52,0,kg,€/Kg,,,https://driveimg1.intermarche.com/pt/Content/images/boitmal/produit/zoom/FB183AA35B0A4E7518DB0F29131C2068.jpg,,,,2024-12-04T23:59:59.999999999Z,PROSPECTUS,9,4,
14373,7613034584236,100.0,Nescafé,"Café solúvel creme, embalagem de 100g",,3.19,31.9,0,kg,€/Kg,,,https://driveimg1.intermarche.com/pt/Content/images/boitmal/produit/zoom/48199761533FB8DB6A796A993ABA4535.jpg,,,,2024-12-04T23:59:59.999999999Z,PROSPECTUS,9,4,
1464,5601286233776,250.0,Milaneza,"Massa de bagos, embalagem de 250g",,0.57,2.28,0,kg,€/Kg,,,https://driveimg1.intermarche.com/pt/Content/images/boitmal/produit/zoom/539D153DE9C377CF57F947CAA1EB45EB.jpg,,,,2024-12-04T23:59:59.999999999Z,PROSPECTUS,9,4,
1693,5603344681017,40.0,General,Filete de anchovas estendidas,Embalagem de 40g,1.64,41.0,0,kg,€/Kg,,,https://driveimg1.intermarche.com/pt/Content/images/boitmal/produit/zoom/06C9DE88EC4B1F1E75839FBBD4E50942.jpg,,,,2024-12-04T23:59:59.999999999Z,PROSPECTUS,9,4,
22955,3045200760009,500.0,Sanytol,"Desinfetante para Roupa, 500ml",,2.64,5.28,500,L,€/L,,,https://driveimg1.intermarche.com/pt/Content/images/boitmal/produit/zoom/932FDF72A4293CF6B46E5DCF125CBB20.jpg,,,,2024-12-04T23:59:59.999999999Z,PROSPECTUS,9,4,
30566,5601066401005,180.0,Nacional,"Bolachas my cookies xl com pepitas de chocolate de leite, 180g",,1.94,10.78,0,kg,€/Kg,,,https://driveimg1.intermarche.com/pt/Content/images/boitmal/produit/zoom/1E1488DFFD8ECC63E1BA6182AB6CEE60.jpg,,,,2024-12-04T23:59:59.999999999Z,PROSPECTUS,9,4,
30721,5601883270013,150.0,Nova Açores,"Queijo da ilha fatiado, embalagem de 150g",,1.79,11.93,0,kg,€/Kg,,,https://driveimg1.intermarche.com/pt/Content/images/boitmal/produit/zoom/40CA9125AF84B5E9D880FDC49E57282C.jpg,,,,2024-12-04T23:59:59.999999999Z,PROSPECTUS,9,4,
33391,7613036525893,250.0,Pensal,"Farinha com cacau, embalagem de 250g",,1.94,7.76,0,kg,€/Kg,,,https://driveimg1.intermarche.com/pt/Content/images/boitmal/produit/zoom/68797A6078949F0AB61C8E5E40A31566.jpg,,,,2024-12-04T23:59:59.999999999Z,PROSPECTUS,9,4,
34328,5603344291018,120.0,General,Bacalhau com grão,Embalagem de 120g,1.85,15.42,0,kg,€/Kg,,,https://driveimg1.intermarche.com/pt/Content/images/boitmal/produit/zoom/3CE63A7FB770BD16863F1AA0D2B1E6B2.jpg,,,,2024-12-04T23:59:59.999999999Z,PROSPECTUS,9,4,
34727,5602711107501,500.0,Rar,"Açúcar mascavado escuro, 500g",,1.79,3.58,0,kg,€/Kg,,,https://driveimg1.intermarche.com/pt/Content/images/boitmal/produit/zoom/7154C53ECA4BF60DD7497538DEEB7C55.jpg,,,,2024-12-04T23:59:59.999999999Z,PROSPECTUS,9,4,
35450,8410436339490,1250.0,Sonasol,"Gel desinfetante com lixívia, 1.25 litros",,1.99,1.59,1250,L,€/L,,,https://driveimg1.intermarche.com/pt/Content/images/boitmal/produit/zoom/D5D4007A538B643E67B5F57A88715643.jpg,,,,2024-12-04T23:59:59.999999999Z,PROSPECTUS,9,4,
37987,5601809011539,550.0,Riberalves,Lombos de bacalhau 4 meses de cura,Embalagem de 550 g,12.99,23.62,0,kg,€/Kg,,Tipo de stockagem,https://driveimg1.intermarche.com/pt/Content/images/boitmal/produit/zoom/9C6DE71E12945881D3F9808E35022C27.jpg,,,,2024-12-04T23:59:59.999999999Z,PROSPECTUS,9,4,
38291,8410436343527,1100.0,Sonasol,"Lava Tudo Desinfetante, embalagem 1,1l",,2.79,2.54,1100,L,€/L,,,https://driveimg1.intermarche.com/pt/Content/images/boitmal/produit/zoom/3BCE9789D68C09F6CE19611FDEABB947.jpg,,,,2024-12-04T23:59:59.999999999Z,PROSPECTUS,9,4,
41265,5411188122074,750.0,Alpro,Bebida soja chocolate light 3x250ml,,2.49,3.32,750,L,€/L,,,https://driveimg1.intermarche.com/pt/Content/images/boitmal/produit/zoom/CEEDD503270174A375D0D679D73C4678.jpg,,,,2024-12-04T23:59:59.999999999Z,PROSPECTUS,9,4,
42782,2696841000000,500.0,Pastelaria,Cheesecake frutos vermelhos,500 g,7.99,15.98,0,kg,€/Kg,,,https://driveimg1.intermarche.com/pt/Content/images/boitmal/produit/zoom/36D3F0C4312DF34B527E768275C37216.jpg,,,,2024-12-04T23:59:59.999999999Z,PROSPECTUS,9,4,
44755,8720182022042,350.0,Calvé,"Manteiga amendoim cremosa, embalagem de 350g",,2.39,6.83,0,kg,€/Kg,,,https://driveimg1.intermarche.com/pt/Content/images/boitmal/produit/zoom/233BB6D8E8CEE88ED461BD6951C97E8A.jpg,,,,2024-12-04T23:59:59.999999999Z,PROSPECTUS,9,4,
44789,5603722514791,480.0,Mimosa,"Iogurte sólido sem lactose multifrutos, 4 x 125 g",,1.89,3.94,0,kg,€/Kg,,,https://driveimg1.intermarche.com/pt/Content/images/boitmal/produit/zoom/2AC20BA3667C7910E5060DF3546007E4.jpg,,,,2024-12-04T23:59:59.999999999Z,PROSPECTUS,9,4,
44903,5601066200325,1000.0,Nacional,"Farinha preparada pão caseiro, 1kg",,1.94,1.94,0,kg,€/Kg,,,https://driveimg1.intermarche.com/pt/Content/images/boitmal/produit/zoom/4D17517C7C018E28AA2A4618CB765EB3.jpg,,,,2024-12-04T23:59:59.999999999Z,PROSPECTUS,9,4,
45362,3041091718020,380.0,Bledina,"Frutapura maçã e pera, embalagem de 4 x 95g",,2.24,5.89,0,kg,€/Kg,,,https://driveimg1.intermarche.com/pt/Content/images/boitmal/produit/zoom/B7F4106EFF27F3EE9B88FB6BF516905C.jpg,,,,2024-12-04T23:59:59.999999999Z,PROSPECTUS,9,4,
46517,5000204208917,750.0,Pato,"Líquido sanitário ação total pinho, 750 ml",,1.94,2.59,750,L,€/L,,,https://driveimg1.intermarche.com/pt/Content/images/boitmal/produit/zoom/08C17A1F547C898E2E6E9CBB3441BB2A.jpg,,,,2024-12-04T23:59:59.999999999Z,PROSPECTUS,9,4,
46814,8410036807887,750.0,Freixenet,"Blanc de blancs, garrafa de 750 ml",,5.99,7.99,750,L,€/L,,,https://driveimg1.intermarche.com/pt/Content/images/boitmal/produit/zoom/8443921EA647B3A561B8E54CBA9F0C34.jpg,,,,2024-12-24T23:59:59.999999999Z,PROSPECTUS,9,4,
4715,5000204593198,72.0,Pato,Discos Sanitários Activos Recarga Marinho,Embalagem de 2x36 ml,3.49,48.47,72,L,€/L,,,https://driveimg1.intermarche.com/pt/Content/images/boitmal/produit/zoom/CCC21E7CD2CBE6B4EF157DF845CFFD44.jpg,,,,2024-12-04T23:59:59.999999999Z,PROSPECTUS,9,4,
53234,5603722522963,215.0,Matinal,"Queijo fresco proteína, 215g",,1.99,9.26,0,kg,€/Kg,,,https://driveimg1.intermarche.com/pt/Content/images/boitmal/produit/zoom/586770B49D2E6FFE45B77BD9F04D3FB9.jpg,https://driveimg1.intermarche.com/pt/Content/images/boitmal/produit/zoom/9912C016802A3BBD03C8EA17AE2A4CDF.jpg,https://driveimg1.intermarche.com/pt/Content/images/boitmal/produit/zoom/9912C016802A3BBD03C8EA17AE2A4CDF.jpg,,2024-12-04T23:59:59.999999999Z,PROSPECTUS,9,4,
53262,8711327597761,360.0,Cornetto,"Gelado filipinos, 4 x 90ml",,3.89,10.81,360,L,€/L,,Tipo de stockagem,https://driveimg1.intermarche.com/pt/Content/images/boitmal/produit/zoom/187A9562E86FFB8D917A1C414ECC4EB3.jpg,https://driveimg1.intermarche.com/pt/Content/images/boitmal/produit/zoom/B06A234868C6C8C0E9F6DD974D43ACB2.jpg,https://driveimg1.intermarche.com/pt/Content/images/boitmal/produit/zoom/B06A234868C6C8C0E9F6DD974D43ACB2.jpg,,2024-12-04T23:59:59.999999999Z,PROSPECTUS,9,4,
9059,5601752080026,750.0,Favaios,"Moscatel favaios, garrafa de 750 ml",,4.99,6.65,750,L,€/L,,,https://driveimg1.intermarche.com/pt/Content/images/boitmal/produit/zoom/263E5B4B63284ABF86B8A3C99564569D.jpg,,,,2024-12-24T23:59:59.999999999Z,PROSPECTUS,9,4,
9380,5604260031184,750.0,Selecção de Enófilos,Moscatel de setúbal,"Garrafa de 0,75 l",3.59,4.79,750,L,€/L,,,https://driveimg1.intermarche.com/pt/Content/images/boitmal/produit/zoom/C3CF1E1979EAA1A2C8B45420EF98FD9B.jpg,,,,2024-12-24T23:59:59.999999999Z,PROSPECTUS,9,4,
9809,5608527000418,750.0,Dona Ermelinda,"Vinho doc palmela branco, garrafa de 750 ml",,3.99,5.32,750,L,€/L,,,https://driveimg1.intermarche.com/pt/Content/images/boitmal/produit/zoom/1FDDF041D96430B5D392DF60F29C95A2.jpg,,,,2024-12-04T23:59:59.999999999Z,PROSPECTUS,9,4,
9860,5998749117774,60.0,Catisfactions,"Snack para gato, embalagem de 60g",,1.69,28.17,0,kg,€/Kg,,,https://driveimg1.intermarche.com/pt/Content/images/boitmal/produit/zoom/8101203972BAF1C5864106047DC8064A.jpg,,,,2024-12-04T23:59:59.999999999Z,PROSPECTUS,9,4,
10057,8410036800512,750.0,Freixenet,"Espumante cava meio seco reserva, garrafa de 750 ml",,6.99,9.32,750,L,€/L,,,https://driveimg1.intermarche.com/pt/Content/images/boitmal/produit/zoom/595A72B091587557F63E6DF8F5C0E8F8.jpg,,,,2024-12-24T23:59:59.999999999Z,PROSPECTUS,9,4,
1102,5601066200080,1000.0,Nacional,"Farinha rainha com fermento, embalagem de 1000g",,1.21,1.21,0,kg,€/Kg,,,https://driveimg1.intermarche.com/pt/Content/images/boitmal/produit/zoom/1F46A8407AE2757268DF4DF863DF2CF4.jpg,,,,2024-12-04T23:59:59.999999999Z,PROSPECTUS,9,4,
14722,8410063045917,800.0,Pescanova,"Camarão vannamei 24/40, embalagem de 800g",,9.99,12.49,0,kg,€/Kg,,Tipo de stockagem,https://driveimg1.intermarche.com/pt/Content/images/boitmal/produit/zoom/CE44DDFA8734C0276A1512F05FB6C21A.jpg,,,,2024-12-04T23:59:59.999999999Z,PROSPECTUS,9,4,
15481,5601448105521,750.0,Felgueiras,"Vinho verde, garrafa de 0.75 l",,1.99,2.65,750,L,€/L,,,https://driveimg1.intermarche.com/pt/Content/images/boitmal/produit/zoom/3C275D1EE2E3C2E37862D80386142F81.jpg,,,,2024-12-04T23:59:59.999999999Z,PROSPECTUS,9,4,
16407,7622210352224,31.0,Royal,"Gelatina ananás 10kcal, embalagem de 30g",,1.55,50.0,0,kg,€/Kg,,,https://driveimg1.intermarche.com/pt/Content/images/boitmal/produit/zoom/0A257042CE178F542C5467E8BB39BB12.jpg,,,,2024-12-04T23:59:59.999999999Z,PROSPECTUS,9,4,
16564,5060166690427,500.0,Monster,"Bebida energética ripper, garrafa de 500 ml",,1.39,2.78,500,L,€/L,,,https://driveimg1.intermarche.com/pt/Content/images/boitmal/produit/zoom/30BFC467DE1C5DC85D6B74BBA978CBE5.jpg,,,,2024-12-04T23:59:59.999999999Z,PROSPECTUS,9,4,
16565,5060166690380,500.0,Monster,"Bebida energética green, de 500 ml",,1.39,2.78,500,L,€/L,,,https://driveimg1.intermarche.com/pt/Content/images/boitmal/produit/zoom/0007D6DA22B3DA6620347D4A495B2B12.jpg,,,,2024-12-04T23:59:59.999999999Z,PROSPECTUS,9,4,
1684,5602711107495,500.0,Rar,"Açúcar mascavado claro, embalagem de 500g",,1.79,3.58,0,kg,€/Kg,,,https://driveimg1.intermarche.com/pt/Content/images/boitmal/produit/zoom/399202B3EC363C102FC9F508496AC3C9.jpg,,,,2024-12-04T23:59:59.999999999Z,PROSPECTUS,9,4,
17969,8410104156695,,Air Wick,Recarga ambientador elétrico delícias de verão,,3.59,3.59,1,,€/Unidade,,,https://driveimg1.intermarche.com/pt/Content/images/boitmal/produit/zoom/6FDA4F526BE600B71E3CC2981419E972.jpg,,,,2024-12-04T23:59:59.999999999Z,PROSPECTUS,9,4,
21373,2895039000000,100.0,Queijaria de Celorico,Queijo Flamengo Bola,Vendido ao peso a partir de 100 g,0.99,9.89,0,,€/Kg,,,https://driveimg1.intermarche.com/pt/Content/images/boitmal/produit/zoom/8194600BA03A0D029CAEBA91D40CFAD9.jpg,,,,2024-12-04T23:59:59.999999999Z,PROSPECTUS,9,4,
