identifier,produitEan13,capacite,marque,libelle,conditionnement,prix,unitPrice,volume,typeProduit_uniteByCode,unit_value,pictogrammes_0,pictogrammes_libelleCategorie,images_0,images_1,images_2,avantages_dateFin,avantages_categorie,nro_paginas,page,images_3,images_4,images_5
1677,5602711001311,1000.0,Rar,Açúcar granulado embalado em papel,Embalagem de 1 kg,1.59,1.59,0,kg,€/Kg,,,https://driveimg1.intermarche.com/pt/Content/images/boitmal/produit/zoom/F8294E745C95C50AD875621A802EA691.jpg,,,2024-10-04T23:59:59.999999999+01:00,PROSPECTUS,13,1,,,
3526,2894034000000,150.0,Nobre,Fiambre da Perna Extra,1 un = 150 gr (aprox.),1.5,9.99,0,,€/Kg,,,https://driveimg1.intermarche.com/pt/Content/images/boitmal/produit/zoom/557B46964D51EA0529BF496E616F76D8.jpg,,,2024-10-09T23:59:59.999999999+01:00,PROSPECTUS,13,1,,,
8383,5601049132995,1000.0,Mimosa,Leite uht meio gordo,Embalagem de 1 litro,0.84,0.84,1000,L,€/L,,,https://driveimg1.intermarche.com/pt/Content/images/boitmal/produit/zoom/30AE72C16512D7F6E9C8B5E7CBD4B0A2.jpg,https://driveimg1.intermarche.com/pt/Content/images/boitmal/produit/zoom/AE810093A08CEBD60415DCC626CF5804.jpg,https://driveimg1.intermarche.com/pt/Content/images/boitmal/produit/zoom/A0562293538F541B1B99592AA046327B.jpg,2024-10-09T23:59:59.999999999+01:00,PROSPECTUS,13,1,,,
11656,5601195510128,1000.0,Pedras Salgadas,Água com gás limão,pack 4 x 0.25 l,1.99,1.99,1000,L,€/L,,,https://driveimg1.intermarche.com/pt/Content/images/boitmal/produit/zoom/9870F7D10B9ED7376F5917B0306BAC76.jpg,,,2024-10-09T23:59:59.999999999+01:00,PROSPECTUS,13,1,,,
13866,2891048000000,1000.0,Porco,Bifanas,Vendido ao peso a partir de 1 kg,3.99,3.99,0,,€/Kg,,,https://driveimg1.intermarche.com/pt/Content/images/boitmal/produit/zoom/C9E276B082B119EFEDC2A2B0E1BC737E.jpg,,,2024-10-09T23:59:59.999999999+01:00,PROSPECTUS,13,1,,,
26047,8412600070994,650.0,Bimbo,Pão de forma s/ côdea,Embalagem de 650 g,2.09,3.22,0,kg,€/Kg,,,https://driveimg1.intermarche.com/pt/Content/images/boitmal/produit/zoom/998967574B383CCF8D49F03316F06108.jpg,,,2024-10-09T23:59:59.999999999+01:00,PROSPECTUS,13,1,,,
7240,3073780902366,120.0,Babybel,Queijo mini,Embalagem de 6x20 g ,1.99,16.58,0,kg,€/Kg,,,https://driveimg1.intermarche.com/pt/Content/images/boitmal/produit/zoom/C2AEB33307B3FB83CB9A7C96FA47EBE6.jpg,,,2024-10-09T23:59:59.999999999+01:00,PROSPECTUS,13,1,,,
12978,2892462000000,400.0,Legumes,Alface Frisada,1 un= 400 g (aprox.),0.4,0.99,0,,€/Kg,,,https://driveimg1.intermarche.com/pt/Content/images/boitmal/produit/zoom/14C8DBD7827DB992F77D5C5056950123.jpg,,,2024-10-09T23:59:59.999999999+01:00,PROSPECTUS,13,1,,,
10094,8435257040776,640.0,Nestlé,"Iogurte líquido yoggi banana,  4 x 160 g",,1.99,3.11,0,kg,€/Kg,,,https://driveimg1.intermarche.com/pt/Content/images/boitmal/produit/zoom/7A1039A34E2D3851553F65DFE7093FB2.jpg,,,2024-10-09T23:59:59.999999999+01:00,PROSPECTUS,13,1,,,
26471,5603722510946,200.0,Gresso,Leite com Chocolate,Pack 4X200ml,1.29,6.45,200,L,€/L,,,https://driveimg1.intermarche.com/pt/Content/images/boitmal/produit/zoom/0108FCBB6D228E5EC4619AC8345D099C.jpg,,,2024-10-09T23:59:59.999999999+01:00,PROSPECTUS,13,1,,,
20477,8714789876801,650.0,Palmolive,Gel Banho Coco,Embalagem de 650 ml,3.29,5.06,650,L,€/L,,,https://driveimg1.intermarche.com/pt/Content/images/boitmal/produit/zoom/C841EAB15BFBC711E7703D2FB84F7757.jpg,,,2024-10-04T23:59:59.999999999+01:00,PROSPECTUS,13,1,,,
18628,5601028002707,,Renova,Rolo de Cozinha Multi,4 Rolos,1.49,1.49,0,,€/Unidade,,,https://driveimg1.intermarche.com/pt/Content/images/boitmal/produit/zoom/EC28E7C70040AEF56E88826756B8374D.jpg,,,2024-10-04T23:59:59.999999999+01:00,PROSPECTUS,13,1,,,
6060,5608527000555,5000.0,Dom Campos,"Vinho tinto regional, península de setúbal, bag-in-box",Garrafa de 5 l,6.99,1.4,5000,L,€/L,,,https://driveimg1.intermarche.com/pt/Content/images/boitmal/produit/zoom/8C6AEEFD235AD20A4E170288F9E5A8D8.jpg,,,2024-10-09T23:59:59.999999999+01:00,PROSPECTUS,13,1,,,
32326,8002205352009,2000.0,Friskies,Ração para gato adulto com salmão e legumes,Embalagem de 2 kg,6.74,3.37,0,kg,€/Kg,,,https://driveimg1.intermarche.com/pt/Content/images/boitmal/produit/zoom/5A66DCF50E18EB50FA1AC8028C8508C6.jpg,,,2024-10-04T23:59:59.999999999+01:00,PROSPECTUS,13,1,,,
927,5601001180903,380.0,Nestlé,Cereais chocapic,Embalagem de 375 g,2.29,6.03,0,kg,€/Kg,,,https://driveimg1.intermarche.com/pt/Content/images/boitmal/produit/zoom/6DE0110672BED70DCD1FFE94A66DEB48.jpg,,,2024-10-04T23:59:59.999999999+01:00,PROSPECTUS,13,1,,,
22335,5000116110940,420.0,Capitão Iglo,15 douradinhos,Embalagem de 420g,4.99,11.88,0,kg,€/Kg,,Tipo de stockagem,https://driveimg1.intermarche.com/pt/Content/images/boitmal/produit/zoom/A875E63BB10AF2CF300666B64DC69107.jpg,,,2024-10-09T23:59:59.999999999+01:00,PROSPECTUS,13,1,,,
28507,8006540618752,,Dodot,Fralda Cueca Extra T6 | +14 kg,Embalagem c/ 48 un.,13.49,13.49,0,,€/Unidade,,,https://driveimg1.intermarche.com/pt/Content/images/boitmal/produit/zoom/0E81716B09BE4333C336DFF322751365.jpg,,,2024-10-04T23:59:59.999999999+01:00,PROSPECTUS,13,1,,,
24838,5601164903722,7500.0,Super Bock,Cerveja Mini,Pack 30 X 0.25 L,12.89,1.72,7500,L,€/L,,,https://driveimg1.intermarche.com/pt/Content/images/boitmal/produit/zoom/21F823289804B326F67E5D90563F901B.jpg,,,2024-10-04T23:59:59.999999999+01:00,PROSPECTUS,13,1,,,
13914,2891225000000,350.0,Frango,Perna com Costa,1 un. = 300 g (aprox.),1.04,2.98,0,,€/Kg,,,https://driveimg1.intermarche.com/pt/Content/images/boitmal/produit/zoom/89930EDC34D301922B922A95CF09456D.jpg,,,2024-10-09T23:59:59.999999999+01:00,PROSPECTUS,13,1,,,
30168,2696660000000,80.0,Padaria,Cacetinho de Trigo,80 g,0.21,2.63,0,kg,€/Kg,,,https://driveimg1.intermarche.com/pt/Content/images/boitmal/produit/zoom/061A32F66C5467484869F7F4ECEA0767.jpg,,,2024-10-09T23:59:59.999999999+01:00,PROSPECTUS,13,1,,,
13595,2893590000000,300.0,Peixaria,Pescada Pequena da Argentina Congelada,1 un= 1kg (aprox.),1.05,3.49,0,,€/Kg,,Avantages !,https://driveimg1.intermarche.com/pt/Content/images/boitmal/produit/zoom/55D0840C54B4509E0B02B8F93D8A0E14.jpg,,,2024-10-09T23:59:59.999999999+01:00,PROSPECTUS,13,1,,,
12994,2892524000000,100.0,Legumes,Cenoura Granel,1 un = 100 gr (aprox.),0.09,0.85,0,,€/Kg,,,https://driveimg1.intermarche.com/pt/Content/images/boitmal/produit/zoom/6427FE21A79FA79A1E8CC03E5F3B3703.jpg,,,2024-10-09T23:59:59.999999999+01:00,PROSPECTUS,13,1,,,
50405,8445290489173,900.0,Cerelac,Papa Infantil + 6 meses,Embalagem de 900g,6.29,6.99,0,kg,€/Kg,,,https://driveimg1.intermarche.com/pt/Content/images/boitmal/produit/zoom/AC49BEE482A5844CB7C28462BEA4C70C.jpg,,,2024-10-04T23:59:59.999999999+01:00,PROSPECTUS,13,1,,,
35753,8001841240640,270.0,Pantene,Creme para pentear caracóis,270 ml,5.99,22.19,270,L,€/L,,,https://driveimg1.intermarche.com/pt/Content/images/boitmal/produit/zoom/574B3E314AF635DCDB9A6448E3C017C1.jpg,,,2024-10-09T23:59:59.999999999+01:00,PROSPECTUS,13,1,,,
24410,8710908859502,750.0,Cif,Spray power&shine multiusos c/ lixívia,Garrafa de 750 ml,2.69,3.59,750,L,€/L,,,https://driveimg1.intermarche.com/pt/Content/images/boitmal/produit/zoom/BC1FC8E39B43E72D32F4657C6D001534.jpg,,,2024-10-04T23:59:59.999999999+01:00,PROSPECTUS,13,1,,,
20031,5602947000058,750.0,Quinta da Pacheca,Vinho branco doc douro,Garrafa de 750 ml,5.49,7.32,750,L,€/L,,,https://driveimg1.intermarche.com/pt/Content/images/boitmal/produit/zoom/BF4562BC60F0B3B22AC72FF5E3B14F02.jpg,,,2024-10-09T23:59:59.999999999+01:00,PROSPECTUS,13,1,,,
477,3010470159051,2000.0,Friskies,"Ração para gato adulto com coelho, frango e legumes",Embalagem de 2kg,6.74,3.37,0,kg,€/Kg,,,https://driveimg1.intermarche.com/pt/Content/images/boitmal/produit/zoom/2B3FF876EA273999E91E87B3A45EA82A.jpg,,,2024-10-04T23:59:59.999999999+01:00,PROSPECTUS,13,1,,,
40464,5604260300815,120.0,PorSi,Atum posta em óleo vegetal,Embalagem de 120g,0.93,7.75,0,kg,€/Kg,,,https://driveimg1.intermarche.com/pt/Content/images/boitmal/produit/zoom/173B9FE9B4C2B9F9F15A0D5B1DBEDB60.jpg,,,2024-10-04T23:59:59.999999999+01:00,PROSPECTUS,13,1,,,
7126,2895005000000,100.0,PorSi,Queijo flamengo barra,"Vendido ao peso, fatiado a partir de 100 gr",0.7,6.99,0,,€/Kg,,,https://driveimg1.intermarche.com/pt/Content/images/boitmal/produit/zoom/16C1EB46F4F37242994168D0C6EEE2EA.jpg,https://driveimg1.intermarche.com/pt/Content/images/boitmal/produit/zoom/429C8DD5EB6268845AF5C452EB2A1C3C.jpg,,2024-10-04T23:59:59.999999999+01:00,PROSPECTUS,13,1,,,
14921,2892534000000,400.0,Legumes,Couve Bróculo,Vendido ao peso,1.2,2.99,0,,€/Kg,,,https://driveimg1.intermarche.com/pt/Content/images/boitmal/produit/zoom/4F48873F332B6ECE759CD88793270811.jpg,,,2024-10-09T23:59:59.999999999+01:00,PROSPECTUS,13,1,,,
2309,5604260271801,2000.0,PorSi,Refrigerante de cola zero,Garrafa de 2 l,0.79,0.4,2000,L,€/L,,,https://driveimg1.intermarche.com/pt/Content/images/boitmal/produit/zoom/F81DE832EC9948EA24FFE06A8CDD7EE9.jpg,,,2024-10-04T23:59:59.999999999+01:00,PROSPECTUS,13,1,,,
9691,5604260270613,500.0,PorSi,Queijo Flamengo Fatias,Embalagem 500G,3.99,7.98,0,kg,€/Kg,,,https://driveimg1.intermarche.com/pt/Content/images/boitmal/produit/zoom/FFFF236BFADF54D62A4E0EFB7AF0E7B7.jpg,,,2024-10-04T23:59:59.999999999+01:00,PROSPECTUS,13,1,,,
13781,2892323000000,250.0,Fruta,Uva Red Globe,1 un = 250 gr  (aprox.),0.62,2.49,0,,€/Kg,,,https://driveimg1.intermarche.com/pt/Content/images/boitmal/produit/zoom/1F39C2CDDA1731E30D604B1031CF2B02.jpg,,,2024-10-09T23:59:59.999999999+01:00,PROSPECTUS,13,1,,,
13865,2891042000000,1000.0,Porco,Costeletas do Cachaço,Vendido ao peso a partir de 1 kg,4.98,4.98,0,,€/Kg,,,https://driveimg1.intermarche.com/pt/Content/images/boitmal/produit/zoom/9CC30521C194F3CF0E71F32C6E004880.jpg,,,2024-10-09T23:59:59.999999999+01:00,PROSPECTUS,13,1,,,
2312,5604260271832,355.0,PorSi,Cogumelos laminados 1/2,Embalagem de 355 g,1.19,3.35,0,kg,€/Kg,,,https://driveimg1.intermarche.com/pt/Content/images/boitmal/produit/zoom/60708037644026A27C2FB6731A0DAB33.jpg,,,2024-10-04T23:59:59.999999999+01:00,PROSPECTUS,13,1,,,
11967,5601049612336,250.0,Mimosa,Manteiga c/ sal,Embalagem de 250g,1.99,7.96,0,kg,€/Kg,,,https://driveimg1.intermarche.com/pt/Content/images/boitmal/produit/zoom/C41D77380AC10A8E184B8D4C3C381772.jpg,https://driveimg1.intermarche.com/pt/Content/images/boitmal/produit/zoom/B59AE74FD0DBE6C3112F001AFF69E867.jpg,https://driveimg1.intermarche.com/pt/Content/images/boitmal/produit/zoom/BB9196C3025886DBB6F20EDD70A1CA7A.jpg,2024-10-09T23:59:59.999999999+01:00,PROSPECTUS,13,1,,,
12889,2892175000000,150.0,Fruta,Kiwi categoria II,1 un = 150 gr (aprox.),0.52,3.49,0,,€/Kg,,,https://driveimg1.intermarche.com/pt/Content/images/boitmal/produit/zoom/8ECB4A8CBEF9251912188D64C7413AB3.jpg,,,2024-10-09T23:59:59.999999999+01:00,PROSPECTUS,13,1,,,
13821,2892597000000,200.0,Legumes,Tomate Cacho,1 un = 200 gr (aprox.),0.3,1.49,0,,€/Kg,,,https://driveimg1.intermarche.com/pt/Content/images/boitmal/produit/zoom/3B66EF6541266EDFA27BC4541501843F.jpg,,,2024-10-09T23:59:59.999999999+01:00,PROSPECTUS,13,1,,,
14223,5604260292721,100.0,PorSi,Tablete chocolate de leite,embalagem de 100 g,1.29,12.9,0,kg,€/Kg,,,https://driveimg1.intermarche.com/pt/Content/images/boitmal/produit/zoom/E23ABA87C72BA66273585754CBCFF134.jpg,,,2024-10-04T23:59:59.999999999+01:00,PROSPECTUS,13,1,,,
41716,5604260303809,90.0,PorSi,Saqueta de puré de fruta | maçã + pêssego + banana + pera,90 g,0.74,8.22,0,kg,€/Kg,,,https://driveimg1.intermarche.com/pt/Content/images/boitmal/produit/zoom/BA821088BC22D810D2198777A3EC5FCD.jpg,,,2024-10-04T23:59:59.999999999+01:00,PROSPECTUS,13,1,,,
46715,5604260318759,,PorSi,Papel higiénico branco folha quadrupla,12 rolos,5.03,5.03,0,,€/Unidade,,,https://driveimg1.intermarche.com/pt/Content/images/boitmal/produit/zoom/078F78E1A23E8150050FA2F61B744BD8.jpg,,,2024-10-04T23:59:59.999999999+01:00,PROSPECTUS,13,1,,,
929,5601001187803,630.0,Nestlé,Cereais chocapic,Embalagem de 630g,3.49,5.54,0,kg,€/Kg,,,https://driveimg1.intermarche.com/pt/Content/images/boitmal/produit/zoom/24F5DB132F7E18A7786689AD5CB8DB19.jpg,,,2024-10-09T23:59:59.999999999+01:00,PROSPECTUS,13,1,,,
9727,5604260273058,200.0,PorSi,Queijo mozzarella ralado,Embalagem de 200 g,1.57,7.85,0,kg,€/Kg,,,https://driveimg1.intermarche.com/pt/Content/images/boitmal/produit/zoom/06A41E6C952C21A7856951F2F972349C.jpg,,,2024-10-04T23:59:59.999999999+01:00,PROSPECTUS,13,1,,,
973,5601024105020,1000.0,Fula,Óleo alimentar,Embalagem 1L,2.02,2.02,1000,L,€/L,,,https://driveimg1.intermarche.com/pt/Content/images/boitmal/produit/zoom/82D3E88293E42CC5B178C569AA9B57E6.jpg,,,2024-10-04T23:59:59.999999999+01:00,PROSPECTUS,13,1,,,
1188,5601119007970,200.0,Nobre,Salsichas de porco,Lata de 200g,1.39,6.95,0,kg,€/Kg,,,https://driveimg1.intermarche.com/pt/Content/images/boitmal/produit/zoom/01CF2549C0E08C23060DD310D0C9B5DD.jpg,,,2024-10-09T23:59:59.999999999+01:00,PROSPECTUS,13,1,,,
13897,2891053000000,1000.0,Porco,Lombo sem Osso,Vendido ao peso a partir de 1 kg,4.99,4.99,0,,€/Kg,,,https://driveimg1.intermarche.com/pt/Content/images/boitmal/produit/zoom/415564DA70574ED3C1D7475F1F28BDB6.jpg,,,2024-10-09T23:59:59.999999999+01:00,PROSPECTUS,13,1,,,
17272,2891375000000,800.0,Novilho,Carne p/ Estufar,Vendido ao peso a partir de 800 g,6.79,8.49,0,,€/Kg,,,https://driveimg1.intermarche.com/pt/Content/images/boitmal/produit/zoom/74A9E71258207F3FD300DB35B0F5BB18.jpg,,,2024-10-09T23:59:59.999999999+01:00,PROSPECTUS,13,1,,,
40769,5604260301942,300.0,PorSi,Comida húmida para cão,Embalagem de 300 g,0.75,2.5,0,kg,€/Kg,,,https://driveimg1.intermarche.com/pt/Content/images/boitmal/produit/zoom/D90B7AD78A8FE4F93D83927A0C609BE3.jpg,,,2024-10-04T23:59:59.999999999+01:00,PROSPECTUS,13,1,,,
41129,5604260303762,200.0,PorSi,8 salsichas aves,Embalagem de 200 g,1.09,5.45,0,kg,€/Kg,,,https://driveimg1.intermarche.com/pt/Content/images/boitmal/produit/zoom/B0DF7D5316DF865B4DCE8F58163C3E81.jpg,,,2024-10-04T23:59:59.999999999+01:00,PROSPECTUS,13,1,,,
41621,5604260303625,5000.0,PorSi,Areia para gatos 100% natural,Embalagem de 5 kg,1.29,0.26,0,kg,€/Kg,,,https://driveimg1.intermarche.com/pt/Content/images/boitmal/produit/zoom/D31760E94B21E9196509712F2DC20BF5.jpg,,,2024-10-04T23:59:59.999999999+01:00,PROSPECTUS,13,1,,,
41719,5604260303793,90.0,PorSi,Saqueta de puré de fruta | maçã + banana,90 g,0.74,8.22,0,kg,€/Kg,,,https://driveimg1.intermarche.com/pt/Content/images/boitmal/produit/zoom/917C5C6898063E49F7861F32B2346FD5.jpg,,,2024-10-04T23:59:59.999999999+01:00,PROSPECTUS,13,1,,,
1114,5601066300780,500.0,Nacional,Massa de macarrão riscado,Embalagem de 500g,0.89,1.78,0,kg,€/Kg,,,https://driveimg1.intermarche.com/pt/Content/images/boitmal/produit/zoom/4E586B0F43C13026DBE291FFB6AC87A9.jpg,,,2024-10-09T23:59:59.999999999+01:00,PROSPECTUS,13,1,,,
1120,5601066301718,500.0,Nacional,Massa de espirais,Embalagem de 500g,0.89,1.78,0,kg,€/Kg,,,https://driveimg1.intermarche.com/pt/Content/images/boitmal/produit/zoom/53CA28E35AF8AD40FCE8516799A2B51B.jpg,,,2024-10-09T23:59:59.999999999+01:00,PROSPECTUS,13,1,,,
1164,5601089080621,20.0,Boca Doce,Pudim de chocolate,Embalagem de 20g,0.47,23.5,0,kg,€/Kg,,,https://driveimg1.intermarche.com/pt/Content/images/boitmal/produit/zoom/B89ECCAB610493D298FF226A04F99E93.jpg,,,2024-10-09T23:59:59.999999999+01:00,PROSPECTUS,13,1,,,
13813,2892489000000,250.0,Legumes,Batata Doce,1 un = 250 gr  (aprox.),0.4,1.59,0,,€/Kg,,,https://driveimg1.intermarche.com/pt/Content/images/boitmal/produit/zoom/B0785A3D8A1A6773EB1FB43B119AC4D9.jpg,,,2024-10-09T23:59:59.999999999+01:00,PROSPECTUS,13,1,,,
13844,2891011000000,800.0,Novilho,Carne p/ Assar,Vendido ao peso a partir de 800 g,7.19,8.99,0,,€/Kg,,,https://driveimg1.intermarche.com/pt/Content/images/boitmal/produit/zoom/5BE20A86BAEB137E382553205DC9D349.jpg,,,2024-10-09T23:59:59.999999999+01:00,PROSPECTUS,13,1,,,
13892,2891041000000,1000.0,Porco,Costeletas do Lombo,Vendido ao peso a partir de 1 kg,3.99,3.99,0,,€/Kg,,,https://driveimg1.intermarche.com/pt/Content/images/boitmal/produit/zoom/0CEDBCB04142A68CDED3690FB39820D0.jpg,,,2024-10-09T23:59:59.999999999+01:00,PROSPECTUS,13,1,,,
17402,8412600027233,700.0,Bimbo,Pão forma familiar normal,embalagem de 700 g,1.99,2.84,0,kg,€/Kg,,,https://driveimg1.intermarche.com/pt/Content/images/boitmal/produit/zoom/DE8CCFFBC376CC9F4596A72F8ABC4CE5.jpg,,,2024-10-09T23:59:59.999999999+01:00,PROSPECTUS,13,1,,,
36728,5604260294343,1000.0,PorSi,Arroz carolino,Embalagem de 1 kg,1.25,1.25,0,kg,€/Kg,,,https://driveimg1.intermarche.com/pt/Content/images/boitmal/produit/zoom/10350363E0DE37B1698299EA7835EFEE.jpg,,,2024-10-04T23:59:59.999999999+01:00,PROSPECTUS,13,1,,,
40490,5604260292967,1000.0,PorSi,Sal cristal,embalagem de 1 kg,0.25,0.25,0,kg,€/Kg,,,https://driveimg1.intermarche.com/pt/Content/images/boitmal/produit/zoom/B0A2D20905846BB6FA89618D465D3E2B.jpg,,,2024-10-04T23:59:59.999999999+01:00,PROSPECTUS,13,1,,,
405,8712566410910,280.0,Calvé,Ketchup,Embalagem de 280g,1.84,6.57,0,kg,€/Kg,,,https://driveimg1.intermarche.com/pt/Content/images/boitmal/produit/zoom/D7E099A6ABAECF4C5D06260734A2C975.jpg,https://driveimg1.intermarche.com/pt/Content/images/boitmal/produit/zoom/0D7B165FF00CA45BD8F6AC077E3CA1EC.jpg,https://driveimg1.intermarche.com/pt/Content/images/boitmal/produit/zoom/0D7B165FF00CA45BD8F6AC077E3CA1EC.jpg,2024-10-09T23:59:59.999999999+01:00,PROSPECTUS,13,1,,,
41717,5604260303816,90.0,PorSi,Saqueta de puré de fruta | maçã + pera,90 g,0.74,8.22,0,kg,€/Kg,,,https://driveimg1.intermarche.com/pt/Content/images/boitmal/produit/zoom/BDC9DCB2575995ED71759BEA2C9A3172.jpg,,,2024-10-04T23:59:59.999999999+01:00,PROSPECTUS,13,1,,,
41720,5604260303786,90.0,PorSi,Saqueta de puré de fruta | maçã + banana + morango,90 g,0.74,8.22,0,kg,€/Kg,,,https://driveimg1.intermarche.com/pt/Content/images/boitmal/produit/zoom/D8CF0CCEDABFBBF47BBC90A180FDA1C7.jpg,,,2024-10-04T23:59:59.999999999+01:00,PROSPECTUS,13,1,,,
42625,5604260309832,1000.0,PorSi,Farinha de trigo sem fermento t55,Embalagem de 1 kg,0.69,0.69,0,kg,€/Kg,,,https://driveimg1.intermarche.com/pt/Content/images/boitmal/produit/zoom/EF956CFC77024866F5D3B9C6A4D0EA3B.jpg,,,2024-10-04T23:59:59.999999999+01:00,PROSPECTUS,13,1,,,
43360,5604260310357,1000.0,PorSi Viva Bem,"Iogurte grego natural magro,  1 kg",,2.29,2.29,0,kg,€/Kg,,,https://driveimg1.intermarche.com/pt/Content/images/boitmal/produit/zoom/8F8A599D4D4FEABD382ECD297241C642.jpg,,,2024-10-04T23:59:59.999999999+01:00,PROSPECTUS,13,1,,,
8384,5601049133992,1000.0,Mimosa,Leite uht magro,Embalagem de 1 litro,0.84,0.84,1000,L,€/L,,,https://driveimg1.intermarche.com/pt/Content/images/boitmal/produit/zoom/F5320FAD88ED459A5E33FEB47EAEF410.jpg,https://driveimg1.intermarche.com/pt/Content/images/boitmal/produit/zoom/8C350978140C257D0AAD7365CD133F0C.jpg,https://driveimg1.intermarche.com/pt/Content/images/boitmal/produit/zoom/B9BED9F397071733FB4D36CBE39ECDBA.jpg,2024-10-09T23:59:59.999999999+01:00,PROSPECTUS,13,1,,,
8998,5601511000616,400.0,Limiano,"Queijo em fatias, 400g",,3.99,9.98,0,kg,€/Kg,,,https://driveimg1.intermarche.com/pt/Content/images/boitmal/produit/zoom/F2A45C587735E27AE71C82EDBAD67D56.jpg,,,2024-10-09T23:59:59.999999999+01:00,PROSPECTUS,13,1,,,
1011,5601043111019,1000.0,Branca de neve,Farinha para bolos fina,Embalagem de 1 kg,0.99,0.99,0,kg,€/Kg,,,https://driveimg1.intermarche.com/pt/Content/images/boitmal/produit/zoom/1DCCFF4DF3445A90940BB809AEC25931.jpg,,,2024-10-09T23:59:59.999999999+01:00,PROSPECTUS,13,1,,,
1035,5601045105313,6000.0,Serra da estrela,Água mineral sem gás,pack 4 x 1.5 l,1.79,0.3,6000,L,€/L,,,https://driveimg1.intermarche.com/pt/Content/images/boitmal/produit/zoom/2AD57C02BC703D78494AE14A0BEFDA49.jpg,,,2024-10-09T23:59:59.999999999+01:00,PROSPECTUS,13,1,,,
1135,5601082022758,250.0,Delta,Café torrado lote chávena máquina,Embalagem de 250g,2.69,10.76,0,kg,€/Kg,,,https://driveimg1.intermarche.com/pt/Content/images/boitmal/produit/zoom/CD7C2612036EC6C8F8AE6969B5FDE5AD.jpg,,,2024-10-09T23:59:59.999999999+01:00,PROSPECTUS,13,1,,,
1162,5601089080607,20.0,Boca Doce,Pudim baunilha,Embalagem de 20g,0.47,23.5,0,kg,€/Kg,,,https://driveimg1.intermarche.com/pt/Content/images/boitmal/produit/zoom/BA3284B2E68350973B8135419AE564DE.jpg,,,2024-10-09T23:59:59.999999999+01:00,PROSPECTUS,13,1,,,
11974,5603722508752,200.0,Castelões,Queijo em fatias original,Embalagem de 200g,2.09,10.45,0,kg,€/Kg,,,https://driveimg1.intermarche.com/pt/Content/images/boitmal/produit/zoom/9FEB09D8F116F09205434B0A49717030.jpg,,,2024-10-09T23:59:59.999999999+01:00,PROSPECTUS,13,1,,,
1337,5601165100786,50.0,Calvé,Piri piri,Garrafa de 50 ml,1.68,33.6,50,L,€/L,,,https://driveimg1.intermarche.com/pt/Content/images/boitmal/produit/zoom/008C8E9F15AC26570DA04227E6BC4B56.jpg,,,2024-10-09T23:59:59.999999999+01:00,PROSPECTUS,13,1,,,
13839,2891006000000,800.0,Novilho,Bife da Pá,Vendido ao peso a partir de 800 g,7.19,8.99,0,,€/Kg,,,https://driveimg1.intermarche.com/pt/Content/images/boitmal/produit/zoom/CFA6C3958119482911BB8DE0A0199C98.jpg,,,2024-10-09T23:59:59.999999999+01:00,PROSPECTUS,13,1,,,
13842,2891009000000,800.0,Novilho,Bife da Vazia,Vendido ao peso a partir de 800 g,11.19,13.99,0,,€/Kg,,,https://driveimg1.intermarche.com/pt/Content/images/boitmal/produit/zoom/01A34A12BFFC51D86F44E2793C3596E7.jpg,,,2024-10-09T23:59:59.999999999+01:00,PROSPECTUS,13,1,,,
13893,2891043000000,1000.0,Porco,Entrecosto,Vendido ao peso a partir de 1 kg,5.99,5.99,0,,€/Kg,,,https://driveimg1.intermarche.com/pt/Content/images/boitmal/produit/zoom/AA05EE99D302D59771FCC108473E0700.jpg,,,2024-10-09T23:59:59.999999999+01:00,PROSPECTUS,13,1,,,
13966,2696019000000,450.0,Padaria,Pão Regional Rio Maior Inteiro,1 unidade= 450 g,0.99,2.2,0,kg,€/Kg,,,https://driveimg1.intermarche.com/pt/Content/images/boitmal/produit/zoom/DCDBDD7ABCA77222995FAC9FB2CA51ED.jpg,,,2024-10-09T23:59:59.999999999+01:00,PROSPECTUS,13,1,,,
1426,5601255312112,1000.0,Caçarola,Arroz carolino,Embalagem de 1kg,1.39,1.39,0,kg,€/Kg,,,https://driveimg1.intermarche.com/pt/Content/images/boitmal/produit/zoom/7F690432AAD8958D114DBA6E5A052325.jpg,,,2024-10-09T23:59:59.999999999+01:00,PROSPECTUS,13,1,,,
14708,5601244202332,250.0,Terra Nostra,Manteiga c/sal,Embalagem de 250g,2.09,8.36,0,kg,€/Kg,,,https://driveimg1.intermarche.com/pt/Content/images/boitmal/produit/zoom/F856625366E0E50DFC4757127A46E849.jpg,https://driveimg1.intermarche.com/pt/Content/images/boitmal/produit/zoom/9D76B5CC4F670644A71C1CF49788751C.jpg,,2024-10-09T23:59:59.999999999+01:00,PROSPECTUS,13,1,,,
15010,2892545000000,1000.0,Programa Origens,Couve Flor,1 un = 1 kg (aprox.),1.69,1.69,0,,€/Kg,,,https://driveimg1.intermarche.com/pt/Content/images/boitmal/produit/zoom/73DF9B2986748054B9303F926F23B964.jpg,,,2024-10-09T23:59:59.999999999+01:00,PROSPECTUS,13,1,,,
18488,5600744051013,220.0,Saborosa,Bolacha de manteiga belga original,Embalagem de 220g,1.59,7.23,0,kg,€/Kg,,,https://driveimg1.intermarche.com/pt/Content/images/boitmal/produit/zoom/E47AEEFDB6078E82F552ABDA38861231.jpg,,,2024-10-09T23:59:59.999999999+01:00,PROSPECTUS,13,1,,,
21291,2891140000000,1000.0,Porco,Cachaço s/ Osso,Vendido ao peso a partir de 1 kg,5.38,5.38,0,,€/Kg,,,https://driveimg1.intermarche.com/pt/Content/images/boitmal/produit/zoom/5959AA495A4B146D941DA93F1CFF6837.jpg,,,2024-10-09T23:59:59.999999999+01:00,PROSPECTUS,13,1,,,
2308,5604260271795,2000.0,PorSi,Refrigerante com gás cola,Garrafa de 2 l,1.35,0.68,2000,L,€/L,,,https://driveimg1.intermarche.com/pt/Content/images/boitmal/produit/zoom/FAE084877CD5F49373EA9981F15AE891.jpg,,,2024-10-04T23:59:59.999999999+01:00,PROSPECTUS,13,1,,,
24412,8410436297660,1300.0,Sonasol,"Lava tudo aloe vera e flores brancas, 1,3l",,2.09,1.61,1300,L,€/L,,,https://driveimg1.intermarche.com/pt/Content/images/boitmal/produit/zoom/99177C313800E1C306087975E7A5D1E7.jpg,,,2024-10-04T23:59:59.999999999+01:00,PROSPECTUS,13,1,,,
24415,8410436299961,1300.0,Sonasol,"Lava tudo lavanda, 1,3l",,2.09,1.61,1300,L,€/L,,,https://driveimg1.intermarche.com/pt/Content/images/boitmal/produit/zoom/4C901B46EE167F7ABAA5D085E91578A1.jpg,,,2024-10-04T23:59:59.999999999+01:00,PROSPECTUS,13,1,,,
25808,8426617002510,100.0,Haribo,Gomas ositos de oro,Embalagem de 100g,1.04,10.4,0,kg,€/Kg,,,https://driveimg1.intermarche.com/pt/Content/images/boitmal/produit/zoom/D25D6900B46F8C2565F09DD42E0CDF4D.jpg,,,2024-10-09T23:59:59.999999999+01:00,PROSPECTUS,13,1,,,
29899,2696008000000,,Padaria,Bola Rústica,85 g,0.25,0.25,0,,€/Unidade,,,https://driveimg1.intermarche.com/pt/Content/images/boitmal/produit/zoom/DCA7C0FA6B23BAB7806B1D133929F516.jpg,,,2024-10-09T23:59:59.999999999+01:00,PROSPECTUS,13,1,,,
31516,8435257039107,1440.0,Nestlé,"Yoggi liquido morango,  8x160g",,3.89,2.7,0,kg,€/Kg,,,https://driveimg1.intermarche.com/pt/Content/images/boitmal/produit/zoom/C1FDD60617CEBA746EBEE60AECF62B13.jpg,,,2024-10-09T23:59:59.999999999+01:00,PROSPECTUS,13,1,,,
35749,5603722509667,800.0,Mimosa,Leite Bem Essencial Chocolate,Embalagem de 4 x 200 ml,1.69,2.11,800,L,€/L,,,https://driveimg1.intermarche.com/pt/Content/images/boitmal/produit/zoom/7497180C7B501430F6BD78AEC0C140AA.jpg,,,2024-10-09T23:59:59.999999999+01:00,PROSPECTUS,13,1,,,
36732,5604260286454,2000.0,PorSi,Ração seca de carne para gato adulto,Embalagem de 2 kg,3.99,2.0,0,kg,€/Kg,,,https://driveimg1.intermarche.com/pt/Content/images/boitmal/produit/zoom/9EDD98958C9E50520083DF31D4824073.jpg,,,2024-10-04T23:59:59.999999999+01:00,PROSPECTUS,13,1,,,
40592,5603722519420,480.0,Mimosa,"Iogurte fruta batida banana, laranja e bolacha, 480g",,1.69,3.52,0,kg,€/Kg,,,https://driveimg1.intermarche.com/pt/Content/images/boitmal/produit/zoom/1D09572C6AE538ADBF2B5D0B579F400D.jpg,,,2024-10-09T23:59:59.999999999+01:00,PROSPECTUS,13,1,,,
42154,5604260304707,340.0,PorSi,Fiambre da perna extra,Pack Poupança de 2 x 170 g,3.31,9.74,0,kg,€/Kg,,,https://driveimg1.intermarche.com/pt/Content/images/boitmal/produit/zoom/522CF7C8AF248AB65F1CD031BC66A250.jpg,,,2024-10-04T23:59:59.999999999+01:00,PROSPECTUS,13,1,,,
42244,5604260308828,4000.0,PorSi,Ração seca para cão adulto atividade normal,Embalagem de 4 kg,4.99,1.25,0,kg,€/Kg,,,https://driveimg1.intermarche.com/pt/Content/images/boitmal/produit/zoom/7FCF75062802A5E94BD43D0BD28C29A4.jpg,,,2024-10-04T23:59:59.999999999+01:00,PROSPECTUS,13,1,,,
49294,8436048962697,128.0,Artiach,Filipinos chocolate leite,Embalagem de 128g,1.09,8.52,0,kg,€/Kg,,,https://driveimg1.intermarche.com/pt/Content/images/boitmal/produit/zoom/05B47EDDF3D01B19917978DD3D0A3CDE.jpg,,,2024-10-09T23:59:59.999999999+01:00,PROSPECTUS,13,1,,,
49475,5601146570027,3750.0,Sagres,Cerveja Mini,pack 15 x 25 cl,7.49,2.0,3750,L,€/L,,,https://driveimg1.intermarche.com/pt/Content/images/boitmal/produit/zoom/2A9CDD69C05CD0571DDBA8FAB1D27E24.jpg,,,2024-10-04T23:59:59.999999999+01:00,PROSPECTUS,13,1,,,
5036,5601028012164,,Renova,"Papel higiénico compacto, extra xxl, 6 rolos",Uma embalagem,2.96,2.96,0,,€/Unidade,,,https://driveimg1.intermarche.com/pt/Content/images/boitmal/produit/zoom/8F382E3E2F2F16BB4FB1E6B90307BF71.jpg,https://driveimg1.intermarche.com/pt/Content/images/boitmal/produit/zoom/1F9398A5B85712D9E30015F112CCAF6E.jpg,https://driveimg1.intermarche.com/pt/Content/images/boitmal/produit/zoom/84ED764CBC37072F87BD089140194A37.jpg,2024-10-09T23:59:59.999999999+01:00,PROSPECTUS,13,1,,,
52357,5604260329946,820.0,PorSi,"Pão de Forma para Torradas, 820g",,1.59,1.94,0,kg,€/Kg,,,https://driveimg1.intermarche.com/pt/Content/images/boitmal/produit/zoom/F766A2DCE875CF25DC4CA1EAA7B861E9.jpg,,,2024-10-04T23:59:59.999999999+01:00,PROSPECTUS,13,1,,,
5273,5601164902343,7920.0,Super Bock,Cerveja c/ álcool,pack 24 x 0.33 l,16.99,2.15,7920,L,€/L,,,https://driveimg1.intermarche.com/pt/Content/images/boitmal/produit/zoom/9036A4A1A895E7D1EC16B298057D65EB.jpg,,,2024-10-04T23:59:59.999999999+01:00,PROSPECTUS,13,1,,,
54320,8718951559721,100.0,Colgate,"Pasta De Dentes Maximum Caries Protection, 100ml",,1.95,19.5,100,L,€/L,,,https://driveimg1.intermarche.com/pt/Content/images/boitmal/produit/zoom/3307B8514AC5F0DDBC9E6D628C947BDB.jpg,https://driveimg1.intermarche.com/pt/Content/images/boitmal/produit/zoom/3694932EDFE660C6F958943C13CEE297.jpg,https://driveimg1.intermarche.com/pt/Content/images/boitmal/produit/zoom/3694932EDFE660C6F958943C13CEE297.jpg,2024-10-04T23:59:59.999999999+01:00,PROSPECTUS,13,1,,,
54321,8718951477957,100.0,Colgate,"Pasta De Dentes Tripla Ação, 100ml",,1.95,19.5,100,L,€/L,,,https://driveimg1.intermarche.com/pt/Content/images/boitmal/produit/zoom/6A66738B64F04C4649C8E34FD10D1AE8.jpg,https://driveimg1.intermarche.com/pt/Content/images/boitmal/produit/zoom/9ADDEB220D16C8DAE54C517CBC09DC55.jpg,https://driveimg1.intermarche.com/pt/Content/images/boitmal/produit/zoom/9ADDEB220D16C8DAE54C517CBC09DC55.jpg,2024-10-04T23:59:59.999999999+01:00,PROSPECTUS,13,1,,,
5788,5604260033447,200.0,PorSi,Chouriço corrente,Embalagem de 200 g,1.35,6.75,0,kg,€/Kg,,,https://driveimg1.intermarche.com/pt/Content/images/boitmal/produit/zoom/6D1F24C972CEA3CB10523A1E14CFE37E.jpg,,,2024-10-04T23:59:59.999999999+01:00,PROSPECTUS,13,2,,,
5845,5604260129027,500.0,PorSi,"Detergente manual de loiça, maçã",Embalagem de 500 ml,1.59,3.18,500,L,€/L,,,https://driveimg1.intermarche.com/pt/Content/images/boitmal/produit/zoom/FA3C8FC31B47D9DC966718AF0B1180EB.jpg,,,2024-10-04T23:59:59.999999999+01:00,PROSPECTUS,13,2,,,
7293,3141360050001,750.0,Calgon,"Anti-calcário para máquina de roupa, em gel",Garrafa de 750 ml,6.99,9.32,750,L,€/L,,,https://driveimg1.intermarche.com/pt/Content/images/boitmal/produit/zoom/CBAA20E2D0B47492F063F2C7CE6B7F2D.jpg,,,2024-10-04T23:59:59.999999999+01:00,PROSPECTUS,13,2,,,
8434,5601050033731,620.0,Danone,"Iogurte activia líquido 0% lima/limão,  4 x 155 g",,1.99,3.21,0,kg,€/Kg,,,https://driveimg1.intermarche.com/pt/Content/images/boitmal/produit/zoom/E8DD28A0F1244F3320993F3917832E4F.jpg,,,2024-10-09T23:59:59.999999999+01:00,PROSPECTUS,13,2,,,
931,5601001228100,300.0,Nestum,Nestum flocos de cereais com mel,Embalagem de 300g,2.24,7.47,0,kg,€/Kg,,,https://driveimg1.intermarche.com/pt/Content/images/boitmal/produit/zoom/3533A13BC534891673C8C96375839B78.jpg,,,2024-10-09T23:59:59.999999999+01:00,PROSPECTUS,13,2,,,
10001,8001480020566,4000.0,Neoblanc,"Lixívia, perfume fresco",Embalagem de 4 l,3.74,0.94,4000,L,€/L,,,https://driveimg1.intermarche.com/pt/Content/images/boitmal/produit/zoom/2040755A055F7A484FEAB095CC36C6F9.jpg,,,2024-10-09T23:59:59.999999999+01:00,PROSPECTUS,13,2,,,
1010,5601038300091,240.0,Knorr,Caldo de galinha 24 cubos,Embalagem de 240g,2.49,10.38,0,kg,€/Kg,,,https://driveimg1.intermarche.com/pt/Content/images/boitmal/produit/zoom/4EAB67797AD4AB1D62B7E64BA0380D8B.jpg,,,2024-10-09T23:59:59.999999999+01:00,PROSPECTUS,13,2,,,
1108,5601066300087,500.0,Nacional,Massa de cotovelinhos,Embalagem de 500g,1.29,2.58,0,kg,€/Kg,,,https://driveimg1.intermarche.com/pt/Content/images/boitmal/produit/zoom/3C947C343F18C9B0CC5D66D04FA630B6.jpg,,,2024-10-09T23:59:59.999999999+01:00,PROSPECTUS,13,2,,,
1116,5601066301152,500.0,Nacional,Massa de cotovelos,Embalagem de 500g,0.89,1.78,0,kg,€/Kg,,,https://driveimg1.intermarche.com/pt/Content/images/boitmal/produit/zoom/C87CE94729679E4B47574FECADC4484E.jpg,,,2024-10-09T23:59:59.999999999+01:00,PROSPECTUS,13,2,,,
1128,5601068902647,55.0,Margão,"Alho em pó, frasco",Embalagem de 55g,2.59,47.09,0,kg,€/Kg,,,https://driveimg1.intermarche.com/pt/Content/images/boitmal/produit/zoom/76296439DB3BB5AA7AD903B7D97A9CC8.jpg,,,2024-10-09T23:59:59.999999999+01:00,PROSPECTUS,13,2,,,
1163,5601089080614,20.0,Boca Doce,Pudim de caramelo,Embalagem de 20g,0.47,23.5,0,kg,€/Kg,,,https://driveimg1.intermarche.com/pt/Content/images/boitmal/produit/zoom/FA0AE8DD57417DCB8FC83196C791AFF6.jpg,,,2024-10-09T23:59:59.999999999+01:00,PROSPECTUS,13,2,,,
11640,5601180000993,1000.0,Vigor,Leite pasteurizado gordo,Garrafa de 1 l,0.98,0.98,1000,L,€/L,,,https://driveimg1.intermarche.com/pt/Content/images/boitmal/produit/zoom/D35A2632D9FCF31B32BD4205099C2552.jpg,,,2024-10-09T23:59:59.999999999+01:00,PROSPECTUS,13,2,,,
11641,5601180001020,1000.0,Vigor,Leite pasteurizado meio gordo,Garrafa de 1 l,0.98,0.98,1000,L,€/L,,,https://driveimg1.intermarche.com/pt/Content/images/boitmal/produit/zoom/27E81D9C59177D8FE66A1E22F472A238.jpg,,,2024-10-09T23:59:59.999999999+01:00,PROSPECTUS,13,2,,,
1165,5601089080638,20.0,Boca Doce,Pudim morango,Embalagem de 20g,0.47,23.5,0,kg,€/Kg,,,https://driveimg1.intermarche.com/pt/Content/images/boitmal/produit/zoom/288A6DAD6E5E135036AEEDCA36F5A498.jpg,,,2024-10-09T23:59:59.999999999+01:00,PROSPECTUS,13,2,,,
11755,5601511000623,400.0,Limiano,"Queijo fatias -50% de gordura, 400g",,4.09,10.23,0,kg,€/Kg,,,https://driveimg1.intermarche.com/pt/Content/images/boitmal/produit/zoom/0ADAA02E1446E8C0B207669B95BD76E3.jpg,,,2024-10-09T23:59:59.999999999+01:00,PROSPECTUS,13,2,,,
1226,5601146001507,1500.0,Joi,Refrigerante sem gás de manga/laran,"Garrafa de 1,5 l",1.39,0.93,1500,L,€/L,,,https://driveimg1.intermarche.com/pt/Content/images/boitmal/produit/zoom/1A97DFBCD44C528D834B0680C492C91A.jpg,,,2024-10-09T23:59:59.999999999+01:00,PROSPECTUS,13,2,,,
1230,5601146232512,1500.0,Joi,"Refrigerante sem gás, maracujá e la","Garrafa de 1,5 l",0.99,0.66,1500,L,€/L,,,https://driveimg1.intermarche.com/pt/Content/images/boitmal/produit/zoom/D23ED4125E0EF0BCF408343FFE16E2DF.jpg,,,2024-10-09T23:59:59.999999999+01:00,PROSPECTUS,13,2,,,
1281,5601151136140,1000.0,Compal,Nectar vital equilibrio ananás/coco,Embalagem de 1 l,1.19,1.19,1000,L,€/L,,,https://driveimg1.intermarche.com/pt/Content/images/boitmal/produit/zoom/2353850FA900673F4C3B08C535F9375F.jpg,,,2024-10-09T23:59:59.999999999+01:00,PROSPECTUS,13,2,,,
12888,2892090000000,500.0,Fruta,Manga Avião,1 un=500 gr (aprox.),1.9,3.79,0,,€/Kg,,,https://driveimg1.intermarche.com/pt/Content/images/boitmal/produit/zoom/2F9334665091AF30C298FAAAC9CB308C.jpg,https://driveimg1.intermarche.com/pt/Content/images/boitmal/produit/zoom/842EA0C904154D230A3A6F63A245D264.jpg,,2024-10-09T23:59:59.999999999+01:00,PROSPECTUS,13,2,,,
1302,5601151700754,850.0,Compal,Grão de bico,Lata de 850g,1.74,2.05,0,kg,€/Kg,,,https://driveimg1.intermarche.com/pt/Content/images/boitmal/produit/zoom/7BEB4F1F2A34C3C3B01503DD510ABAFA.jpg,,,2024-10-09T23:59:59.999999999+01:00,PROSPECTUS,13,2,,,
13048,2893561000000,250.0,Marisco,Ameijoa Branca Vietnamita Congelada,Vendido a partir de 250 gr  (aprox.),0.5,1.99,0,,€/Kg,,Avantages !,https://driveimg1.intermarche.com/pt/Content/images/boitmal/produit/zoom/87AAE93BFC6F911123DE0600840801E2.jpg,,,2024-10-09T23:59:59.999999999+01:00,PROSPECTUS,13,2,,,
13529,2893521000000,1000.0,Peixaria,Pescada do Chile Congelada Nº3,1 un= 1 kg (aprox.),7.99,7.99,0,,€/Kg,,Avantages !,https://driveimg1.intermarche.com/pt/Content/images/boitmal/produit/zoom/40D57D35BBDBDF72027C959F41A6E90C.jpg,,,2024-10-09T23:59:59.999999999+01:00,PROSPECTUS,13,2,,,
13582,2893577000000,800.0,Peixaria,Solha Congelada (200/400),Pescado no mar,3.99,4.99,0,,€/Kg,,Avantages !,https://driveimg1.intermarche.com/pt/Content/images/boitmal/produit/zoom/09CD29C77ECA15BC59D0A288B72C20B4.jpg,,,2024-10-09T23:59:59.999999999+01:00,PROSPECTUS,13,2,,,
13599,2893594000000,550.0,Peixaria,Red Fish Grande Congelado,1 un = 500 gr (aprox.),2.91,5.29,0,,€/Kg,,Avantages !,https://driveimg1.intermarche.com/pt/Content/images/boitmal/produit/zoom/A3E98972B338DCF46BAA412A17BB9B0C.jpg,,,2024-10-09T23:59:59.999999999+01:00,PROSPECTUS,13,2,,,
13861,2691127000000,,Aves,Codornizes,1 un. = 150 g (aprox.),0.99,0.99,0,,€/Unidade,,,https://driveimg1.intermarche.com/pt/Content/images/boitmal/produit/zoom/49A0BEA3AB28A38ED8B2B84EBCB7B813.jpg,,,2024-10-09T23:59:59.999999999+01:00,PROSPECTUS,13,2,,,
13894,2891044000000,1000.0,Porco,Entremeada sem Entrecosto,Vendido ao peso a partir de 1 kg,4.49,4.49,0,,€/Kg,,,https://driveimg1.intermarche.com/pt/Content/images/boitmal/produit/zoom/C03EF63C56AFB4E4EA78E134436BF30C.jpg,,,2024-10-09T23:59:59.999999999+01:00,PROSPECTUS,13,2,,,
14038,2696013000000,80.0,Padaria,Bola mistura,1 unidade= 80 g,0.18,2.25,0,kg,€/Kg,,,https://driveimg1.intermarche.com/pt/Content/images/boitmal/produit/zoom/9D6E30346316F689C4A5A61ADBADBAB3.jpg,,,2024-10-09T23:59:59.999999999+01:00,PROSPECTUS,13,2,,,
14865,2696212000000,,Pastelaria,Folhado Misto 90 g,,0.69,0.69,0,,€/Unidade,,,https://driveimg1.intermarche.com/pt/Content/images/boitmal/produit/zoom/9A6753DB758F20AE554301F0A4A50040.jpg,,,2024-10-09T23:59:59.999999999+01:00,PROSPECTUS,13,2,,,
15013,2892586000000,1000.0,Programa Origens,Couve Roxa,1 un = 1 kg (aprox.),0.89,0.89,0,,€/Kg,,,https://driveimg1.intermarche.com/pt/Content/images/boitmal/produit/zoom/C15FB4AA650D08814701170E90E9EDB6.jpg,,,2024-10-09T23:59:59.999999999+01:00,PROSPECTUS,13,2,,,
1538,5601489134153,500.0,Du Bois de la Roche,Bolachas crackers s/ sal,Embalagem de 500g,2.99,5.98,0,kg,€/Kg,,,https://driveimg1.intermarche.com/pt/Content/images/boitmal/produit/zoom/73329C1C7148B60B4FEE5767CC439BEF.jpg,,,2024-10-09T23:59:59.999999999+01:00,PROSPECTUS,13,2,,,
15687,5000116109234,700.0,Iglo,Ervilhas,Embalagem de 700g,3.98,5.69,0,kg,€/Kg,,Tipo de stockagem,https://driveimg1.intermarche.com/pt/Content/images/boitmal/produit/zoom/71AD6BFBFF464D2A1A4DF7364A6C0B7A.jpg,,,2024-10-09T23:59:59.999999999+01:00,PROSPECTUS,13,2,,,
15741,7613034945808,1500.0,Friskies,Ração para gato bolas de pelo com frango,"Embalagem de 1,5kg",5.85,3.9,0,kg,€/Kg,,,https://driveimg1.intermarche.com/pt/Content/images/boitmal/produit/zoom/07080EB115E04D4F8CE83D62B5121029.jpg,,,2024-10-09T23:59:59.999999999+01:00,PROSPECTUS,13,2,,,
15886,5601027003859,210.0,Manhãzitos,Manhãzitos original,Embalagem 6x2 unidades,2.29,10.9,0,kg,€/Kg,,,https://driveimg1.intermarche.com/pt/Content/images/boitmal/produit/zoom/71329DB5D34C05CB20373BAE1032B91A.jpg,,,2024-10-09T23:59:59.999999999+01:00,PROSPECTUS,13,2,,,
16492,8718951037847,500.0,Ajax,"Limpa vidros pistola, tripla acção, embalagem de 500 ml",,1.97,3.94,500,L,€/L,,,https://driveimg1.intermarche.com/pt/Content/images/boitmal/produit/zoom/B2E06550937917C2E4B1E74DDD7CCA54.jpg,,,2024-10-09T23:59:59.999999999+01:00,PROSPECTUS,13,2,,,
16607,8712561521529,700.0,Cif,Creme abrasivo original,Garrafa de 700 ml,2.68,3.83,700,L,€/L,,,https://driveimg1.intermarche.com/pt/Content/images/boitmal/produit/zoom/30CCCA0B503F489882A8FCB31275E9C6.jpg,,,2024-10-09T23:59:59.999999999+01:00,PROSPECTUS,13,2,,,
16983,8712100735455,540.0,Olá,Gelado cornetto morango,Embalagem de 6 x 90 ml,2.99,5.54,540,L,€/L,,Tipo de stockagem,https://driveimg1.intermarche.com/pt/Content/images/boitmal/produit/zoom/B4DE454FD5CA5C67863F06FFF45366E8.jpg,https://driveimg1.intermarche.com/pt/Content/images/boitmal/produit/zoom/FF03523E6B925BE3441B0A34A996CA2B.jpg,https://driveimg1.intermarche.com/pt/Content/images/boitmal/produit/zoom/FF03523E6B925BE3441B0A34A996CA2B.jpg,2024-10-09T23:59:59.999999999+01:00,PROSPECTUS,13,2,,,
17893,5601082039817,220.0,Delta Q,Café xl qharacter cápsulas,40 Cápsulas,14.99,68.14,0,kg,€/Kg,,,https://driveimg1.intermarche.com/pt/Content/images/boitmal/produit/zoom/AE88A9B98D43407F51BB06087F668DC5.jpg,,,2024-10-04T23:59:59.999999999+01:00,PROSPECTUS,13,2,,,
17972,8410104017231,,Air Wick,Recarga ambientador elétrico rosa bouquet,Embalagem de 1 unidades,3.59,3.59,1,,€/Unidade,,,https://driveimg1.intermarche.com/pt/Content/images/boitmal/produit/zoom/D8B202FFB9AFF7E2813DF45204F83EEC.jpg,,,2024-10-09T23:59:59.999999999+01:00,PROSPECTUS,13,2,,,
18618,5601027004870,210.0,Manhãzitos,Manhãzitos -50% açúcares,Embalagem 6x2 unidades,2.29,10.9,0,kg,€/Kg,,,https://driveimg1.intermarche.com/pt/Content/images/boitmal/produit/zoom/C536B78EEF5079E4091AFA5999C1DFFB.jpg,,,2024-10-09T23:59:59.999999999+01:00,PROSPECTUS,13,2,,,
20032,5602947000010,750.0,Quinta da Pacheca,Vinho tinto doc douro,Garrafa de 750 ml,5.49,7.32,750,L,€/L,,,https://driveimg1.intermarche.com/pt/Content/images/boitmal/produit/zoom/595081D749AF5B554E631E38F5E97F6B.jpg,,,2024-10-09T23:59:59.999999999+01:00,PROSPECTUS,13,2,,,
2059,5604260303861,500.0,PorSi,Polpa de cebola e alho,Embalagem de 500 g,1.49,2.98,0,kg,€/Kg,,,https://driveimg1.intermarche.com/pt/Content/images/boitmal/produit/zoom/41444F01158BD1D91B444EE63E3C35F0.jpg,,,2024-10-04T23:59:59.999999999+01:00,PROSPECTUS,13,2,,,
20967,5601027002593,175.0,Manhãzitos,5 manhãzitos choco chips,Embalagem de 175 g,2.24,12.8,0,kg,€/Kg,,,https://driveimg1.intermarche.com/pt/Content/images/boitmal/produit/zoom/0AAF2F344E6BB2E2CE72DDB89E9BE7D6.jpg,,,2024-10-09T23:59:59.999999999+01:00,PROSPECTUS,13,2,,,
21417,8410136003486,400.0,Pedigree,"Alimento húmido para cão, galinha e cordeiro",Embalagem de 400g,2.45,6.13,0,kg,€/Kg,,,https://driveimg1.intermarche.com/pt/Content/images/boitmal/produit/zoom/3591685DF3CE8F70C5DF9853F3C50774.jpg,,,2024-10-04T23:59:59.999999999+01:00,PROSPECTUS,13,2,,,
2206,5604260265084,800.0,PorSi,Bacalhau em lombos,Embalagem de 800g,12.99,16.24,0,kg,€/Kg,,Tipo de stockagem,https://driveimg1.intermarche.com/pt/Content/images/boitmal/produit/zoom/3A39DBFB4F8A5BABDA8F378C8D2032E7.jpg,,,2024-10-09T23:59:59.999999999+01:00,PROSPECTUS,13,2,,,
2249,5604260267682,500.0,Kings Bräu,"Cerveja com álcool, lata","Embalagem de 0,50 l",0.69,1.38,500,L,€/L,,,https://driveimg1.intermarche.com/pt/Content/images/boitmal/produit/zoom/5ED5BD034D52671755539F32AEBDCADC.jpg,,,2024-10-04T23:59:59.999999999+01:00,PROSPECTUS,13,2,,,
2292,5604260270323,500.0,PorSi,Paloco desfiado,Embalagem de 500 g,3.89,7.78,0,kg,€/Kg,,Tipo de stockagem,https://driveimg1.intermarche.com/pt/Content/images/boitmal/produit/zoom/7B2EC034E43AFCAD1946C70C06A0AD5F.jpg,,,2024-10-04T23:59:59.999999999+01:00,PROSPECTUS,13,2,,,
24411,8410436297752,1300.0,Sonasol,"Lava tudo rosas e jasmim, 1,3l",,2.09,1.61,1300,L,€/L,,,https://driveimg1.intermarche.com/pt/Content/images/boitmal/produit/zoom/46E3798C4C5509E4EFB8DA2E52D80035.jpg,,,2024-10-04T23:59:59.999999999+01:00,PROSPECTUS,13,2,,,
24413,8410436297783,1300.0,Sonasol,"Lava tudo PH neutro, embalagem de 1,3l",,2.09,1.61,1300,L,€/L,,,https://driveimg1.intermarche.com/pt/Content/images/boitmal/produit/zoom/F7DD11C0EABB6452E24AA720E593B0B5.jpg,,,2024-10-04T23:59:59.999999999+01:00,PROSPECTUS,13,2,,,
24414,8410436297691,1300.0,Sonasol,"Lava tudo camomila e flor de laranjeira, 1,3l",,2.09,1.61,1300,L,€/L,,,https://driveimg1.intermarche.com/pt/Content/images/boitmal/produit/zoom/3B18B6CCDC35A0C75589B9509520BFD6.jpg,,,2024-10-04T23:59:59.999999999+01:00,PROSPECTUS,13,2,,,
2449,7310390855108,30.0,Lipton,20 saquetas chá de frutos silvestres,Embalagem de 30g,2.05,68.33,0,kg,€/Kg,,,https://driveimg1.intermarche.com/pt/Content/images/boitmal/produit/zoom/E1330CB3B4FE43B14F3F6146B929696D.jpg,,,2024-10-09T23:59:59.999999999+01:00,PROSPECTUS,13,2,,,
2458,7613031423583,625.0,Nestlé,Cereais nesquik,Embalagem de 625g,3.24,5.18,0,kg,€/Kg,,,https://driveimg1.intermarche.com/pt/Content/images/boitmal/produit/zoom/3F494F3C149F2147A07872C278BEDBC9.jpg,,,2024-10-04T23:59:59.999999999+01:00,PROSPECTUS,13,2,,,
2474,7613032408602,90.0,Purina Gourmet,Comida húmida para gato duplo prazer com vaca e frango,Embalagem de 90g,0.87,9.67,0,kg,€/Kg,,,https://driveimg1.intermarche.com/pt/Content/images/boitmal/produit/zoom/96D993E9EEE0A797DBA50ACE06B2467D.jpg,,,2024-10-09T23:59:59.999999999+01:00,PROSPECTUS,13,2,,,
251,2696001000000,400.0,Padaria,Baguete,400 g,0.79,1.98,0,kg,€/Kg,,,https://driveimg1.intermarche.com/pt/Content/images/boitmal/produit/zoom/872B1FA740AE707B5EB206709F5F94A0.jpg,,,2024-10-09T23:59:59.999999999+01:00,PROSPECTUS,13,2,,,
25187,8001090371980,,Evax,Pensos higiénicos liberty noite abas,Embalagem com 9 un.,2.79,2.79,0,,€/Unidade,,,https://driveimg1.intermarche.com/pt/Content/images/boitmal/produit/zoom/A6B2826A52D2ACC1159A56736009880F.jpg,,,2024-10-04T23:59:59.999999999+01:00,PROSPECTUS,13,2,,,
25735,5000116112173,208.0,Capitão Iglo,10 nuggets peito de frango e queijo,Embalagem de 210g,2.99,14.38,0,kg,€/Kg,,Tipo de stockagem,https://driveimg1.intermarche.com/pt/Content/images/boitmal/produit/zoom/E9A162F74796CC7150848F5AAF7336C9.jpg,,,2024-10-09T23:59:59.999999999+01:00,PROSPECTUS,13,2,,,
25814,8426617003432,75.0,Haribo,Gomas spaghetti pica morango,Embalagem de 80g,1.04,13.87,0,kg,€/Kg,,,https://driveimg1.intermarche.com/pt/Content/images/boitmal/produit/zoom/F44C50C774E95F3A4B8E8CF6D4301678.jpg,,,2024-10-09T23:59:59.999999999+01:00,PROSPECTUS,13,2,,,
26153,8001090229083,,Ausonia,Pensos Higiênicos com Abas Super,embalagem com 12 un.,1.94,1.94,0,,€/Unidade,,,https://driveimg1.intermarche.com/pt/Content/images/boitmal/produit/zoom/219E0B3EF05D6DA4905EC8A4376099AF.jpg,,,2024-10-09T23:59:59.999999999+01:00,PROSPECTUS,13,2,,,
2749,8410063046532,350.0,Pescanova,Miolo de camarão 80/100,Embalagem de 350g,6.99,19.97,0,kg,€/Kg,,Tipo de stockagem,https://driveimg1.intermarche.com/pt/Content/images/boitmal/produit/zoom/B1D2AEF816246B4D1E4F3A2363606A04.jpg,,,2024-10-09T23:59:59.999999999+01:00,PROSPECTUS,13,2,,,
2778,8410168399939,4000.0,Friskies,Ração para gato adulto com coelho,Embalagem de 4 kg,10.79,2.7,0,kg,€/Kg,,,https://driveimg1.intermarche.com/pt/Content/images/boitmal/produit/zoom/D77E234EEC231A513DCFB3E4E6B53BA0.jpg,,,2024-10-09T23:59:59.999999999+01:00,PROSPECTUS,13,2,,,
27891,3600523586387,400.0,Elvive,Champô Reconstrutor Dream Long,Embalagem de 400 ml,6.14,15.35,400,L,€/L,,,https://driveimg1.intermarche.com/pt/Content/images/boitmal/produit/zoom/84CC356C36067BE7C6654BA5E8036F86.jpg,,,2024-10-09T23:59:59.999999999+01:00,PROSPECTUS,13,2,,,
282,0000080361497,90.0,Purina Gourmet,Comida húmida para gato pedacinhos em molho com salmão,Embalagem de 90g,0.87,9.67,0,kg,€/Kg,,,https://driveimg1.intermarche.com/pt/Content/images/boitmal/produit/zoom/1D36D1D26CE1E6B956E8DD30F4956BCC.jpg,,,2024-10-09T23:59:59.999999999+01:00,PROSPECTUS,13,2,,,
28583,8006540876213,385.0,Pantene,Champô Caracóis Perfeitos,385 ml,3.89,10.1,385,L,€/L,,,https://driveimg1.intermarche.com/pt/Content/images/boitmal/produit/zoom/0B37A3422C290D74458F14C6AA3B3486.jpg,,,2024-10-09T23:59:59.999999999+01:00,PROSPECTUS,13,2,,,
29591,3387390339505,375.0,Nestlé,Cereais golden grahams,Embalagem de 380g,2.99,7.97,0,kg,€/Kg,,,https://driveimg1.intermarche.com/pt/Content/images/boitmal/produit/zoom/B90CC2EAB95EE928CD16134EC001D097.jpg,,,2024-10-09T23:59:59.999999999+01:00,PROSPECTUS,13,2,,,
29738,8410436324533,1300.0,Sonasol,"Lava Tudo Flores Montanha, 1.3 l",,2.09,1.61,1300,L,€/L,,,https://driveimg1.intermarche.com/pt/Content/images/boitmal/produit/zoom/619CC29EDCFB8BA35BEA4FA4EA1CE5DD.jpg,,,2024-10-04T23:59:59.999999999+01:00,PROSPECTUS,13,2,,,
31554,8435257039138,1440.0,Nestlé,"Iogurte Líquido de Tutti-Frutti,  8 x 160 g",,3.89,2.7,0,kg,€/Kg,,,https://driveimg1.intermarche.com/pt/Content/images/boitmal/produit/zoom/3ADD800E79600780447DBC7DD07E46CC.jpg,,,2024-10-09T23:59:59.999999999+01:00,PROSPECTUS,13,2,,,
32400,8006540876947,385.0,Pantene,Champô Anticaspa,385 ml,3.89,10.1,385,L,€/L,,,https://driveimg1.intermarche.com/pt/Content/images/boitmal/produit/zoom/C394656D5A326E8E294168046065036F.jpg,,,2024-10-09T23:59:59.999999999+01:00,PROSPECTUS,13,2,,,
33191,5607238032169,350.0,Casa de Mateus,Casa mateus temporada - abóbora,Embalagem de 350g,2.99,8.54,0,kg,€/Kg,,,https://driveimg1.intermarche.com/pt/Content/images/boitmal/produit/zoom/49DBA0512EF492391C14C92E476E0AFF.jpg,,,2024-10-09T23:59:59.999999999+01:00,PROSPECTUS,13,2,,,
34597,5600376210390,250.0,Pasta do Dia,Massa folhada retangular,Embalagem de 250g,2.07,8.28,0,kg,€/Kg,,,https://driveimg1.intermarche.com/pt/Content/images/boitmal/produit/zoom/036A75D62A49BBE6CC3CF8C25387EB8C.jpg,,,2024-10-09T23:59:59.999999999+01:00,PROSPECTUS,13,2,,,
35542,7613036867405,210.0,Nescafé,Café em cápsulas dolce gusto ristreto intenso,Embalagem de 210g,9.99,47.57,0,kg,€/Kg,,,https://driveimg1.intermarche.com/pt/Content/images/boitmal/produit/zoom/267E125B7795F042AD3E2E89E4989A32.jpg,,,2024-10-04T23:59:59.999999999+01:00,PROSPECTUS,13,2,,,
36657,5601217132673,500.0,Cillitbang,"Spray lixívia e higiene, de 500 ml",,2.49,4.98,500,L,€/L,,,https://driveimg1.intermarche.com/pt/Content/images/boitmal/produit/zoom/B883369E3F8FD2106485DC8F041B61F8.jpg,,,2024-10-04T23:59:59.999999999+01:00,PROSPECTUS,13,2,,,
37046,5601217132666,500.0,Cillitbang,"Spray calcário e sujidade, garrafa de 500 ml",,2.49,4.98,500,L,€/L,,,https://driveimg1.intermarche.com/pt/Content/images/boitmal/produit/zoom/986A2CBBC3226B9670AD657A52B7E90F.jpg,,,2024-10-04T23:59:59.999999999+01:00,PROSPECTUS,13,2,,,
37990,8410063036175,1000.0,Pescanova,Caprichos do mar sem glúten,Embalagem de 1 kg,6.39,6.39,0,kg,€/Kg,,Tipo de stockagem,https://driveimg1.intermarche.com/pt/Content/images/boitmal/produit/zoom/C821049F2FB4EBE63582B0B82BB259C5.jpg,,,2024-10-04T23:59:59.999999999+01:00,PROSPECTUS,13,2,,,
38557,5601027004764,315.0,Manhãzitos,Manhãzitos® planetus 9x2 un.,Embalagem de 315g,2.89,9.17,0,kg,€/Kg,,,https://driveimg1.intermarche.com/pt/Content/images/boitmal/produit/zoom/9668562796F86C61BB4FA95BDBF9C111.jpg,,,2024-10-09T23:59:59.999999999+01:00,PROSPECTUS,13,2,,,
40558,5604260301164,220.0,PorSi,"Queijinho morango com drageias,  2 x 110 g",,1.69,7.68,0,kg,€/Kg,,,https://driveimg1.intermarche.com/pt/Content/images/boitmal/produit/zoom/939055EF9B8FE9ECC8E1BC97C5579929.jpg,,,2024-10-04T23:59:59.999999999+01:00,PROSPECTUS,13,2,,,
40654,5604260295708,,PorSi,"Sacos do lixo 50 litros com fecho fácil, 10 unidades",,0.89,0.89,0,,€/Unidade,,,https://driveimg1.intermarche.com/pt/Content/images/boitmal/produit/zoom/26D085B0AD6F18827C0DB222DE504A7D.jpg,,,2024-10-09T23:59:59.999999999+01:00,PROSPECTUS,13,2,,,
40925,8710522652138,240.0,Calvé,Maionese,Embalagem de 240g,1.59,6.63,0,kg,€/Kg,,,https://driveimg1.intermarche.com/pt/Content/images/boitmal/produit/zoom/BAE5DB5E204D247526D3D3D4E5D5A52E.jpg,https://driveimg1.intermarche.com/pt/Content/images/boitmal/produit/zoom/8E23B17512BCD2C444A6228885CC4217.jpg,https://driveimg1.intermarche.com/pt/Content/images/boitmal/produit/zoom/8E23B17512BCD2C444A6228885CC4217.jpg,2024-10-09T23:59:59.999999999+01:00,PROSPECTUS,13,2,,,
41080,8718951338333,1250.0,Ajax,"Detergente líquido lava tudo festa das flores montanha, embalagem de 1.25L",,2.24,1.79,1250,L,€/L,,,https://driveimg1.intermarche.com/pt/Content/images/boitmal/produit/zoom/9994C597530D04195747B334AB219D70.jpg,,,2024-10-04T23:59:59.999999999+01:00,PROSPECTUS,13,2,,,
41226,5601050036572,440.0,Danone,"Oikos morango, 4 x 110g",,1.99,4.52,0,kg,€/Kg,,,https://driveimg1.intermarche.com/pt/Content/images/boitmal/produit/zoom/8E4736FC7A27F857CF545D0499041B59.jpg,,,2024-10-04T23:59:59.999999999+01:00,PROSPECTUS,13,2,,,
41297,5601050036534,440.0,Danone,"Iogurte oikos pêssego,  4 x 110g",,1.99,4.52,0,kg,€/Kg,,,https://driveimg1.intermarche.com/pt/Content/images/boitmal/produit/zoom/86E0EE086DC0214DA576A0DB5E10BF28.jpg,,,2024-10-04T23:59:59.999999999+01:00,PROSPECTUS,13,2,,,
41299,5601050036565,440.0,Danone,"Iogurte oikos maracujá,  4 x 110g",,1.99,4.52,0,kg,€/Kg,,,https://driveimg1.intermarche.com/pt/Content/images/boitmal/produit/zoom/FCB02F5884DDCB459FDF089F080D1348.jpg,,,2024-10-04T23:59:59.999999999+01:00,PROSPECTUS,13,2,,,
41311,5601019012876,390.0,Guloso,Tomate em Pedaços com Cebola e Alho,Embalagem de 390g,1.79,4.59,0,kg,€/Kg,,,https://driveimg1.intermarche.com/pt/Content/images/boitmal/produit/zoom/DA7DA36A1DB3F59161A395B0EC5223E9.jpg,,,2024-10-09T23:59:59.999999999+01:00,PROSPECTUS,13,2,,,
41581,5601050036619,440.0,Danone,"Iogurte grego maçã e canela,  4 x 110 g",,1.99,4.52,0,kg,€/Kg,,,https://driveimg1.intermarche.com/pt/Content/images/boitmal/produit/zoom/476B8D143F5CFE4C62609050F3DFBF48.jpg,,,2024-10-04T23:59:59.999999999+01:00,PROSPECTUS,13,2,,,
41583,5601050036633,440.0,Danone,"Iogurte grego caramelo,  4 x 110 g",,1.99,4.52,0,kg,€/Kg,,,https://driveimg1.intermarche.com/pt/Content/images/boitmal/produit/zoom/E15B23C5D54AA2C4C2E2125712DAFF29.jpg,,,2024-10-04T23:59:59.999999999+01:00,PROSPECTUS,13,2,,,
41718,5604260303823,90.0,PorSi,Saqueta de puré de fruta | maçã + manga + pêssego,90 g,0.74,8.22,0,kg,€/Kg,,,https://driveimg1.intermarche.com/pt/Content/images/boitmal/produit/zoom/002C0AF35BCBB9E50AC34B89735CDC2C.jpg,,,2024-10-04T23:59:59.999999999+01:00,PROSPECTUS,13,2,,,
41895,5000116125784,220.0,Capitão Iglo,12 nuggets frango polme americano,Embalagem de 220g,2.99,13.59,0,kg,€/Kg,,Tipo de stockagem,https://driveimg1.intermarche.com/pt/Content/images/boitmal/produit/zoom/4A36D918CE859C1F06A618542B06F111.jpg,,,2024-10-09T23:59:59.999999999+01:00,PROSPECTUS,13,2,,,
42187,5604260308835,15000.0,PorSi,"Ração seca para cão adulto atividade normal, 15 kg",,14.99,1.0,0,kg,€/Kg,,,https://driveimg1.intermarche.com/pt/Content/images/boitmal/produit/zoom/B4C11D2B05901A4141D16924CD9690AE.jpg,,,2024-10-04T23:59:59.999999999+01:00,PROSPECTUS,13,2,,,
42237,5604260304295,250.0,PorSi,Café lote normal moagem fina,Embalagem de 250 g,2.19,8.76,0,kg,€/Kg,,,https://driveimg1.intermarche.com/pt/Content/images/boitmal/produit/zoom/1DAE9902278B6B98C61D46E3F4DA4A03.jpg,https://driveimg1.intermarche.com/pt/Content/images/boitmal/produit/zoom/3020ABB88CFD30C23CBE2A199CA691C4.jpg,https://driveimg1.intermarche.com/pt/Content/images/boitmal/produit/zoom/3020ABB88CFD30C23CBE2A199CA691C4.jpg,2024-10-04T23:59:59.999999999+01:00,PROSPECTUS,13,2,https://driveimg1.intermarche.com/pt/Content/images/boitmal/produit/zoom/3020ABB88CFD30C23CBE2A199CA691C4.jpg,https://driveimg1.intermarche.com/pt/Content/images/boitmal/produit/zoom/3020ABB88CFD30C23CBE2A199CA691C4.jpg,
43009,5604260307180,300.0,PorSi,Comida húmida para cão de borrego,Embalagem de 300 g,0.75,2.5,0,kg,€/Kg,,,https://driveimg1.intermarche.com/pt/Content/images/boitmal/produit/zoom/8873D77963E4D34906CA2FC5E881C248.jpg,https://driveimg1.intermarche.com/pt/Content/images/boitmal/produit/zoom/2B27BF4714216FFB4E9E5882412593BE.jpg,https://driveimg1.intermarche.com/pt/Content/images/boitmal/produit/zoom/2B27BF4714216FFB4E9E5882412593BE.jpg,2024-10-04T23:59:59.999999999+01:00,PROSPECTUS,13,2,https://driveimg1.intermarche.com/pt/Content/images/boitmal/produit/zoom/2B27BF4714216FFB4E9E5882412593BE.jpg,https://driveimg1.intermarche.com/pt/Content/images/boitmal/produit/zoom/2B27BF4714216FFB4E9E5882412593BE.jpg,https://driveimg1.intermarche.com/pt/Content/images/boitmal/produit/zoom/2B27BF4714216FFB4E9E5882412593BE.jpg
43011,5604260307210,300.0,PorSi,Comida húmida para cão de peru,Embalagem de 300 g,0.75,2.5,0,kg,€/Kg,,,https://driveimg1.intermarche.com/pt/Content/images/boitmal/produit/zoom/0A4DC002663775585CA403A7A4E290B2.jpg,https://driveimg1.intermarche.com/pt/Content/images/boitmal/produit/zoom/A5C82BE522F15BBA14EEE2D9C8DA8265.jpg,https://driveimg1.intermarche.com/pt/Content/images/boitmal/produit/zoom/A5C82BE522F15BBA14EEE2D9C8DA8265.jpg,2024-10-04T23:59:59.999999999+01:00,PROSPECTUS,13,2,https://driveimg1.intermarche.com/pt/Content/images/boitmal/produit/zoom/A5C82BE522F15BBA14EEE2D9C8DA8265.jpg,https://driveimg1.intermarche.com/pt/Content/images/boitmal/produit/zoom/A5C82BE522F15BBA14EEE2D9C8DA8265.jpg,https://driveimg1.intermarche.com/pt/Content/images/boitmal/produit/zoom/A5C82BE522F15BBA14EEE2D9C8DA8265.jpg
43012,5604260307197,300.0,PorSi,Comida húmida para cão de frango,Embalagem de 300 g,0.75,2.5,0,kg,€/Kg,,,https://driveimg1.intermarche.com/pt/Content/images/boitmal/produit/zoom/E18D56D7EBECE5FA4FFC211D3EDBE796.jpg,https://driveimg1.intermarche.com/pt/Content/images/boitmal/produit/zoom/3FD0F0D9955E6135023C13E6B1D173A7.jpg,https://driveimg1.intermarche.com/pt/Content/images/boitmal/produit/zoom/3FD0F0D9955E6135023C13E6B1D173A7.jpg,2024-10-04T23:59:59.999999999+01:00,PROSPECTUS,13,2,https://driveimg1.intermarche.com/pt/Content/images/boitmal/produit/zoom/3FD0F0D9955E6135023C13E6B1D173A7.jpg,https://driveimg1.intermarche.com/pt/Content/images/boitmal/produit/zoom/3FD0F0D9955E6135023C13E6B1D173A7.jpg,https://driveimg1.intermarche.com/pt/Content/images/boitmal/produit/zoom/3FD0F0D9955E6135023C13E6B1D173A7.jpg
43016,5601164862401,1200.0,Somersby,Sidra de maçã,pack 6 x 0.2 l,4.49,3.74,1200,L,€/L,,,https://driveimg1.intermarche.com/pt/Content/images/boitmal/produit/zoom/91F03EF4C01D719425FE57CCF7BA256B.jpg,,,2024-10-09T23:59:59.999999999+01:00,PROSPECTUS,13,2,,,
43407,8710847961137,360.0,Linic,Champô cabelos oleosos para mulher,360 ml,4.94,13.72,360,L,€/L,,,https://driveimg1.intermarche.com/pt/Content/images/boitmal/produit/zoom/D99FE8D2453A231FCFB1F4A24A0F5403.jpg,,,2024-10-09T23:59:59.999999999+01:00,PROSPECTUS,13,2,,,
43520,8411300478116,400.0,Elvive,Champô argila cabelos normais,Embalagem com 400ml,6.14,15.35,400,L,€/L,,,https://driveimg1.intermarche.com/pt/Content/images/boitmal/produit/zoom/4FA9549FFEB000EE016E8AB88BD8B66F.jpg,,,2024-10-09T23:59:59.999999999+01:00,PROSPECTUS,13,2,,,
44104,2696661000000,90.0,Padaria,Cacetinho de trigo integral,90 g,0.19,2.11,0,kg,€/Kg,,,https://driveimg1.intermarche.com/pt/Content/images/boitmal/produit/zoom/DC4B31D5116A1A43F4BD72090A42EAD2.jpg,,,2024-10-09T23:59:59.999999999+01:00,PROSPECTUS,13,2,,,
44252,5601019012890,210.0,Guloso,Tomate frito,Embalagem de 210g,0.86,4.1,0,kg,€/Kg,,,https://driveimg1.intermarche.com/pt/Content/images/boitmal/produit/zoom/E41584C9A847A707E247659FC6AA37C2.jpg,,,2024-10-09T23:59:59.999999999+01:00,PROSPECTUS,13,2,,,
44271,8000500179864,600.0,Nutella,Creme para barrar de avelãs e cacau,Embalagem de 600g,4.99,8.32,0,kg,€/Kg,,,https://driveimg1.intermarche.com/pt/Content/images/boitmal/produit/zoom/3E92D36D3A02542DBE73946218C7E32B.jpg,,,2024-10-09T23:59:59.999999999+01:00,PROSPECTUS,13,2,,,
44702,5053990155354,175.0,Pringles,Pringles sour cream & onion,Embalagem de 175g,2.39,13.66,0,kg,€/Kg,,,https://driveimg1.intermarche.com/pt/Content/images/boitmal/produit/zoom/CAC75B605C8B7B46C574BB916C039D54.jpg,https://driveimg1.intermarche.com/pt/Content/images/boitmal/produit/zoom/3743B152C095FACA5BB155343DC8A7EE.jpg,https://driveimg1.intermarche.com/pt/Content/images/boitmal/produit/zoom/3743B152C095FACA5BB155343DC8A7EE.jpg,2024-10-09T23:59:59.999999999+01:00,PROSPECTUS,13,2,https://driveimg1.intermarche.com/pt/Content/images/boitmal/produit/zoom/3743B152C095FACA5BB155343DC8A7EE.jpg,,
44797,5601151971444,1000.0,Pepsi,Pepsi max lima,Garrafa de 1 l,0.99,0.99,1000,L,€/L,,,https://driveimg1.intermarche.com/pt/Content/images/boitmal/produit/zoom/657B12F1DF1E65D0997328121D02B203.jpg,,,2024-10-04T23:59:59.999999999+01:00,PROSPECTUS,13,2,,,
44936,8711327318373,540.0,Olá,Cornetto clássico,Embalagem de 6 x 90 ml,2.99,5.54,540,L,€/L,,Tipo de stockagem,https://driveimg1.intermarche.com/pt/Content/images/boitmal/produit/zoom/8D9DC9138E665052BD487BD925ECAB26.jpg,,,2024-10-09T23:59:59.999999999+01:00,PROSPECTUS,13,2,,,
45212,5604260313440,,PorSi,Toalhitas Bebé Basic,Embalagem de 72 unidades,0.9,0.9,0,,€/Unidade,,,https://driveimg1.intermarche.com/pt/Content/images/boitmal/produit/zoom/856ACD070E028237EAE2C96F31396D77.jpg,,,2024-10-04T23:59:59.999999999+01:00,PROSPECTUS,13,2,,,
45588,5054563107282,75.0,Sensodyne,Pasta dentífrica branqueadora,Embalagem de 75 ml,3.95,52.67,75,L,€/L,,,https://driveimg1.intermarche.com/pt/Content/images/boitmal/produit/zoom/95A2A6E83C2EA42A06CA8F8C6A2BA5AB.jpg,,,2024-10-09T23:59:59.999999999+01:00,PROSPECTUS,13,3,,,
46185,5601050037203,440.0,Danone,"Iogurte Oikos Coco,  4 x 110 g",,1.99,4.52,0,kg,€/Kg,,,https://driveimg1.intermarche.com/pt/Content/images/boitmal/produit/zoom/BA3428D73096A6BA9FDEF5396D1EA05E.jpg,,,2024-10-04T23:59:59.999999999+01:00,PROSPECTUS,13,3,,,
46730,5054563049063,75.0,Parodontax,Dentífrico cuidado extra fresco,Embalagem de 75 ml,4.79,63.87,75,L,€/L,,,https://driveimg1.intermarche.com/pt/Content/images/boitmal/produit/zoom/C56C41AD87E833591F33AC729652E2B6.jpg,,,2024-10-09T23:59:59.999999999+01:00,PROSPECTUS,13,3,,,
47102,5603722520198,250.0,Mimosa,Manteiga com sal e sem lactose,Embalagem de 250g,2.29,9.16,0,kg,€/Kg,,,https://driveimg1.intermarche.com/pt/Content/images/boitmal/produit/zoom/B591AEA7549E84BED541D0651A14575A.jpg,https://driveimg1.intermarche.com/pt/Content/images/boitmal/produit/zoom/03F85375587D6FDFB4925819A11BDAE0.jpg,https://driveimg1.intermarche.com/pt/Content/images/boitmal/produit/zoom/851EE75BBBA7A9986AE9578DEC17E3F9.jpg,2024-10-09T23:59:59.999999999+01:00,PROSPECTUS,13,3,,,
47470,8001841811925,75.0,Oral B,Dentífrico Pro-Expert Branqueamento,Embalagem de 75 ml,2.99,39.87,75,L,€/L,,,https://driveimg1.intermarche.com/pt/Content/images/boitmal/produit/zoom/11253ED47BC980DDB95B516B9CA9E0EE.jpg,,,2024-10-04T23:59:59.999999999+01:00,PROSPECTUS,13,3,,,
47656,5600258596994,700.0,Super Pop,Detergente loiça tripla ação limão,700 ml,1.99,2.84,700,L,€/L,,,https://driveimg1.intermarche.com/pt/Content/images/boitmal/produit/zoom/9B6C1826DA2FD7A5C114D3E60B5F7249.jpg,,,2024-10-09T23:59:59.999999999+01:00,PROSPECTUS,13,3,,,
48652,8436048962581,128.0,Artiach,Filipinos Chocolate Branco e Frutos Vermelhos,Embalagem de 128g,1.09,8.52,0,kg,€/Kg,,,https://driveimg1.intermarche.com/pt/Content/images/boitmal/produit/zoom/46B12FFA168DEB4CBA7F7FBE418D00A3.jpg,,,2024-10-09T23:59:59.999999999+01:00,PROSPECTUS,13,3,,,
49221,5604260322602,90.0,PorSi,Saqueta puré de fruta,Embalagem de 90g,0.74,8.22,0,kg,€/Kg,,,https://driveimg1.intermarche.com/pt/Content/images/boitmal/produit/zoom/9893E2C7164F12F4E4974DE54879A4ED.jpg,,,2024-10-04T23:59:59.999999999+01:00,PROSPECTUS,13,3,,,
49225,5604260322657,90.0,PorSi,Saqueta puré de fruta,Embalagem de 90g,0.74,8.22,0,kg,€/Kg,,,https://driveimg1.intermarche.com/pt/Content/images/boitmal/produit/zoom/9AD870D1CAD79AE0716C1075F5C158F0.jpg,,,2024-10-04T23:59:59.999999999+01:00,PROSPECTUS,13,3,,,
49348,5601008102779,174.0,Vieira,Bolacha digestive aveia thin - vieira de castro,Embalagem de 174g,1.94,11.15,0,kg,€/Kg,,,https://driveimg1.intermarche.com/pt/Content/images/boitmal/produit/zoom/F29786FFFBEEB7C5F21511392823F962.jpg,,,2024-10-09T23:59:59.999999999+01:00,PROSPECTUS,13,3,,,
4935,5413149049550,,Swiffer,"Panos agarra pó, 20 recargas, 20 unidades",,3.59,3.59,0,,€/Unidade,,,https://driveimg1.intermarche.com/pt/Content/images/boitmal/produit/zoom/175F83E11D9B5936AD6A6554D1BAEAE4.jpg,,,2024-10-09T23:59:59.999999999+01:00,PROSPECTUS,13,3,,,
49359,5601146700066,6000.0,Sagres,Cerveja Mini,pack 24 x 0.25 l,11.49,1.92,6000,L,€/L,,,https://driveimg1.intermarche.com/pt/Content/images/boitmal/produit/zoom/6C2425FE0470CC14A198CD6F86FC4300.jpg,https://driveimg1.intermarche.com/pt/Content/images/boitmal/produit/zoom/B2E3D57423A20C8E7B4C1173F1457C2E.jpg,,2024-10-04T23:59:59.999999999+01:00,PROSPECTUS,13,3,,,
49463,8445290250322,600.0,Nestum,Flocos Cereais Mel,Embalagem de 600g,3.79,6.32,0,kg,€/Kg,,,https://driveimg1.intermarche.com/pt/Content/images/boitmal/produit/zoom/9F028579C623CFF4FC3FA9CCEB955938.jpg,,,2024-10-04T23:59:59.999999999+01:00,PROSPECTUS,13,3,,,
50389,8445290351401,,Nescafé,Cápsulas Café Sical Extra Creme Int. 7,Embalagem de 30 unidades,8.99,8.99,30,,€/Unidade,,,https://driveimg1.intermarche.com/pt/Content/images/boitmal/produit/zoom/D965C0B28E0B826E88C1C747AF626B8F.jpg,,,2024-10-04T23:59:59.999999999+01:00,PROSPECTUS,13,3,,,
50630,5603722521461,1208.0,Mimosa,"Iogurte magro liquido de ananas e manga, 8x151ml",,2.89,2.39,1208,L,€/L,,,https://driveimg1.intermarche.com/pt/Content/images/boitmal/produit/zoom/57AA4F959AC0E156C9A5EE1FBB6645F0.jpg,,,2024-10-09T23:59:59.999999999+01:00,PROSPECTUS,13,3,,,
50658,7622201724443,150.0,Philadelphia,Queijo Creme Light,Embalagem de 150g,1.79,11.93,0,kg,€/Kg,,,https://driveimg1.intermarche.com/pt/Content/images/boitmal/produit/zoom/1F5DBEB2C0B14CA8D92B81707B49E930.jpg,,,2024-10-09T23:59:59.999999999+01:00,PROSPECTUS,13,3,,,
51177,8410436440455,,Persil,Detergente máquina roupa sabão azul e branco,76 doses,9.99,9.99,0,,€/Unidade,,,https://driveimg1.intermarche.com/pt/Content/images/boitmal/produit/zoom/405B529427643132DC974A0DC45DDCCF.jpg,,,2024-10-04T23:59:59.999999999+01:00,PROSPECTUS,13,3,,,
51181,5601217137265,,Quanto,"Perfumador de Roupa Azul, 36 doses",,2.99,2.99,0,,€/Unidade,,,https://driveimg1.intermarche.com/pt/Content/images/boitmal/produit/zoom/D220904A5CC7339C1FC4FDBF74A24C1B.jpg,,,2024-10-04T23:59:59.999999999+01:00,PROSPECTUS,13,3,,,
51369,5000116125791,1400.0,Capitão Iglo,50 douradinhos de peixe ómega-3 iglo,Embalagem de 1.4 kg,12.99,9.28,0,kg,€/Kg,,Tipo de stockagem,https://driveimg1.intermarche.com/pt/Content/images/boitmal/produit/zoom/5F5682F8A5B575F68738EAA2498BE609.jpg,,,2024-10-09T23:59:59.999999999+01:00,PROSPECTUS,13,3,,,
5143,5601096201309,750.0,Casal Garcia,Vinho verde branco,Garrafa de 0.75 l,3.49,4.65,750,L,€/L,,,https://driveimg1.intermarche.com/pt/Content/images/boitmal/produit/zoom/056BD080A2D98C87EBA807C039694917.jpg,,,2024-10-09T23:59:59.999999999+01:00,PROSPECTUS,13,3,,,
5145,5601096328303,750.0,Casal Garcia,Vinho verde rosé,Garrafa de 0.75 l,3.29,4.39,750,L,€/L,,,https://driveimg1.intermarche.com/pt/Content/images/boitmal/produit/zoom/20A894B5576B761A4D61341AC01C602C.jpg,,,2024-10-09T23:59:59.999999999+01:00,PROSPECTUS,13,3,,,
51538,8006540752333,,Fairy,Detergente Loiça Máquina Platinum Plus Limão,Pack XXL de 48 pastilhas,12.99,12.99,0,,€/Unidade,,,https://driveimg1.intermarche.com/pt/Content/images/boitmal/produit/zoom/BF9EA7B5A162D4EDE7649782C5368BA2.jpg,,,2024-10-04T23:59:59.999999999+01:00,PROSPECTUS,13,3,,,
51837,8711327587205,2000.0,Lipton,Ice Tea Pêssego,Garrafa de 2 l,2.39,1.2,2000,L,€/L,,,https://driveimg1.intermarche.com/pt/Content/images/boitmal/produit/zoom/CEC4B87682C01CD71571EE1F09612EAF.jpg,,,2024-10-09T23:59:59.999999999+01:00,PROSPECTUS,13,3,,,
52021,8445290634887,320.0,Nesquik,"Achocolatado 0% Açucar, 320g",,3.99,12.47,0,kg,€/Kg,,,https://driveimg1.intermarche.com/pt/Content/images/boitmal/produit/zoom/80C5A8D121F6958A2DC4A384FEA55BC8.jpg,,,2024-10-09T23:59:59.999999999+01:00,PROSPECTUS,13,3,,,
52221,8720181370427,,Surf,Detergente Máquina de Roupa Coco,45 cápsulas,8.99,8.99,0,,€/Unidade,,,https://driveimg1.intermarche.com/pt/Content/images/boitmal/produit/zoom/B89060F66F34B8E1C79FE5068E94C801.jpg,,,2024-10-04T23:59:59.999999999+01:00,PROSPECTUS,13,3,,,
52324,8720181384899,,Skip,Detergente Máquina Roupa Líquido Active Fresh,56 Doses,9.99,9.99,0,,€/Unidade,,,https://driveimg1.intermarche.com/pt/Content/images/boitmal/produit/zoom/04DF579D55CD2D6A01A784ECE774108E.jpg,,,2024-10-04T23:59:59.999999999+01:00,PROSPECTUS,13,3,,,
52337,8720181392955,,Comfort,Amaciador Roupa Concentrado Creations Flor de Lótus e Lima,76 Doses,3.99,3.99,0,,€/Unidade,,,https://driveimg1.intermarche.com/pt/Content/images/boitmal/produit/zoom/18DD584DA1A39A596C301D171EB7721A.jpg,,,2024-10-04T23:59:59.999999999+01:00,PROSPECTUS,13,3,,,
52338,8720181392931,,Comfort,Amaciador Roupa Concentrado Creations Jasmim e Mirtilo,76 Doses,3.99,3.99,0,,€/Unidade,,,https://driveimg1.intermarche.com/pt/Content/images/boitmal/produit/zoom/DED7323146382FF9F9D6D0F2196F9D63.jpg,,,2024-10-04T23:59:59.999999999+01:00,PROSPECTUS,13,3,,,
52897,8720181392917,1332.0,Comfort,"Amaciador Concentrado Essência Pure, 74 Doses",,3.49,2.62,1332,L,€/L,,,https://driveimg1.intermarche.com/pt/Content/images/boitmal/produit/zoom/6C81AB307354BD851AD24288672BBAB9.jpg,,,2024-10-04T23:59:59.999999999+01:00,PROSPECTUS,13,3,,,
52938,5601217137746,,Finish,"Detergente Loiça Máquina Power Regular, 60 unidades",,11.99,11.99,60,,€/Unidade,,,https://driveimg1.intermarche.com/pt/Content/images/boitmal/produit/zoom/E450243CCF850E82EF5ADC69AB281BA1.jpg,,,2024-10-04T23:59:59.999999999+01:00,PROSPECTUS,13,3,,,
52944,8720181392900,1332.0,Comfort,"Amaciador Concentrado Essência Azul, 74 Doses",,3.49,2.62,1332,L,€/L,,,https://driveimg1.intermarche.com/pt/Content/images/boitmal/produit/zoom/E11C27145AD703889B20EE3212D34D08.jpg,,,2024-10-04T23:59:59.999999999+01:00,PROSPECTUS,13,3,,,
53459,5054563019332,,Sensodyne,Escova de Dentes Repair&Protect Suave,,3.14,3.14,1,,€/Unidade,,,https://driveimg1.intermarche.com/pt/Content/images/boitmal/produit/zoom/E5F6092397C5B36E660DBCEE698592D2.jpg,https://driveimg1.intermarche.com/pt/Content/images/boitmal/produit/zoom/6EED9F7E683BE9D1839B0B05D60BA43E.jpg,https://driveimg1.intermarche.com/pt/Content/images/boitmal/produit/zoom/6EED9F7E683BE9D1839B0B05D60BA43E.jpg,2024-10-09T23:59:59.999999999+01:00,PROSPECTUS,13,3,https://driveimg1.intermarche.com/pt/Content/images/boitmal/produit/zoom/6EED9F7E683BE9D1839B0B05D60BA43E.jpg,,
53578,8435495836452,,A+,"Detergente Máquina Roupa Cápsulas Optimal, 38 unidades",,8.99,8.99,38,,€/Unidade,,,https://driveimg1.intermarche.com/pt/Content/images/boitmal/produit/zoom/251AFAC143CA9A2FF54F45103650C454.jpg,https://driveimg1.intermarche.com/pt/Content/images/boitmal/produit/zoom/A152C9C75F49F8FB49CA4BA0395A8F08.jpg,https://driveimg1.intermarche.com/pt/Content/images/boitmal/produit/zoom/A152C9C75F49F8FB49CA4BA0395A8F08.jpg,2024-10-04T23:59:59.999999999+01:00,PROSPECTUS,13,3,,,
53673,5054563165008,75.0,Sensodyne,"Pasta de Dentes Sensibilidade, Gengivas e Esmalte",Embalagem de 75ml,3.95,52.67,75,L,€/L,,,https://driveimg1.intermarche.com/pt/Content/images/boitmal/produit/zoom/80A64A07B212B4B0881FA9380794ADE4.jpg,https://driveimg1.intermarche.com/pt/Content/images/boitmal/produit/zoom/1C6D3DA6400E71115D7D0C249255C6E4.jpg,https://driveimg1.intermarche.com/pt/Content/images/boitmal/produit/zoom/1C6D3DA6400E71115D7D0C249255C6E4.jpg,2024-10-09T23:59:59.999999999+01:00,PROSPECTUS,13,3,https://driveimg1.intermarche.com/pt/Content/images/boitmal/produit/zoom/1C6D3DA6400E71115D7D0C249255C6E4.jpg,,
53800,8410436435574,2250.0,Xtra,Detergente Máquina Roupa Líquido Gel Total Color,Embalagem de 50 Doses,7.99,3.55,2250,L,€/L,,,https://driveimg1.intermarche.com/pt/Content/images/boitmal/produit/zoom/4E596594043A409630F2B3B70BA9B24B.jpg,,,2024-10-04T23:59:59.999999999+01:00,PROSPECTUS,13,3,,,
54346,8435495843733,,Gama,"Detergente Roupa Máquina Líquido Cuidado Diário, 80D",,5.99,5.99,0,,€/Unidade,,,https://driveimg1.intermarche.com/pt/Content/images/boitmal/produit/zoom/89F3701956C1BC588CE89678ABB30513.jpg,,,2024-10-04T23:59:59.999999999+01:00,PROSPECTUS,13,3,,,
54361,8410104915186,,Finish,"Detergente Loiça Máquina Quantum Limão, 28 Pastilhas",,5.99,5.99,0,,€/Unidade,,,https://driveimg1.intermarche.com/pt/Content/images/boitmal/produit/zoom/1475A3F2DD398EC394FA4FC5F2649CB1.jpg,,,2024-10-04T23:59:59.999999999+01:00,PROSPECTUS,13,3,,,
5745,5603722513718,1000.0,Vigor,Leite pasteurizado m/g sem lactose,Garrafa de 1 l,1.15,1.15,1000,L,€/L,,,https://driveimg1.intermarche.com/pt/Content/images/boitmal/produit/zoom/2B0BBD13280229875622C8E875C24761.jpg,,,2024-10-09T23:59:59.999999999+01:00,PROSPECTUS,13,3,,,
5818,5604260063765,1000.0,PorSi,Macedonia de legumes,Embalagem de 1 kg,1.89,1.89,0,kg,€/Kg,,Tipo de stockagem,https://driveimg1.intermarche.com/pt/Content/images/boitmal/produit/zoom/FB7C912619E696B4A0C61F64E6787D35.jpg,,,2024-10-04T23:59:59.999999999+01:00,PROSPECTUS,13,3,,,
6689,8435257022567,720.0,Longa vida,"Iogurte magro morango,  6 x 120 g",,2.29,3.18,0,kg,€/Kg,,,https://driveimg1.intermarche.com/pt/Content/images/boitmal/produit/zoom/116F7996F4B8C9E36A9C4D0EB83317F7.jpg,,,2024-10-04T23:59:59.999999999+01:00,PROSPECTUS,13,3,,,
7241,3073780902441,120.0,Babybel,"Queijo light, mini",Embalagem de 120g,2.09,17.42,0,kg,€/Kg,,,https://driveimg1.intermarche.com/pt/Content/images/boitmal/produit/zoom/0AA8A610862F0A5133BDCC7393F67A54.jpg,,,2024-10-09T23:59:59.999999999+01:00,PROSPECTUS,13,3,,,
7324,3228020390131,250.0,Président,Manteiga magra meio sal,Embalagem de 250g,2.49,9.96,0,kg,€/Kg,,,https://driveimg1.intermarche.com/pt/Content/images/boitmal/produit/zoom/E0572D04FA5CEC1AC6556A139AF011D2.jpg,,,2024-10-09T23:59:59.999999999+01:00,PROSPECTUS,13,3,,,
8414,0000084105554,600.0,Actimel Danone,"Actimel natural, 600g",,2.79,4.65,0,kg,€/Kg,,,https://driveimg1.intermarche.com/pt/Content/images/boitmal/produit/zoom/7A186DC804919831E9938DE43EC05D70.jpg,,,2024-10-09T23:59:59.999999999+01:00,PROSPECTUS,13,3,,,
8416,5601050029345,1200.0,Actimel Danone,"Iogurte actimel morango, 12 x 100 g",,4.89,4.08,0,kg,€/Kg,,,https://driveimg1.intermarche.com/pt/Content/images/boitmal/produit/zoom/5FAD8A5314ADD212D31505EDB76818D0.jpg,,,2024-10-09T23:59:59.999999999+01:00,PROSPECTUS,13,3,,,
8537,5601119957206,120.0,Campofrio,Peito frango forno lenha  fatias clássicas,Embalagem de 120g,2.39,19.92,0,kg,€/Kg,,,https://driveimg1.intermarche.com/pt/Content/images/boitmal/produit/zoom/316713CBE56425C1457B9A3672568B05.jpg,,,2024-10-09T23:59:59.999999999+01:00,PROSPECTUS,13,3,,,
8672,5601164902589,5000.0,Super Bock,Cerveja Mini,Pack 20 x 25 cl,9.99,2.0,5000,L,€/L,,,https://driveimg1.intermarche.com/pt/Content/images/boitmal/produit/zoom/FD142F0CD2C15C33B72ED63E577444D5.jpg,,,2024-10-04T23:59:59.999999999+01:00,PROSPECTUS,13,3,,,
8794,5601237233220,750.0,JP,Vinho regional península de setúbal branco,Garrafa de 0.75 l,2.24,2.99,750,L,€/L,,,https://driveimg1.intermarche.com/pt/Content/images/boitmal/produit/zoom/056F6DB9A532825718031B0227D04223.jpg,,,2024-10-09T23:59:59.999999999+01:00,PROSPECTUS,13,3,,,
9161,5602154002920,750.0,Adega de Borba,Vinho tinto alentejo,Garrafa de 0.75 l,8.99,11.99,750,L,€/L,,,https://driveimg1.intermarche.com/pt/Content/images/boitmal/produit/zoom/9D4E622CDEFB67E1BEC54DD1E1636255.jpg,,,2024-10-09T23:59:59.999999999+01:00,PROSPECTUS,13,3,,,
9311,5603722502064,250.0,Mimosa,Manteiga fácil de barrar,Embalagem de 250g,2.09,8.36,0,kg,€/Kg,,,https://driveimg1.intermarche.com/pt/Content/images/boitmal/produit/zoom/4BF7FA2397A9EAF9E6403C8BF847293A.jpg,https://driveimg1.intermarche.com/pt/Content/images/boitmal/produit/zoom/A8C47E9F1F12DFE2439D3530C38E2D87.jpg,https://driveimg1.intermarche.com/pt/Content/images/boitmal/produit/zoom/2EE410FD3A0147BBB442FA96902FFF46.jpg,2024-10-09T23:59:59.999999999+01:00,PROSPECTUS,13,3,,,
939,5601001315107,200.0,Nestlé,Mistura solúvel tofina despertar,Embalagem de 200g,2.84,14.2,0,kg,€/Kg,,,https://driveimg1.intermarche.com/pt/Content/images/boitmal/produit/zoom/5CE6D55625AEDC805A15D1C134965D0D.jpg,,,2024-10-04T23:59:59.999999999+01:00,PROSPECTUS,13,3,,,
958,5601019012401,500.0,Guloso,Polpa de Tomate,Embalagem de 500g,1.09,2.18,0,kg,€/Kg,,,https://driveimg1.intermarche.com/pt/Content/images/boitmal/produit/zoom/20EBC153FCFDA3F6B93B2650D6C60B2B.jpg,,,2024-10-09T23:59:59.999999999+01:00,PROSPECTUS,13,3,,,
980,5601024134488,750.0,Oliveira da Serra,Azeite virgem extra clássico,Embalagem de 750 ml,6.99,9.32,750,L,€/L,,,https://driveimg1.intermarche.com/pt/Content/images/boitmal/produit/zoom/01EF39EFE8396CC9ACA95DC25E9D3412.jpg,,,2024-10-04T23:59:59.999999999+01:00,PROSPECTUS,13,3,,,
994,5601038001400,240.0,Knorr,Caldo de carne 24 cubos,Embalagem de 240g,2.49,10.38,0,kg,€/Kg,,,https://driveimg1.intermarche.com/pt/Content/images/boitmal/produit/zoom/68A4423296DD6413C068AA54F117A922.jpg,,,2024-10-09T23:59:59.999999999+01:00,PROSPECTUS,13,3,,,
46922,5601897500021,,Matinados,Ovos de Galinha ao Ar Livre Classe M/L,12 unidades,2.79,2.79,0,,€/Unidade,,,https://driveimg1.intermarche.com/pt/Content/images/boitmal/produit/zoom/D418E60C080058753E8CC98EB5E81765.jpg,,,2024-10-09T23:59:59.999999999+01:00,PROSPECTUS,13,3,,,
989,5601029004014,120.0,Bom Petisco,Atum posta em óleo,Embalagem de 120 g,1.18,9.83,0,kg,€/Kg,,,https://driveimg1.intermarche.com/pt/Content/images/boitmal/produit/zoom/824E43DBA120CAA5D21A19E116ABF32B.jpg,,,2024-10-09T23:59:59.999999999+01:00,PROSPECTUS,13,3,,,
8413,8410500008932,600.0,Actimel Danone,"Actimel morango, 6 x 100g",,2.79,4.65,0,kg,€/Kg,,,https://driveimg1.intermarche.com/pt/Content/images/boitmal/produit/zoom/F6EB1A175778A171D463316E7A3FAC27.jpg,,,2024-10-09T23:59:59.999999999+01:00,PROSPECTUS,13,3,,,
46216,5603722519925,480.0,Mimosa,"Iogurte batido magro com mirtilos sem lactose, 4 x 120 g",,1.89,3.94,0,kg,€/Kg,,,https://driveimg1.intermarche.com/pt/Content/images/boitmal/produit/zoom/BB82BE081E1283797B43170E5EC56176.jpg,,,2024-10-09T23:59:59.999999999+01:00,PROSPECTUS,13,3,,,
36263,5601027973060,480.0,Bimbo,Pão de forma integral,Embalagem de 480 g,1.84,3.83,0,kg,€/Kg,,,https://driveimg1.intermarche.com/pt/Content/images/boitmal/produit/zoom/706CDDCF91F9F779ABC5B2D4D8D2F75F.jpg,,,2024-10-09T23:59:59.999999999+01:00,PROSPECTUS,13,3,,,
18301,5604260278503,1280.0,PorSi,"Iogurte líquido morango,  8x160 ml",,2.59,2.02,1280,L,€/L,,,https://driveimg1.intermarche.com/pt/Content/images/boitmal/produit/zoom/82F4DF29967771E32A0D2A5BD395A808.jpg,,,2024-10-04T23:59:59.999999999+01:00,PROSPECTUS,13,3,,,
20434,5601244500063,1000.0,Terra Nostra,Leite de pastagem meio-gordo,Embalagem de 1 litro,0.88,0.88,1000,L,€/L,,,https://driveimg1.intermarche.com/pt/Content/images/boitmal/produit/zoom/3A3CE8D8DC040C520516EC66868110D4.jpg,https://driveimg1.intermarche.com/pt/Content/images/boitmal/produit/zoom/E82125FE177156A16B33D08208F11D7F.jpg,,2024-10-09T23:59:59.999999999+01:00,PROSPECTUS,13,3,,,
20918,5000116110964,840.0,Capitão Iglo,30 douradinhos,Embalagem de 840g,7.99,9.51,0,kg,€/Kg,,Tipo de stockagem,https://driveimg1.intermarche.com/pt/Content/images/boitmal/produit/zoom/AEDD14052902A045272594F0C20ABD33.jpg,,,2024-10-09T23:59:59.999999999+01:00,PROSPECTUS,13,3,,,
51403,5604260325689,1000.0,PorSi,"Vinagre de limpeza, 1 litrp",,0.95,0.95,1000,L,€/L,,,https://driveimg1.intermarche.com/pt/Content/images/boitmal/produit/zoom/D97716AE40F4384225AEA397971D7BFD.jpg,,,2024-10-04T23:59:59.999999999+01:00,PROSPECTUS,13,3,,,
18489,5600744051020,198.0,Saborosa,Bolacha de manteiga belga c/ chocolate,Embalagem de 200g,1.64,8.28,0,kg,€/Kg,,,https://driveimg1.intermarche.com/pt/Content/images/boitmal/produit/zoom/EC85EF320199ECBED8BA18BD4452787A.jpg,,,2024-10-09T23:59:59.999999999+01:00,PROSPECTUS,13,3,,,
22307,5601019012647,390.0,Guloso,Tomate em pedaços,Embalagem de 390g,1.45,3.72,0,kg,€/Kg,,,https://driveimg1.intermarche.com/pt/Content/images/boitmal/produit/zoom/4A21D86DB7B874B78F3C53E43852C123.jpg,,,2024-10-09T23:59:59.999999999+01:00,PROSPECTUS,13,3,,,
11613,5601164864467,1320.0,Somersby,Sidra maçã,pack 4 x 0.33 l,3.95,2.99,1320,L,€/L,,,https://driveimg1.intermarche.com/pt/Content/images/boitmal/produit/zoom/6483890D0FF6343894A37D6DC6393C66.jpg,,,2024-10-09T23:59:59.999999999+01:00,PROSPECTUS,13,3,,,
9184,5602348062754,70.0,Damatta,Presunto sabor português fatiado,Embalagem de 70 g,2.29,32.71,0,kg,€/Kg,,,https://driveimg1.intermarche.com/pt/Content/images/boitmal/produit/zoom/0A14ED361A0023E1AFBFC3FC3C5833B1.jpg,,,2024-10-09T23:59:59.999999999+01:00,PROSPECTUS,13,3,,,
2590,7622300292522,185.0,Milka,Bolachas choco mini estrelas,Embalagem de 190g,1.99,10.76,0,kg,€/Kg,,,https://driveimg1.intermarche.com/pt/Content/images/boitmal/produit/zoom/8F4C0390D660B2DF6654D0F196E37C68.jpg,,,2024-10-09T23:59:59.999999999+01:00,PROSPECTUS,13,3,,,
10509,8435250297955,256.0,Nestlé,"Iogurte mix-in smarties baunilha,  2 x 128 g",,1.99,7.77,0,kg,€/Kg,,,https://driveimg1.intermarche.com/pt/Content/images/boitmal/produit/zoom/4FC6F733C531A7A948940F213F0E604D.jpg,,,2024-10-09T23:59:59.999999999+01:00,PROSPECTUS,13,3,,,
40741,5604260302918,3000.0,PorSi,"Óleo de girassol, garrafa de 3 litros",,4.5,1.5,3000,L,€/L,,,https://driveimg1.intermarche.com/pt/Content/images/boitmal/produit/zoom/F8F2282166953BFE9B7A3B071CD9B3CE.jpg,,,2024-10-04T23:59:59.999999999+01:00,PROSPECTUS,13,3,,,
48551,7613287300393,209.0,Nescafé,Cápsulas Café Buondi Int. 8,Embalagem de 209g,8.99,43.01,0,kg,€/Kg,,,https://driveimg1.intermarche.com/pt/Content/images/boitmal/produit/zoom/3C2972EF213A813C45BFB5F845259020.jpg,,,2024-10-04T23:59:59.999999999+01:00,PROSPECTUS,13,3,,,
10095,8435257040899,640.0,Nestlé,"Iogurte líquido yoggi morango,  4 x 160 g",,1.99,3.11,0,kg,€/Kg,,,https://driveimg1.intermarche.com/pt/Content/images/boitmal/produit/zoom/F1F347BA34EB28F1148C3C442A42CC17.jpg,,,2024-10-09T23:59:59.999999999+01:00,PROSPECTUS,13,3,,,
16022,5601146703609,5000.0,Sagres,Cerveja Mini,20 x 0.25 l,9.99,2.0,5000,L,€/L,,,https://driveimg1.intermarche.com/pt/Content/images/boitmal/produit/zoom/FF51CCF9441973386AEED91491E4E439.jpg,,,2024-10-04T23:59:59.999999999+01:00,PROSPECTUS,13,3,,,
44701,5053990156009,175.0,Pringles,Pringles original,Embalagem de 175g,2.39,13.66,0,kg,€/Kg,,,https://driveimg1.intermarche.com/pt/Content/images/boitmal/produit/zoom/A4350F1969E3C38471802CC20C7A43A5.jpg,https://driveimg1.intermarche.com/pt/Content/images/boitmal/produit/zoom/843E1395B62C4B40E91467CF90852642.jpg,https://driveimg1.intermarche.com/pt/Content/images/boitmal/produit/zoom/843E1395B62C4B40E91467CF90852642.jpg,2024-10-09T23:59:59.999999999+01:00,PROSPECTUS,13,3,https://driveimg1.intermarche.com/pt/Content/images/boitmal/produit/zoom/843E1395B62C4B40E91467CF90852642.jpg,,
15879,5601164902282,3000.0,Super Bock,Cerveja Mini,Pack 15 x 0.20 L,6.99,2.33,3000,L,€/L,,,https://driveimg1.intermarche.com/pt/Content/images/boitmal/produit/zoom/B6A4FA8F12716114DD47B614825CAA6B.jpg,,,2024-10-04T23:59:59.999999999+01:00,PROSPECTUS,13,3,,,
17174,2891285000000,1000.0,Novilho,Costeletão,Vendido ao peso a partir de 1 kg,6.99,6.99,0,,€/Kg,,,https://driveimg1.intermarche.com/pt/Content/images/boitmal/produit/zoom/3119B572BBCB66D5B0D8D4234718B722.jpg,,,2024-10-09T23:59:59.999999999+01:00,PROSPECTUS,13,3,,,
17873,8718951037885,500.0,Ajax,"Limpa vidros recarga tripla ação, 500 ml",,1.79,3.58,500,L,€/L,,,https://driveimg1.intermarche.com/pt/Content/images/boitmal/produit/zoom/42625D659AA36AA56C9B694404679879.jpg,,,2024-10-09T23:59:59.999999999+01:00,PROSPECTUS,13,3,,,
5844,5604260129010,500.0,PorSi,"Detergente manual de loiça, ultra limão",Embalagem de 500 ml,1.29,2.58,500,L,€/L,,,https://driveimg1.intermarche.com/pt/Content/images/boitmal/produit/zoom/F5812DB73A356DF41E76F00AC1B3D632.jpg,,,2024-10-04T23:59:59.999999999+01:00,PROSPECTUS,13,3,,,
1292,5601151354452,1000.0,Compal,"Néctar vital equilibrio manga e laranja, 1 l",,1.19,1.19,1000,L,€/L,,,https://driveimg1.intermarche.com/pt/Content/images/boitmal/produit/zoom/30D2BA582C7246DE27BB90D053759BF5.jpg,,,2024-10-09T23:59:59.999999999+01:00,PROSPECTUS,13,3,,,
19368,5606586000417,250.0,Legumes,Tomate Cherry,Embalagem de 250 g,1.49,5.96,0,kg,€/Kg,,,https://driveimg1.intermarche.com/pt/Content/images/boitmal/produit/zoom/5696AF4CF4EA8EEE176DF8D04ED26B65.jpg,,,2024-10-09T23:59:59.999999999+01:00,PROSPECTUS,13,3,,,
13566,2893560000000,250.0,Congelado de Aquicultura,Camarão Congelado 20/30,1 un = 250 gr  (aprox.),2.25,8.99,0,,€/Kg,,Avantages !,https://driveimg1.intermarche.com/pt/Content/images/boitmal/produit/zoom/863DB9F10BE616A55736AB7A17BC6BB5.jpg,,,2024-10-09T23:59:59.999999999+01:00,PROSPECTUS,13,3,,,
51537,8410436441827,,Vernel,Amaciador Concentrado Maldivas,70 doses,3.49,3.49,0,,€/Unidade,,,https://driveimg1.intermarche.com/pt/Content/images/boitmal/produit/zoom/1E5954FABCBB04BE4B29CED1B30BFE51.jpg,,,2024-10-04T23:59:59.999999999+01:00,PROSPECTUS,13,3,,,
18376,5601027009769,480.0,Panrico,Pão de forma sem côdea 9 cereais,Embalagem de 480g,1.99,4.15,0,kg,€/Kg,,,https://driveimg1.intermarche.com/pt/Content/images/boitmal/produit/zoom/8EA87A74509490C8F5D61F51394BE113.jpg,,,2024-10-09T23:59:59.999999999+01:00,PROSPECTUS,13,3,,,
43215,5603722519802,300.0,Castelões,"Queijo curado fatias sem lactose, 2x150g",,3.49,11.63,0,kg,€/Kg,,,https://driveimg1.intermarche.com/pt/Content/images/boitmal/produit/zoom/A38E906AD622F9771DCC5D3D281D8943.jpg,,,2024-10-09T23:59:59.999999999+01:00,PROSPECTUS,13,3,,,
44234,8710522854815,257.0,Calvé,Mostarda,Embalagem de 257g,1.68,6.54,0,kg,€/Kg,,,https://driveimg1.intermarche.com/pt/Content/images/boitmal/produit/zoom/7979D994594677C477DA08ADD5A2E9CB.jpg,,,2024-10-09T23:59:59.999999999+01:00,PROSPECTUS,13,3,,,
52377,8720181385131,,Skip,Detergente Máquina Roupa Líquido Sabão Natural,100 Doses,11.99,11.99,0,,€/Unidade,,,https://driveimg1.intermarche.com/pt/Content/images/boitmal/produit/zoom/C8D069DB25783C2FC7889DE8456B0590.jpg,,,2024-10-09T23:59:59.999999999+01:00,PROSPECTUS,13,3,,,
11501,5601049612084,130.0,Mimosa,Manteiga com sal,Embalagem de 130g,1.29,9.92,0,kg,€/Kg,,,https://driveimg1.intermarche.com/pt/Content/images/boitmal/produit/zoom/DC7A16E0542B828D039563A6AD9E73FE.jpg,https://driveimg1.intermarche.com/pt/Content/images/boitmal/produit/zoom/1207D37BB442FDD5C918BE023189F00C.jpg,,2024-10-09T23:59:59.999999999+01:00,PROSPECTUS,13,3,,,
11963,5603722505775,250.0,Mimosa,Manteiga sem sal,Embalagem de 250g,1.99,7.96,0,kg,€/Kg,,,https://driveimg1.intermarche.com/pt/Content/images/boitmal/produit/zoom/328B59C6E2944F7ED81679344E5E6191.jpg,https://driveimg1.intermarche.com/pt/Content/images/boitmal/produit/zoom/1EA90F949357E7F98D48732996035C6E.jpg,https://driveimg1.intermarche.com/pt/Content/images/boitmal/produit/zoom/1F0AD169BB42B947BB5B96F6E89FDECD.jpg,2024-10-09T23:59:59.999999999+01:00,PROSPECTUS,13,3,,,
1269,5601151021750,850.0,Compal,Feijão preto 4/4,Lata de 850g,1.74,2.05,850,L,€/L,,,https://driveimg1.intermarche.com/pt/Content/images/boitmal/produit/zoom/21DABA3EFA33FCE5CAC8AAB060A46375.jpg,,,2024-10-09T23:59:59.999999999+01:00,PROSPECTUS,13,3,,,
13000,2892533000000,1000.0,Legumes,Couve branca,1 un= 1 kg aprox,0.89,0.89,0,,€/Kg,,,https://driveimg1.intermarche.com/pt/Content/images/boitmal/produit/zoom/4A118CCD7A01ABE88026942CC385EB6B.jpg,,,2024-10-09T23:59:59.999999999+01:00,PROSPECTUS,13,3,,,
17207,8006540943687,1800.0,Fairy,Detergente manual de loiça limão,Embalagem de 2 x 900 ml,5.99,3.33,1800,L,€/L,,,https://driveimg1.intermarche.com/pt/Content/images/boitmal/produit/zoom/B2EE328B1B3FB1BA0162E77ED87C40E9.jpg,,,2024-10-09T23:59:59.999999999+01:00,PROSPECTUS,13,3,,,
17892,5601082039800,220.0,Delta Q,Café xl qalidus cápsulas,Embalagem de 220g,14.99,68.14,0,kg,€/Kg,,,https://driveimg1.intermarche.com/pt/Content/images/boitmal/produit/zoom/366FA5D4E032D6F1950F570ABB5EB801.jpg,,,2024-10-04T23:59:59.999999999+01:00,PROSPECTUS,13,3,,,
41384,5601050036602,440.0,Danone,"Iogurte grego oikos stracciatella,  4 x 110 g",,1.99,4.52,0,kg,€/Kg,,,https://driveimg1.intermarche.com/pt/Content/images/boitmal/produit/zoom/A0A6F59B7D5832D67ED1CDB718D78849.jpg,,,2024-10-04T23:59:59.999999999+01:00,PROSPECTUS,13,3,,,
49293,8436048962680,128.0,Artiach,Filipinos chocolate leite,Embalagem de 128g,1.09,8.52,0,kg,€/Kg,,,https://driveimg1.intermarche.com/pt/Content/images/boitmal/produit/zoom/CBA0BC5160CAF060D67235F585601BD5.jpg,,,2024-10-09T23:59:59.999999999+01:00,PROSPECTUS,13,3,,,
49479,5601151969465,1750.0,Sumol,Refrigerante com Gás Laranja Sem Açúcar,Garrafa de 1.75 l,1.39,0.79,1750,L,€/L,,,https://driveimg1.intermarche.com/pt/Content/images/boitmal/produit/zoom/B1A5F916FFA77C7E7F9A1CB0E85C459E.jpg,,,2024-10-04T23:59:59.999999999+01:00,PROSPECTUS,13,3,,,
50657,7622201723767,150.0,Philadelphia,Queijo Creme Regular,Embalagem de 150g,1.79,11.93,0,kg,€/Kg,,,https://driveimg1.intermarche.com/pt/Content/images/boitmal/produit/zoom/557EC9F2DADB9BBCF07CBF75BC9EC55D.jpg,,,2024-10-09T23:59:59.999999999+01:00,PROSPECTUS,13,3,,,
9935,7622300292508,180.0,Milka,Bolachas waffers com chocolate de leite,Embalagem de 180g,2.44,13.56,0,kg,€/Kg,,,https://driveimg1.intermarche.com/pt/Content/images/boitmal/produit/zoom/FA8770D46823FAEE83F51E2F8B2CC3E5.jpg,,,2024-10-09T23:59:59.999999999+01:00,PROSPECTUS,13,3,,,
15921,2696132000000,650.0,Pastelaria,Tarte de Flan,embalagem com 650g,3.99,6.14,0,kg,€/Kg,,,https://driveimg1.intermarche.com/pt/Content/images/boitmal/produit/zoom/ED39F28F801F005A2DCBAC6F63D8E3C5.jpg,,,2024-10-09T23:59:59.999999999+01:00,PROSPECTUS,13,3,,,
17667,2894441000000,100.0,Salsicharia Limiana,Chourição,1 un = 100 gr (aprox.),0.7,6.99,0,,€/Kg,,,https://driveimg1.intermarche.com/pt/Content/images/boitmal/produit/zoom/5CBAE8286CA636C8895C6C56B7142118.jpg,,,2024-10-09T23:59:59.999999999+01:00,PROSPECTUS,13,3,,,
25881,5601151155257,3000.0,Serra da estrela,Água s/ gás,"Pack 6 x 0,50 l",1.69,0.56,3000,L,€/L,,,https://driveimg1.intermarche.com/pt/Content/images/boitmal/produit/zoom/9CF77A1C934CC8E61A27D917F276D515.jpg,,,2024-10-09T23:59:59.999999999+01:00,PROSPECTUS,13,3,,,
44240,8410500010539,1200.0,Actimel Danone,"Actimel Kids, 12 x 100 g",,4.89,4.08,0,kg,€/Kg,,,https://driveimg1.intermarche.com/pt/Content/images/boitmal/produit/zoom/30A5D0ACB9ED08A0E0975059507175B8.jpg,,,2024-10-09T23:59:59.999999999+01:00,PROSPECTUS,13,3,,,
49480,5601151969458,1750.0,Sumol,Refrigerante com Gás Ananás Sem Açúcar,Garrafa de 1.75 l,1.39,0.79,1750,L,€/L,,,https://driveimg1.intermarche.com/pt/Content/images/boitmal/produit/zoom/4A159117E2730F166C16E5A6DF517C87.jpg,,,2024-10-04T23:59:59.999999999+01:00,PROSPECTUS,13,4,,,
6278,8410001103877,,Scotch Brite,"Esfregão com Esponja Salva Unhas Fibra Verde Gama Classic, 2 unidades",,0.99,0.99,0,,€/Unidade,,,https://driveimg1.intermarche.com/pt/Content/images/boitmal/produit/zoom/E718E77E4D972A0ADC7B7B914A9452B5.jpg,,,2024-10-09T23:59:59.999999999+01:00,PROSPECTUS,13,4,,,
37992,5601027943551,650.0,Bimbo,"Pão de forma sem côdea 10 cereais, embalagem 650 g",,2.29,3.52,0,kg,€/Kg,,,https://driveimg1.intermarche.com/pt/Content/images/boitmal/produit/zoom/E65A0CCDAE1A5FCAC2C1D9A9BA0AFBC6.jpg,,,2024-10-09T23:59:59.999999999+01:00,PROSPECTUS,13,4,,,
5093,5601050033755,620.0,Danone,"Iogurte activia líquido 0% morango/kiwi,  4 x 155 g",,1.99,3.21,0,kg,€/Kg,,,https://driveimg1.intermarche.com/pt/Content/images/boitmal/produit/zoom/29B41AE598716D0550D815AA0FE86025.jpg,,,2024-10-09T23:59:59.999999999+01:00,PROSPECTUS,13,4,,,
8400,5601050033779,620.0,Danone,"Iogurte activia líquido cereais,  4 x 155 g",,1.99,3.21,0,kg,€/Kg,,,https://driveimg1.intermarche.com/pt/Content/images/boitmal/produit/zoom/3AC3707CF655B8CC61D2C80E4828D7C8.jpg,,,2024-10-09T23:59:59.999999999+01:00,PROSPECTUS,13,4,,,
959,5601019012418,1000.0,Guloso,Polpa de Tomate,Embalagem de 1 kg,1.79,1.79,0,kg,€/Kg,,,https://driveimg1.intermarche.com/pt/Content/images/boitmal/produit/zoom/3B354CF768C18B28FB1B1316955F339F.jpg,,,2024-10-09T23:59:59.999999999+01:00,PROSPECTUS,13,4,,,
11922,5603089001125,200.0,Parmalat,Molho bechamel,Embalagem de 200 ml,1.01,5.05,200,L,€/L,,,https://driveimg1.intermarche.com/pt/Content/images/boitmal/produit/zoom/9C3458C8BB2A370E8731689890BBDCF8.jpg,,,2024-10-09T23:59:59.999999999+01:00,PROSPECTUS,13,4,,,
1228,5601146230518,1500.0,Joi,"Refrigerante sem gás, laranja","Garrafa de 1,5 l",0.99,0.66,1500,L,€/L,,,https://driveimg1.intermarche.com/pt/Content/images/boitmal/produit/zoom/277ED8947CD78C9CC5A552FB0B1FDBC2.jpg,,,2024-10-09T23:59:59.999999999+01:00,PROSPECTUS,13,4,,,
16003,5000116109630,300.0,Capitão Iglo,12 douradinhos forníssimo,Embalagem de 300g,3.49,11.63,0,kg,€/Kg,,Tipo de stockagem,https://driveimg1.intermarche.com/pt/Content/images/boitmal/produit/zoom/233E9FC9471A71F1B4977B2D8B4AFE95.jpg,,,2024-10-09T23:59:59.999999999+01:00,PROSPECTUS,13,4,,,
19586,8435257028057,720.0,Longa vida,"Iogurte aroma 0% tutti fruti/coco,  6 x 120 g",,2.29,3.18,0,kg,€/Kg,,,https://driveimg1.intermarche.com/pt/Content/images/boitmal/produit/zoom/18D91A939DFD31509CD0E9DB0A5315E6.jpg,,,2024-10-04T23:59:59.999999999+01:00,PROSPECTUS,13,4,,,
25262,5000116112166,208.0,Capitão Iglo,10 nuggets de frango,Embalagem de 210g,2.99,14.38,0,kg,€/Kg,,Tipo de stockagem,https://driveimg1.intermarche.com/pt/Content/images/boitmal/produit/zoom/4CF12EA727EBC42ED8634368F0F21B4F.jpg,,,2024-10-09T23:59:59.999999999+01:00,PROSPECTUS,13,4,,,
44809,7613035593756,1000.0,Nesquik,Achocolatado em saco,Embalagem de 1 kg,5.59,5.59,0,kg,€/Kg,,,https://driveimg1.intermarche.com/pt/Content/images/boitmal/produit/zoom/7A82F6A4FFDD5A747845650B2714ACA6.jpg,,,2024-10-09T23:59:59.999999999+01:00,PROSPECTUS,13,4,,,
5247,5601151720752,850.0,Compal,Feijão frade,Lata de 850g,1.74,2.05,0,kg,€/Kg,,,https://driveimg1.intermarche.com/pt/Content/images/boitmal/produit/zoom/9F9B431A96B6B05E71B79E3CE414A982.jpg,,,2024-10-09T23:59:59.999999999+01:00,PROSPECTUS,13,4,,,
944,5601001339301,200.0,Nestlé,Mistura solúvel mokambo,Embalagem de 200g,3.99,19.95,0,kg,€/Kg,,,https://driveimg1.intermarche.com/pt/Content/images/boitmal/produit/zoom/A8F3A8EB08BBF4181F15A95334F151A2.jpg,,,2024-10-04T23:59:59.999999999+01:00,PROSPECTUS,13,4,,,
1271,5601151043455,1000.0,Compal,Néctar vital equilibrio laranja/cenoura/manga,Embalagem de 1 l,1.35,1.35,1000,L,€/L,,,https://driveimg1.intermarche.com/pt/Content/images/boitmal/produit/zoom/3AF115231F2C0FD57C62006464E6A0F7.jpg,,,2024-10-09T23:59:59.999999999+01:00,PROSPECTUS,13,4,,,
6061,5608527000562,5000.0,Dom Campos,"Vinho branco região da península de setúbal, bag in box",Garrafa de 5 l,6.99,1.4,5000,L,€/L,,,https://driveimg1.intermarche.com/pt/Content/images/boitmal/produit/zoom/F14CE895B9322B2661C9E8368F1C4318.jpg,,,2024-10-09T23:59:59.999999999+01:00,PROSPECTUS,13,4,,,
9813,5608527005796,5000.0,Dom Campos,"Vinho rosé, região península de setúbal, bag in box",Garrafa de 5 l,6.99,1.4,5000,L,€/L,,,https://driveimg1.intermarche.com/pt/Content/images/boitmal/produit/zoom/1A5B5687ED618359A1E759230A6F46D3.jpg,,,2024-10-09T23:59:59.999999999+01:00,PROSPECTUS,13,4,,,
14346,3387390406849,150.0,Nestlé,Barras cereais chocapic,Embalagem de 150g,2.79,18.6,0,kg,€/Kg,,,https://driveimg1.intermarche.com/pt/Content/images/boitmal/produit/zoom/62C7C838E38BFF97731D8D005E4F2D59.jpg,,,2024-10-09T23:59:59.999999999+01:00,PROSPECTUS,13,4,,,
14372,8712100599392,550.0,Calvé,Ketchup XXL,Embalagem de 550g,2.89,5.25,0,kg,€/Kg,,,https://driveimg1.intermarche.com/pt/Content/images/boitmal/produit/zoom/4544D7A761DF83B5B8BF2C6EF0FF53D9.jpg,https://driveimg1.intermarche.com/pt/Content/images/boitmal/produit/zoom/FE7F103C359D2D1FD7BF3FDC8DD381BA.jpg,https://driveimg1.intermarche.com/pt/Content/images/boitmal/produit/zoom/FE7F103C359D2D1FD7BF3FDC8DD381BA.jpg,2024-10-09T23:59:59.999999999+01:00,PROSPECTUS,13,4,,,
16493,8718951037939,500.0,Ajax,"Limpa vidros pistola, cristal, embalagem de 500 ml",,1.95,3.9,500,L,€/L,,,https://driveimg1.intermarche.com/pt/Content/images/boitmal/produit/zoom/E563EF990460546D67BF949773E0A516.jpg,,,2024-10-09T23:59:59.999999999+01:00,PROSPECTUS,13,4,,,
17665,8712100745591,753.0,Calvé,Maionese XXL,Embalagem de 753 g,3.69,4.9,0,kg,€/Kg,,,https://driveimg1.intermarche.com/pt/Content/images/boitmal/produit/zoom/69DD5C01FA6303DE3BD821864A539AC3.jpg,,,2024-10-09T23:59:59.999999999+01:00,PROSPECTUS,13,4,,,
2608,7622300784751,175.0,Milka,Bolos cake e chococolate,Embalagem de 180g,2.14,12.23,0,kg,€/Kg,,,https://driveimg1.intermarche.com/pt/Content/images/boitmal/produit/zoom/0D2AD5B70424093B71C1FFA8B5C544BB.jpg,,,2024-10-09T23:59:59.999999999+01:00,PROSPECTUS,13,4,,,
35983,5601027972735,700.0,Bimbo,Pão de forma torradas familiares,Embalagem de 700 g,1.99,2.84,0,kg,€/Kg,,,https://driveimg1.intermarche.com/pt/Content/images/boitmal/produit/zoom/235876653DE3C23FDDF51ADFA446C532.jpg,,,2024-10-09T23:59:59.999999999+01:00,PROSPECTUS,13,4,,,
37948,5601217132697,500.0,Cillitbang,Spray limpeza casa de banho,Embalagem de 500 ml,2.49,4.98,500,L,€/L,,,https://driveimg1.intermarche.com/pt/Content/images/boitmal/produit/zoom/62E5A8E0A6D5CF81B7A29AA6D1070117.jpg,,,2024-10-04T23:59:59.999999999+01:00,PROSPECTUS,13,4,,,
51427,8410436441766,,Vernel,Amaciador Concentrado Lírio Irresistível,70 doses,3.49,3.49,0,,€/Unidade,,,https://driveimg1.intermarche.com/pt/Content/images/boitmal/produit/zoom/DE9021DA501490230A96ECEA8DFE738E.jpg,,,2024-10-04T23:59:59.999999999+01:00,PROSPECTUS,13,4,,,
8391,5601049159992,1000.0,Mimosa,Leite especial cálcio + vitamina d magro,Garrafa de 1 l,0.89,0.89,1000,L,€/L,,,https://driveimg1.intermarche.com/pt/Content/images/boitmal/produit/zoom/9A4AD44FB60B5A45579B826AAB547587.jpg,,,2024-10-09T23:59:59.999999999+01:00,PROSPECTUS,13,4,,,
9111,5601989001412,750.0,Monte Velho,Vinho regional alentejano tinto,Garrafa de 0.75 l,3.49,4.65,750,L,€/L,,,https://driveimg1.intermarche.com/pt/Content/images/boitmal/produit/zoom/71C75E8C8338510892305D4318796B26.jpg,,,2024-10-09T23:59:59.999999999+01:00,PROSPECTUS,13,4,,,
15489,7613031884247,4000.0,Friskies,"Ração para gato adulto com vaca, frango",Embalagem de 4kg,10.79,2.7,0,kg,€/Kg,,,https://driveimg1.intermarche.com/pt/Content/images/boitmal/produit/zoom/3758935B87F55535F41EEF08B41E8342.jpg,,,2024-10-09T23:59:59.999999999+01:00,PROSPECTUS,13,4,,,
18161,5601164884465,1320.0,Somersby,Sidra frutos vermelhos,pack 4 x 0.33 l,3.95,2.99,1320,L,€/L,,,https://driveimg1.intermarche.com/pt/Content/images/boitmal/produit/zoom/BAB502492C411014B4CF03144D1A8CCB.jpg,,,2024-10-09T23:59:59.999999999+01:00,PROSPECTUS,13,4,,,
20264,5000116110872,180.0,Iglo,Crocantes frango parmesão e ervas,Embalagem de 180g,3.74,20.78,0,kg,€/Kg,,Tipo de stockagem,https://driveimg1.intermarche.com/pt/Content/images/boitmal/produit/zoom/D8CF2D65B55930225EB9E80FCB37828C.jpg,,,2024-10-09T23:59:59.999999999+01:00,PROSPECTUS,13,4,,,
20433,5601244500070,1000.0,Terra Nostra,Leite de pastagem magro,Embalagem de 1 litro,0.88,0.88,1000,L,€/L,,,https://driveimg1.intermarche.com/pt/Content/images/boitmal/produit/zoom/61EFC0152A934985E04C1F26B293B085.jpg,https://driveimg1.intermarche.com/pt/Content/images/boitmal/produit/zoom/E6424B45F8177C670F59F3BF8C085519.jpg,,2024-10-09T23:59:59.999999999+01:00,PROSPECTUS,13,4,,,
2506,7613033269707,400.0,Friskies,Ração para gato adulto com atum e legumes selecionados,Embalagem de 400g,1.86,4.65,0,kg,€/Kg,,,https://driveimg1.intermarche.com/pt/Content/images/boitmal/produit/zoom/312085192EC38A0CD177D73C362AF824.jpg,,,2024-10-09T23:59:59.999999999+01:00,PROSPECTUS,13,4,,,
25397,8426617014032,90.0,Haribo,Gomas favoritos açúcar,Embalagem de 90g,1.04,11.56,0,kg,€/Kg,,,https://driveimg1.intermarche.com/pt/Content/images/boitmal/produit/zoom/CB2D3A429B70394C527322D309B14285.jpg,,,2024-10-09T23:59:59.999999999+01:00,PROSPECTUS,13,4,,,
25538,7613035800281,1500.0,Friskies,Ração para gato esterilizado com peru,"Embalagem de 1,5 kg",5.85,3.9,0,kg,€/Kg,,,https://driveimg1.intermarche.com/pt/Content/images/boitmal/produit/zoom/F7CBFFFF3C5FDA5053462496D72FDD69.jpg,,,2024-10-09T23:59:59.999999999+01:00,PROSPECTUS,13,4,,,
25906,8412600071144,650.0,Bimbo,"Pão de forma especial torradas s/ côdea, 650g",,2.09,3.22,0,kg,€/Kg,,,https://driveimg1.intermarche.com/pt/Content/images/boitmal/produit/zoom/FE072CBAE2B254D11818DC4B4A08F173.jpg,,,2024-10-09T23:59:59.999999999+01:00,PROSPECTUS,13,4,,,
49093,5601082049656,440.0,Delta Q,Cápsulas de Café Grand Qalidus,Embalagem com 80 cápsulas,24.99,56.8,0,kg,€/Kg,,,https://driveimg1.intermarche.com/pt/Content/images/boitmal/produit/zoom/8DEE7FD145D59AAEDF41BEFA511386BD.jpg,,,2024-10-04T23:59:59.999999999+01:00,PROSPECTUS,13,4,,,
49223,5604260322633,90.0,PorSi,Saqueta puré de fruta e bolacha,Embalagem de 90g,0.74,8.22,0,kg,€/Kg,,,https://driveimg1.intermarche.com/pt/Content/images/boitmal/produit/zoom/F218EA95CBA167422382632AB54B0FE0.jpg,,,2024-10-04T23:59:59.999999999+01:00,PROSPECTUS,13,4,,,
51429,8410436441582,,Vernel,Amaciador Concentrado Magia De Magnólia,70 doses,3.49,3.49,0,,€/Unidade,,,https://driveimg1.intermarche.com/pt/Content/images/boitmal/produit/zoom/62706D733A79A883B313F5BDFF7369D2.jpg,,,2024-10-04T23:59:59.999999999+01:00,PROSPECTUS,13,4,,,
52339,8720181392924,,Comfort,Amaciador Roupa Concentrado Creations Lírios e Morango,76 Doses,3.99,3.99,0,,€/Unidade,,,https://driveimg1.intermarche.com/pt/Content/images/boitmal/produit/zoom/8F3E1CB8E1F41E507DB7FBA8EF126461.jpg,,,2024-10-04T23:59:59.999999999+01:00,PROSPECTUS,13,4,,,
1331,5601165006255,260.0,Calvé,Molho de alho,Embalagem de 260g,1.94,7.46,0,kg,€/Kg,,,https://driveimg1.intermarche.com/pt/Content/images/boitmal/produit/zoom/089B1CAB7287353404366CB7226AD30F.jpg,https://driveimg1.intermarche.com/pt/Content/images/boitmal/produit/zoom/5F13F0DF96776682A865C5AC21E8DB42.jpg,https://driveimg1.intermarche.com/pt/Content/images/boitmal/produit/zoom/5F13F0DF96776682A865C5AC21E8DB42.jpg,2024-10-09T23:59:59.999999999+01:00,PROSPECTUS,13,4,https://driveimg1.intermarche.com/pt/Content/images/boitmal/produit/zoom/5F13F0DF96776682A865C5AC21E8DB42.jpg,,
23353,5000116112197,375.0,Capitão Iglo,18 nuggets de frango,Embalagem de 380g,4.99,13.31,0,kg,€/Kg,,Tipo de stockagem,https://driveimg1.intermarche.com/pt/Content/images/boitmal/produit/zoom/9D484954D4D236D651A8F338A7717B74.jpg,,,2024-10-09T23:59:59.999999999+01:00,PROSPECTUS,13,4,,,
25275,5775345121578,700.0,Sunquick,Concentrado de laranja,Garrafa de 700 ml,4.86,6.94,700,L,€/L,,,https://driveimg1.intermarche.com/pt/Content/images/boitmal/produit/zoom/8F6159314AFA9ACA4FB2EC88A7BBF04D.jpg,,,2024-10-09T23:59:59.999999999+01:00,PROSPECTUS,13,4,,,
2588,7622300270469,150.0,Milka,Bolachas de chocolate leite,Embalagem de 150g,1.99,13.27,0,kg,€/Kg,,,https://driveimg1.intermarche.com/pt/Content/images/boitmal/produit/zoom/68C2EAA0B61613263D0B262211481B16.jpg,,,2024-10-09T23:59:59.999999999+01:00,PROSPECTUS,13,4,,,
